4836 6504
871 480 1109 539 HE1NRICH
1131 480 1170 535 II.
1212 476 1307 534 1007.
1855 468 1918 531 175

262 678 313 727 bac
334 684 445 726 nostrae
466 677 640 726 auctoritatis
659 674 809 745 preceptali
829 676 939 741 pagina,
959 681 1040 740 prout
1058 673 1161 723 firmius
1180 686 1336 738 possumus,
1355 663 1510 720 donamus‘¹
1529 674 1614 734 atque
1633 670 1841 735 proprietamus,
1860 685 1916 719 om·

263 784 338 834 nium
358 783 577 833 contradictione
596 789 711 841 remota,
736 782 920 849 precipientes
938 783 1031 846 igitur,
1057 787 1089 830 ut
1112 781 1141 829 in
1160 779 1213 830 deo
1233 777 1352 828 dilectus
1375 773 1455 827 rlobis
1473 792 1539 842 sepe
1559 776 1632 845 dicte
1652 775 1725 826 sedis
1743 774 1917 825 Eberhardus

263 892 410 956 epiecopus
431 889 545 940 liberam
565 889 664 940 dehine
683 888 784 939 habeat
802 895 968 954 potestatem
987 889 1085 952 suique
1104 852 1279 936 successores
1304 884 1419 935 eundem
1444 883 1535 935 locum
1560 866 1702 932 Ababah
1725 881 1830 931 dictum
1855 898 1917 931 cum

263 997 390 1047 omnibus
410 997 577 1061 appenditiis
597 996 654 1045 suis
675 995 785 1046 tenendi
804 994 965 1061 possidendi
982 1009 1031 1044 seu
1049 992 1181 1058 quicquid
1198 993 1251 1043 sibi
1266 990 1351 1041 libeat
1363 991 1451 1041 modis
1464 990 1591 1041 omnibns
1604 990 1633 1038 in
1645 1005 1725 1039 usum
1739 990 1916 1055 episcopatus

226 1114 240 1153 a
263 1103 326 1153 inde
345 1102 470 1153 fatiendi.
501 1102 531 1152 si
550 1103 611 1166 quis
630 1101 723 1167 igitur,
742 1101 816 1166 qnod
836 1102 915 1161 absit,
935 1101 1017 1150 buius
1036 1107 1145 1151 nostrae
1162 1099 1318 1149 donationis
1335 1097 1553 1148 munificenciam
1576 1097 1716 1147 destruere
1735 1097 1794 1147 sive
1813 1095 1916 1149 violare

263 1218 409 1279 presumet,
435 1211 463 1260 in
482 1209 632 1259 novissimo
659 1209 703 1259 die
723 1214 859 1259 tormento
879 1206 1084 1274 inextinguibili
1111 1221 1203 1256 coram
1229 1204 1318 1255 oculis
1346 1205 1390 1255 dei
1417 1203 1483 1255 luat.
1528 1204 1608 1266 Quod
1633 1219 1669 1255 ne
1692 1203 1748 1263 liat,
1775 1204 1824 1255 sed
1849 1204 1917 1254 baec

263 1316 375 1366 traditio
396 1324 490 1367 nostra
514 1318 548 1367 ab
568 1317 695 1367 omnibus
714 1318 874 1382 incorrupta
893 1321 1060 1381 permaneat,
1086 1315 1156 1364 banc
1183 1320 1286 1362 cartam
1313 1312 1376 1362 inde
1400 1313 1584 1377 conscriptam
1604 1326 1685 1361 mann
1704 1312 1816 1376 propria
1835 1312 1916 1361 robo-

243 1416 355 1473 *rautes
374 1423 459 1489 sigilli
478 1426 564 1475 nostri
583 1425 753 1491 inpressione
773 1423 898 1489 insigniri
917 1422 1056 1472 iussimus.

369 1541 387 1631 ᾖ
411 1542 568 1629 Signum⁰
592 1543 702 1608 domni
726 1543 874 1607 Heinrici
898 1551 962 1622 (M.)
986 1542 1073 1627 regis
1097 1541 1313 1605 invictissimi.
1338 1537 1355 1628 ᾗ

219 1718 245 1757 10
369 1683 620 1773 {Eberhardus
645 1683 859 1749 cancellarius
882 1685 955 1748 vice
979 1683 1145 1769 Uuilligisi
1169 1682 1423 1768 archicapellani
1447 1682 1634 1768 recognovi.
1658 1679 1676 1770 ξ
1752 1682 1808 1765 (SI.
1830 1682 1871 1765 2.)

370 1828 459 1892 Data
477 1827 544 1892 kal.
561 1850 636 1894 nov.
654 1826 832 1892 indictione
849 1841 883 1908 V,
908 1849 992 1891 anno
1012 1826 1175 1891 dominice
1195 1825 1429 1890 incarnationis
1447 1838 1540 1907 nvn,
1565 1846 1650 1888 anno
1669 1846 1748 1889 vero
1767 1823 1917 1906 Heinrici

264 1934 399 1999 secundi
416 1949 470 2019 VI3
500 1945 609 1998 actum
632 1933 891 2015 Frankonofurt3
921 1932 1060 1998 feliciter
1083 1943 1205 1997 ιιιιιιιιι.Θ

1041 2269 1130 2356 147.

265 2432 440 2506 Heinrich
465 2430 612 2506 coliculi
636 2433 717 2507 dem
743 2459 815 2506 eous
846 2432 919 2506 ibus
943 2431 1189 2532 papiriudeten
1216 2431 1379 2506 Bistlzuus
1407 2430 1590 2531 chbcrp
1616 2379 1686 2505 den
1717 2427 1786 2505 Ort
1809 2430 1915 2504 Sont-

218 2591 243 2630 ιι
262 2550 355 2625 belm
381 2578 415 2624 a.
436 2551 471 2625 d.
494 2550 609 2627 Gunz.
1383 2578 1554 2649 sranius
1572 2579 1652 2638 1007
1667 2577 1827 2636 suaso
1841 2578 1869 2634 1.

372 2759 616 2835 Oripiuuidiplom
639 2760 680 2818 im
701 2760 730 2818 lc.
747 2758 954 2818 Reicltsarcltiv
976 2776 1012 2817 aa
1033 2758 1177 2817 Mincius
1201 2758 1274 2825 (A).

373 2911 546 2971 Usserrrmuu
568 2911 626 2985 Ep.
645 2911 763 2981 Bautb„
781 2911 893 2986 proleq.
911 2912 951 2970 30
969 2911 1016 2969 cit.
1034 2940 1078 2948 —
1097 2910 1178 2970 Mon.
1197 2909 1290 2968 Bcicu
1309 2910 1457 2999 28⁰,386
1476 2908 1581 2967 „⁰245
1598 2924 1652 2967 aue
1670 2908 1705 2965 A.
1727 2937 1769 2944 —
1789 2907 1916 2966 Blilrmcr

369 3018 608 3094 Rq.1026.—
632 3016 953 3093 Sturupreq.1483.

370 3170 426 3229 Bis
448 3172 508 3241 auf
525 3171 572 3230 dic
593 3190 649 3229 ‘von
667 3169 761 3229 Bul
780 3175 878 3244 naliter
900 3169 1122 3244 incipetrupcrw
1139 3168 1304 3244 Daticruup
1314 3164 1497 3244 'praebriebeu
1517 3186 1569 3226 sou
1587 3166 1659 3237 ΕΙ),
1682 3167 1821 3226 ιιιίιιιεάιι
1842 3167 1915 3225 uucb

369 3278 432 3336 dem
454 3296 508 3336 nou
527 3279 586 3337 iiim
604 3277 791 3353 cunipertus
809 3275 849 3335 D.
865 3277 923 3335 145
945 3275 1014 3335 oder
1032 3276 1105 3335 naeu
1124 3275 1315 3335 drudorum
1335 3276 1478 3349 cupierim
1497 3274 1536 3334 D.
1552 3275 1618 3333 146.
1635 3303 1680 3312 -
1700 3274 1764 3332 Zur
1781 3274 1916 3347 Dcutuup

369 3385 418 3444 dea
444 3386 631 3443 Orteuusueue
652 3385 708 3459 vpl.
726 3384 766 3442 N.
784 3384 893 3443 Archiv
916 3385 1054 3453 20,132.

370 3560 428 3632 (C.)
451 3551 469 3641 ᾖ
491 3553 531 3617 In
553 3555 685 3617 nomine
709 3564 841 3617 sanctae
866 3564 899 3617 et
921 3551 1110 3617 individuae
1135 3553 1297 3617 trinitans.
1349 3552 1525 3616 Heinricus
1549 3549 1662 3614 divina
1685 3549 1914 3636 preordinante

264 3659 436 3724 clementia
458 3682 528 3724 rex.
637 3673 830 3725 Salnberrimis
854 3674 939 3738 igitur
957 3675 1029 3724 sacri
1055 3673 1159 3739 eloquii
1185 3674 1407 3724 institutionibus
1433 3673 1574 3723 erudimur
1600 3678 1628 3721 et
1653 3663 1857 3737 admoflnemur,
1884 3679 1915 3720 nt

264 3779 426 3845 temporalia
445 3779 631 3844 relinquentes
653 3782 725 3830 bona
744 3788 772 3831 et
790 3790 899 3831 terrem
918 3788 1117 3845 postponentes
1143 3782 1287 3832 commoda
1305 3788 1417 3831 aeterna
1436 3786 1464 3830 et
1488 3780 1548 3829 sine
1568 3779 1621 3828 tine
1647 3794 1775 3828 mansura
1800 3776 1914 3828 incelis

219 3896 245 3935 to
264 3885 423 3936 studeamus
442 3887 558 3952 adipisci
577 3888 749 3938 consistoria.
791 3889 967 3953 Quapropter
986 3904 1035 3937 nos
1055 3889 1199 3938 dominicis
1219 3904 1274 3937 non
1293 3888 1406 3937 surdum
1425 3886 1548 3936 auditum
1566 3886 1712 3953 prebentes
1732 3886 1868 3951 preceptis
1888 3892 1915 3935 et

264 3993 368 4043 deificis
388 3993 601 4059 obtemperando
621 3993 793 4044 intendentes
813 3996 988 4045 suasionibus
1008 3995 1144 4059 quendam
1163 4002 1273 4045 uestrae
1300 4004 1430 4061 pateruae
1457 3993 1616 4044 hereditatis
1644 3992 1734 4043 locum
1754 3993 1915 4043 Babeberc⁸

264 4100 367 4149 dictum
387 4101 414 4148 iu
432 4100 523 4150 sedem
541 4107 569 4149 et
585 4100 692 4151 culmen
709 4102 885 4167 episcopatus
902 4100 1074 4151 sublimando
1092 4104 1265 4167 proveximus
1283 4108 1311 4151 et
1326 4102 1450 4151 Romana
1466 4102 1632 4151 auctoritate
1649 4108 1732 4165 atquc
1751 4097 1914 4149 venerabilis

263 4208 387 4256 Heinrici
408 4207 649 4271 Vvirciburgensis
673 4209 797 4272 episcopi
823 4223 958 4258 consensu
984 4224 1016 4257 ac
1041 4210 1101 4273 pari
1128 4210 1320 4274 communique
1346 4210 1467 4258 omnium
1493 4209 1579 4258 nostri
1604 4206 1726 4258 fidelium
1751 4214 1807 4257 tam
1826 4206 1913 4257 archi·

264 4315 457 4380 episcoporum
481 4329 562 4378 quam
591 4315 783 4379 episcoporum
811 4315 996 4378 abbatumque
1029 4330 1079 4364 nec
1107 4331 1161 4366 non
1196 4315 1297 4365 ducum
1326 4322 1353 4366 et
1381 4316 1511 4365 comitum
1538 4314 1667 4365 consultu
1693 4315 1860 4379 decretoque
1886 4316 1914 4363 in

218 4430 244 4469 uo
263 4421 394 4471 honorem
413 4427 526 4470 sauctae
545 4420 590 4470 dei
615 4422 756 4486 genitricis
775 4421 879 4470 Mariae
906 4428 1117 4486 sanctorumque
1144 4423 1332 4488 apostolorum
1351 4424 1426 4473 Petri
1453 4430 1480 4473 et
1499 4422 1580 4472 Pauli
1605 4438 1656 4472 nec
1682 4439 1738 4473 non
1765 4427 1912 4488 martyrum
1991 4420 1994 4427 '

263 4527 366 4578 Kiliani
383 4536 466 4593 atque
484 4527 578 4578 Georii
595 4526 777 4577 stabilivimus
794 4538 821 4577 et
838 4529 1087 4589 corroboravimus,
1106 4536 1178 4579 utet
1194 4531 1263 4580 inibi
1280 4536 1401 4580 nostrum
1417 4536 1616 4596 parentumque
1632 4539 1787 4580 nostrorum
1804 4527 1913 4580 celebre

262 4636 410 4687 baberetur
435 4633 592 4685 memoriale
619 4642 646 4685 et
671 4636 744 4700 iugis
770 4652 819 4701 pro
846 4636 973 4685 omuibus
998 4637 1141 4686 ortodoxis
1166 4636 1258 4687 hostia
1284 4644 1449 4687 mactaretur
1474 4635 1611 4687 salutaris.
1661 4636 1780 4687 Proinde
1806 4636 1914 4686 noverit

263 4744 384 4794 omnium
404 4744 492 4793 nostri
511 4742 631 4792 fidelium
652 4750 706 4793 tam
731 4759 843 4809 presens
870 4750 928 4793 etas
955 4758 1036 4807 quum
1060 4756 1077 4788 r
1104 4758 1267 4793 successura
1292 4745 1448 4810 posteritas,
1474 4745 1540 4808 quia
1567 4761 1616 4795 uos
1641 4752 1751 4796 nostrae
1778 4743 1912 4809 quendam

262 4852 438 4917 proprietatis
459 4849 549 4899 locum
570 4834 759 4900 Suntheimb
778 4850 882 4899 dictum
902 4850 930 4898 iu
950 4866 1022 4915 pago
1042 4835 1204 4900 Durihil]b
1227 4858 1254 4901 et
1277 4853 1305 4901 iu
1324 4853 1456 4902 comitatu
1476 4838 1615 4901 lelnib
1635 4855 1743 4903 comitis
1769 4854 1852 4901 situm
1878 4850 1912 4900 sd

217 4963 244 5004 u>
263 4959 376 5010 eandem
396 4974 480 5024 snpra
499 4958 600 5007 dictam
620 4956 805 5024 episcopalem
825 4958 917 5007 sedem
938 4958 1097 5008 Babenberc
1124 4958 1225 5009 dictam
1251 4975 1305 5010 una
1330 4975 1392 5010 cum
1419 4961 1545 5011 omnibus
1572 4962 1631 5011 eius
1656 4962 1828 5026 pertinentiis
1854 4961 1912 5009 siue

262 5066 438 5123 adherentiia,
464 5064 595 5115 videlicet
614 5066 684 5114 vicis
702 5063 776 5115 viliis
795 5063 938 5115 aecclesiis
958 5066 1044 5114 servis
1064 5073 1092 5115 et
1110 5064 1218 5115 ancillis
1238 5068 1309 5116 areis
1328 5068 1460 5117 aedificiis
1479 5069 1559 5118 terris
1582 5067 1664 5117 cultis
1684 5074 1711 5117 et
1729 5067 1842 5118 incultis
1861 5068 1912 5116 viis

261 5174 344 5222 inviis
364 5158 483 5221 exitibus
509 5178 537 5222 et
554 5172 689 5222 reditibus
709 5173 842 5236 quaesitis
862 5169 905 5221 vel
925 5172 1097 5237 inquirendis
1116 5171 1194 5222 silvis
1213 5174 1362 5224 forestibus
1387 5175 1492 5239 saginis
1511 5177 1705 5225 venationibus
1726 5176 1804 5240 aquis
1823 5176 1911 5241 pisca-

262 5281 383 5330 tionibus
409 5278 487 5331 molis
514 5279 677 5329 molendinis
703 5280 785 5329 rebus
804 5277 952 5330 mobilibus
979 5288 1006 5330 et
1029 5278 1216 5329 immobilibus
1235 5298 1268 5329 ac
1295 5283 1394 5331 ceteris
1420 5283 1545 5332 omnibus
1571 5298 1643 5347 quae
1669 5284 1720 5332 rite
1746 5284 1830 5333 scribi
1858 5281 1914 5332 aut

261 5387 394 5456 appellari
408 5394 524 5453 possunt
536 5386 718 5452 quoquolibet
734 5386 816 5436 modo
834 5385 1011 5447 utilitatibus,
1028 5387 1080 5437 huc
1097 5394 1207 5437 nostrae
1225 5389 1399 5438 auctoritatis
1415 5388 1566 5455 preceptali
1584 5391 1693 5455 pagina,
1712 5397 1794 5457 prout
1810 5391 1912 5440 firmius

215 5508 243 5546 tu
260 5512 414 5565 possumus,
434 5496 568 5547 donamus
588 5504 670 5561 atque
688 5496 896 5562 proprietamus,
916 5496 1036 5546 omnium
1057 5495 1274 5546 contradictione
1292 5502 1406 5556 remota,
1425 5497 1607 5562 precipientes
1625 5498 1718 5563 igitur,
1738 5506 1768 5548 nt
1787 5499 1866 5548 nobis
1886 5499 1914 5547 in

333 5667 396 5724 tto.
422 5667 450 5733 d)
473 5669 538 5721 aber
560 5668 617 5720 und
640 5674 718 5720 auter
735 5684 878 5736 possumus
902 5668 959 5720 ssd
975 5668 1105 5721 nomam
1123 5684 1140 5720 o
1158 5670 1216 5720 aad
1234 5688 1252 5723 n
1271 5669 1471 5723 condonamus
1491 5672 1616 5724 aaaron
1706 5674 1732 5741 e)
1755 5674 1806 5727 due
1828 5691 1913 5740 pause

420 5740 593 5793 Eeebctokell
609 5756 658 5793 rou
676 5740 757 5795 Bul
771 5740 976 5806 undiquesecus.

332 5828 393 5885 147.
419 5827 567 5900 [Breeslan]
603 5830 670 5897 ald
744 5827 773 5897 b)
792 5831 822 5880 ia
839 5829 928 5893 dusslr
944 5829 1075 5895 penem
1092 5830 1184 5883 usca
1200 5847 1249 5885 eeu
1268 5831 1323 5884 ΕΙ)
1340 5832 1535 5899 mtbpstrepeu
