4760 6512
515 363 581 427 340
1120 371 1581 429 KAISERURKUNDEN.

515 573 689 638 presencium
715 587 747 622 ac
770 573 926 622 futurorum
951 572 1067 622 devocio
1093 574 1209 633 noverit,
1234 571 1354 637 qualiter
1372 557 1503 621 Ylarlus
1530 572 1616 621 abbas
1636 571 1745 622 cenobii
1765 569 1865 620 Christi
1884 571 2010 635 martyris
2030 571 2170 621 L'incentii

516 680 598 730 situm
617 680 646 728 in
665 679 804 729 territorio
818 680 1015 729 Beneuentano
1034 694 1117 743 super
1135 680 1247 729 fluvium
1261 678 1428 730 Uulturnum
1447 684 1567 729 nostram
1584 673 1700 728 adiensb
1717 676 1908 728 celsitudinem
1925 675 2025 727 detulit
2040 684 2170 743 precepta

517 800 708 851 processeram
733 793 890 836 nostrorum
914 785 1110 850 imperatorum
1134 781 1185 835 et⁰
1209 800 1314 852 regum,
1339 784 1470 835 videlicet
1487 784 1634 844 Desiderii,
1654 783 1755 844 Caroli,
1779 784 1914 835 Lodouici
1936 790 2019 848 atque
2038 784 2169 844 Lothsrii,

518 908 566 957 per
584 887 659 956 quell
678 891 855 942 contuleruut
874 908 907 941 ex
926 893 983 941 suis
1002 893 1084 943 rebus
1103 893 1132 943 in
1152 892 1287 957 prefatum
1307 893 1502 943 monasterium
1521 906 1555 941 sc
1574 891 1804 942 confirmaverunt
1823 906 1865 942 res
1884 898 1912 941 et
1927 892 2116 956 possessiones
2131 891 2169 940 ibi

518 1014 535 1047 u
553 998 722 1064 principibus
742 999 858 1049 dacibus
877 996 1046 1063 reliquisque
1065 998 1193 1050 fidelibus
1209 998 1334 1050 collatas.
1365 999 1445 1049 Unde
1458 997 1599 1063 pressisse
1614 997 1699 1048 abbas
1712 1003 1832 1048 nostram
1845 998 1970 1048 exoravit
1982 996 2170 1056 clemenciam,
2186 1010 2199 1049 c

518 1110 548 1153 ut
574 1105 668 1155 eadem
694 1112 826 1170 precepta
852 1120 884 1155 ac
909 1103 1012 1169 legales
1031 1106 1199 1171 scripciones
1218 1122 1269 1157 nec
1287 1122 1343 1156 non
1361 1105 1458 1171 predia
1483 1121 1531 1169 per
1550 1104 1672 1155 diversas
1690 1104 1758 1155 fines
1784 1105 1861 1168 regni
1879 1102 1972 1154 Italici
1991 1105 2170 1154 coniacencis

518 1206 626 1260 eidemf
641 1212 758 1262 cenobio
772 1210 875 1262 collate
888 1228 936 1278 per
949 1218 1041 1262 nostre
1056 1212 1276 1263 confirmacionis
1288 1220 1448 1278 preceptum
1466 1213 1494 1261 in
1508 1211 1644 1277 prefatum
1656 1208 1841 1261 venerabilem
1855 1210 1944 1260 locum
1957 1211 2169 1261 concederemus

518 1324 546 1368 et
564 1317 793 1369 confirmaremus.
825 1318 911 1368 Cuius
930 1320 1114 1384 peticionibus
1133 1320 1258 1369 faventes
1277 1335 1327 1384 pro
1347 1320 1391 1369 dei
1410 1334 1502 1369 amore
1522 1319 1728 1383 animarumque
1744 1324 1898 1368 nostrerum
1916 1317 2035 1367 remedio
2052 1333 2102 1382 per
2117 1317 2169 1367 hoc

518 1433 610 1476 nostre
630 1426 849 1477 confirmacionis
868 1432 1036 1491 preceptum,
1062 1432 1144 1492 prout
1169 1427 1242 1476 iuste
1268 1422 1319 1476 ei⁰
1349 1424 1475 1490 legaliter
1499 1440 1653 1491 possumus,
1680 1425 1855 1475 concedimus
1881 1430 1909 1474 et
1927 1423 2118 1475 confirmamus
2136 1440 2169 1474 sc

518 1534 626 1598 penitus
656 1533 865 1583 corroboramus
893 1533 922 1581 in
951 1533 1075 1598 predicto
1105 1534 1222 1584 cenobio
1251 1532 1351 1582 Christi
1379 1533 1505 1596 martyris
1533 1532 1676 1581 L'inceutii
1704 1532 1795 1581 omnia
1822 1538 1953 1597 precepta
1980 1546 2167 1596 precessorum
2187 1541 2211 1581 ro

518 1646 672 1690 nostrorum
693 1641 887 1703 imperatorum
914 1648 942 1690 et
959 1655 1062 1703 regum,
1089 1638 1219 1690 videlicet
1237 1639 1383 1698 Desiderii,
1410 1637 1511 1699 Caroli,
1537 1638 1673 1688 Lodoaici
1699 1644 1782 1702 etque
1801 1638 1933 1698 Lotharii,
1959 1654 2053 1687 verum
2078 1646 2168 1688 tamen

518 1762 612 1796 omnes
637 1763 681 1796 res
708 1754 735 1796 et
761 1747 947 1811 possessiones
973 1761 1022 1810 per
1047 1745 1172 1796 diversos
1197 1746 1264 1796 fines
1290 1747 1368 1811 regni
1388 1744 1480 1795 Italici
1506 1740 1612 1812 positas
1631 1761 1680 1809 per
1699 1745 1793 1795 eadem
1812 1752 1943 1810 precepta
1961 1744 2005 1795 vel
2024 1743 2169 1809 quolibet&

520 1851 667 1918 legalssr
693 1854 882 1918 scripeionesss
904 1869 920 1903 a
945 1853 1117 1918 principibus
1136 1853 1253 1902 ducibus
1272 1851 1440 1917 reliquisque
1458 1851 1586 1902 fidelibus
1604 1852 1705 1902 ibidem
1725 1850 1840 1901 collatas
1859 1866 1986 1901 necnon
2005 1852 2169 1902 monasteris

519 1966 546 2009 et
565 1957 650 2010 cellas
669 1960 783 2009 inferius
802 1961 956 2010 nominatas
983 1982 1015 1993 -
1042 1959 1168 2023 primitus
1187 1957 1318 2009 videlicet
1337 1958 1509 2009 declarantes
1529 1960 1602 2025 ipsus
1621 1959 1796 2018 hereditates,
1819 1974 1873 2023 que
1892 1957 2063 2008 circumdant
2080 1960 2168 2024 ipsum

518 2067 720 2125 monasterium,
745 2082 795 2132 per
813 2066 861 2115 has
881 2081 990 2130 quoquc
1010 2064 1090 2115 lines:
1117 2066 1266 2130 incipiente
1286 2066 1379 2130 itaque
1400 2066 1521 2115 alluvio
1541 2067 1587 2130 qui
1607 2065 1708 2115 dicitur
1727 2065 1841 2130 sangro,
1867 2066 1965 2115 deinde
1990 2081 2039 2131 per
2065 2074 2209 2118 montesis

518 2172 645 2239 puplicos
667 2174 800 2237 usquein
819 2180 910 2222 monte
930 2174 977 2237 qui
997 2173 1099 2222 dicitur
1116 2172 1197 2230 Asse,
1223 2177 1251 2221 et
1270 2173 1309 2221 sic
1329 2170 1489 2222 revolvente
1508 2177 1599 2221 monte
1619 2172 1714 2221 codem
1739 2186 1825 2235 usquc
1852 2172 1880 2220 iu
1899 2172 1983 2222 fluvio
2002 2173 2049 2237 qui
2068 2173 2169 2222 dicitnr

518 2278 612 2339 Mella,
641 2288 669 2330 et
694 2280 923 2344 quemadmodum
949 2279 1071 2329 decurrit
1096 2279 1157 2343 ipsa
1175 2277 1260 2328 Melia
1285 2294 1372 2342 usque
1399 2279 1446 2327 ubi
1473 2278 1616 2342 coniungit
1642 2293 1671 2327 se
1697 2293 1760 2327 cunr
1784 2292 1869 2343 parvo
1894 2278 1979 2328 fluvio
2003 2280 2051 2343 qui
2070 2280 2170 2329 dicitur

518 2385 673 2446 Mellarino,
694 2392 722 2435 et
740 2385 839 2435 abhinc
861 2386 890 2434 in
911 2386 1014 2435 vertice
1036 2386 1136 2434 montis
1155 2386 1202 2449 qui
1222 2386 1323 2435 dicitur
1341 2384 1469 2443 Barbula,
1489 2392 1517 2435 et
1535 2386 1576 2434 sic
1595 2400 1644 2450 per
1662 2383 1756 2434 cilium
1775 2386 1874 2435 montis
1894 2385 2017 2435 eiusdem
2037 2388 2169 2450 usquein

519 2498 638 2543 montem
657 2493 812 2542 Archnnum
832 2498 859 2542 et
878 2498 997 2541 montem
1014 2491 1121 2541 Marthe
1140 2497 1315 2555 montemque
1334 2490 1441 2552 Oesale,
1461 2506 1564 2556 eosque
1585 2489 1715 2541 videlicet
1734 2499 1840 2541 montes
1867 2492 2036 2542 extrinsecus
2056 2495 2168 2542 circum·

518 2599 615 2649 dantes
634 2599 662 2648 iu
682 2604 771 2648 ortum
791 2613 878 2662 usque
898 2599 1011 2662 riaginis
1030 2596 1194 2648 Rauennola
1213 2599 1261 2662 qui
1280 2599 1444 2657 nominatur,
1471 2604 1498 2647 et
1517 2615 1533 2647 a
1553 2599 1642 2663 capite
1662 2598 1783 2647 eiusdem
1803 2598 1916 2662 riaginis
1934 2599 2078 2649 uenientes
2096 2601 2170 2648 iuxta
2187 2612 2210 2649 ro

518 2713 624 2755 montes
650 2704 776 2771 puplicos
802 2706 831 2754 in
857 2712 976 2755 montem
1003 2720 1089 2770 usqne
1110 2704 1290 2755 Bcualranam
1317 2706 1363 2769 qui
1390 2710 1431 2754 est
1456 2720 1538 2770 super
1564 2705 1668 2763 urbem,
1695 2704 1790 2754 eodem
1815 2721 1882 2755 vero
1902 2703 2061 2755 revolvente
2080 2714 2169 2756 monte

519 2813 654 2877 usquein
674 2811 768 2861 cilium
788 2813 887 2861 montis
907 2812 954 2876 qui
975 2820 1016 2861 est
1035 2827 1118 2877 super
1137 2816 1237 2861 terram
1257 2827 1310 2876 que
1329 2817 1446 2861 vocatur
1464 2812 1577 2870 Arcora,
1604 2826 1657 2875 que
1677 2818 1719 2860 cst
1738 2809 1856 2860 ecclesie
1875 2810 2013 2861 hereditas
2035 2806 2169 2875 [sancte]¹¹

519 2919 563 2968 dei
591 2918 733 2981 genitricis
761 2918 847 2968 Mario
876 2933 929 2982 que
955 2916 1098 2968 Oliuetum
1126 2924 1250 2977 vocatur,
1278 2919 1405 2968 subiecta
1433 2912 1550 2983 prelati¹
1581 2918 1748 2976 monasterii,
1777 2924 1804 2965 et
1833 2916 1951 2967 ecclesie
1978 2918 2169 2969 nichilominus

517 3024 656 3075 hereditas
676 3030 770 3074 sancte
790 3024 908 3074 cristine
927 3025 1037 3075 subdita
1057 3025 1179 3074 eiusdem
1205 3026 1315 3075 cenobii
1340 3040 1401 3074 curn
1427 3023 1530 3073 inclitis
1556 3025 1702 3074 territoriis
1726 3027 1828 3074 suiset
1852 3040 1914 3074 cum
1933 3023 2046 3088 reliquis
2064 3025 2168 3081 linibus,

520 3131 580 3195 ipsa
599 3130 736 3181 hereditas
756 3131 926 3181 circumdata
944 3132 972 3181 iu
991 3131 1074 3181 fluvio
1095 3147 1182 3195 nsque
1202 3130 1352 3192 Uulturn03
1380 3147 1441 3181 nam
1464 3132 1564 3181 iterum
1589 3148 1622 3181 ex
1641 3129 1697 3181 alia
1716 3138 1793 3196 perte
1811 3130 1959 3181 inchoante
1978 3148 1994 3181 a
2013 3134 2101 3197 prima
2118 3133 2168 3182 line
2185 3141 2209 3182 ἥ

520 3252 583 3287 cum
601 3239 656 3287 iam
676 3237 750 3288 dicto
770 3237 854 3287 fluvio
874 3237 980 3302 Sangro
1007 3238 1124 3303 ipsoque
1145 3235 1317 3301 relinquente
1341 3238 1478 3302 quomodo
1499 3231 1638 3287 decurritl
1657 3253 1674 3287 a
1692 3238 1792 3287 Parum
1811 3236 1883 3287 colle
1903 3246 1931 3288 et
1949 3254 2067 3303 pergens
2085 3255 2168 3303 nsque

520 3347 548 3394 in
576 3328 693 3394 fluvl0¹
722 3345 770 3407 qui
795 3345 896 3394 dicitur
920 3342 1028 3402 Foruli,
1056 3345 1207 3409 eodemque
1234 3344 1395 3394 decurrente
1426 3329 1542 3393 fluvi0¹
1573 3360 1659 3408 usque
1683 3344 1710 3393 in
1729 3345 1814 3393 fluvio
1833 3345 1968 3403 Uunntra,
1988 3354 2016 3395 et
2034 3345 2168 3409 quomodo

520 3452 642 3501 decurrit
660 3452 749 3516 ipsum
768 3435 933 3500 fluviumm
957 3451 986 3499 in
1005 3450 1060 3501 alio
1080 3452 1191 3500 flumine
1211 3452 1283 3515 quod
1304 3449 1457 3500 Uulturnus
1477 3458 1600 3509 vocatur,
1621 3458 1648 3499 et
1667 3451 1924 3515 quemammodumn
1942 3453 2032 3517 ipsum
2052 3453 2168 3502 decurrit

520 3559 621 3608 flumen
640 3559 717 3607 iuxta
735 3564 822 3607 terras
842 3559 983 3608 eiusdem⁰
1003 3559 1160 3609 monasterii
1186 3573 1274 3622 usque
1300 3558 1328 3607 in
1353 3557 1485 3622 predictis
1511 3558 1609 3607 finibus
1636 3558 1761 3607 ottenis
1781 3558 1897 3609 ecclesie
1917 3564 2012 3609 sancte
2031 3559 2117 3609 Mario
2136 3582 2167 3594 -

520 3682 569 3731 per
588 3664 637 3714 has
657 3681 767 3730 quoquo
786 3666 853 3715 lines
872 3680 928 3716 unu
947 3682 1008 3715 cum
1027 3667 1113 3715 servis
1134 3672 1161 3715 et
1181 3663 1289 3715 ancillis
1309 3665 1515 3729 cespitibusque
1542 3665 1597 3714 suis
1623 3680 1674 3714 uec
1700 3680 1755 3715 non
1781 3672 1809 3714 et
1835 3680 1896 3715 cunr
1916 3667 2013 3716 castris
2031 3667 2168 3716 montibus
2185 3674 2209 3714 tu

520 3770 638 3823 collibus
658 3770 777 3823 vallibus
796 3774 940 3822 toronibus
960 3772 1084 3823 ecclesiis
1105 3774 1184 3837 aquis
1201 3785 1218 3817 u
1239 3772 1350 3837 pascuis
1376 3776 1404 3820 et
1429 3772 1520 3821 omnia
1544 3771 1615 3820 infru
1640 3772 1707 3836 ipsis
1726 3771 1825 3821 finibus
1844 3774 1987 3822 manencia
2006 3779 2059 3823 acl)
2078 3782 2168 3823 nostra

519 3881 642 3946 presenti
661 3881 827 3930 auctoritate
846 3881 874 3930 in
894 3875 1017 3945 prefatol
1040 3866 1258 3930 monasterlo‘l
1278 3878 1455 3930 concedimus
1469 3886 1496 3928 et
1510 3878 1710 3939 confirmamus,
1729 3881 1801 3929 sicut
1817 3880 1988 3929 iamdudum
2002 3883 2168 3946 repperimus

519 3988 547 4037 iu
572 3988 697 4053 predicto
725 3988 840 4038 cenobio
868 4002 1029 4037 concessum
1056 3994 1083 4036 et
1109 3986 1297 4036 confirmatum
1323 4002 1381 4035 esse
1408 4002 1425 4035 a
1451 3985 1550 4036 domuc
1570 3986 1713 4037 Lodouico
1740 3987 1913 4037 serenissimo
1939 3988 2104 4052 imperatore
2122 4003 2169 4053 per

518 4094 670 4160 sigillatum
696 4101 863 4160 preceptum.
906 4095 1016 4144 Interea
1045 4093 1221 4143 concedimus
1249 4093 1360 4157 insuper
1389 4098 1416 4142 et
1444 4093 1635 4141 confirmamus
1663 4094 1691 4141 in
1720 4094 1816 4143 eodem
1844 4095 2009 4144 monasterio
2036 4095 2168 4159 siqnidem

519 4202 714 4251 monasterium
733 4202 761 4251 in
780 4201 882 4252 honore
901 4202 976 4252 beati
995 4201 1071 4251 Petri
1096 4198 1213 4265 apostoli
1240 4204 1436 4258 constructum,
1463 4201 1581 4264 positum
1607 4200 1635 4247 in
1662 4197 1724 4249 loco
1744 4200 1820 4249 Trito
1846 4200 1984 4250 territorio
2004 4199 2168 4253 Uualucnsc.
2185 4203 2209 4244 ὓ

520 4316 547 4358 ct
565 4310 594 4357 in
613 4308 708 4357 Penne
728 4306 825 4357 cellam
845 4323 927 4356 unam
947 4323 1000 4372 que
1019 4313 1194 4372 nuncupatur
1212 4311 1308 4355 sancta
1327 4305 1416 4355 Maria
1441 4307 1470 4355 in
1487 4306 1613 4364 Musano,
1640 4307 1668 4355 iu
1686 4306 1796 4355 Abruso
1822 4303 1921 4356 cellam
1947 4321 2028 4356 unam
2054 4308 2083 4356 in
2109 4307 2168 4357 loco

520 4415 568 4477 qui
586 4420 703 4464 vocatur
721 4412 812 4473 Arole,
831 4414 896 4463 item
915 4420 1011 4464 sancta
1029 4414 1118 4463 Maria
1136 4415 1164 4462 in
1183 4413 1261 4463 Duas
1280 4411 1415 4461 Basilicas
1434 4398 1527 4461 iuxta
1546 4397 1727 4483 Sungrum‘
1748 4428 1797 4462 seu
1817 4418 1845 4462 ct
1863 4415 2058 4463 monasterium
2077 4420 2168 4463 sancte

521 4520 608 4570 Mario
628 4522 655 4569 in
675 4521 813 4571 territorio
833 4521 988 4570 Marsicano
1014 4522 1088 4585 quod
1113 4522 1196 4570 situm
1222 4528 1264 4569 est
1282 4520 1310 4568 in
1329 4517 1391 4569 loco
1411 4519 1574 4585 Apiuianici,
1595 4521 1678 4569 item⁸
1706 4520 1734 4568 in
1760 4519 1860 4569 linibus
1880 4520 1984 4570 Sorano
2011 4507 2167 4571 eiviiafis‘

521 4626 643 4676 inclitam
662 4624 762 4676 vallem
783 4628 916 4678 Soranum
935 4642 996 4677 cum
1017 4628 1144 4677 omnibus
1170 4625 1296 4676 ecclesiis
1322 4632 1350 4676 et
1375 4627 1552 4691 pertinenciis
1578 4627 1635 4677 suis
1661 4633 1688 4677 et
1714 4625 1775 4676 eliis
1801 4643 1863 4677 cum
1889 4626 1967 4677 cellis
1993 4634 2020 4677 ct
2045 4629 2124 4711 terris
2143 4629 2169 4676 in

522 4734 588 4798 ipsis
609 4734 821 4783 consistentibus
840 4735 963 4799 partibus
981 4733 1099 4784 subditis
1119 4733 1241 4783 eiusdem
1261 4733 1370 4782 cenobii
1388 4749 1439 4798 per
1458 4734 1582 4797 cognitas
1603 4733 1678 4794 lines,
1704 4735 1777 4783 sicut
1796 4740 1926 4799 precepta
1945 4734 2086 4785 eiusdcm⁰
2106 4750 2167 4783 con·
2185 4740 2210 4779 to

591 4924 655 4978 286.
682 4925 711 4991 b)
731 4923 844 4975 audiens
864 4927 888 4975 A
950 4926 975 4985 c)
992 4926 1018 4975 A
1033 4950 1062 4966 :s
1079 4924 1157 4981 NL'.,·
1176 4939 1207 4973 ac
1224 4922 1283 4976 Vc'.
1339 4921 1367 4983 ll)
1390 4923 1465 4981 NU.;
1483 4939 1566 4988 quern
1586 4926 1609 4973 A
1672 4923 1729 4976 ΓΠ,
1786 4924 1811 4989 e)
1829 4922 1948 4992 prefatas
1967 4926 1992 4975 A
2050 4923 2076 4983 il
2094 4925 2123 4975 N
2126 4923 2169 4979 U:

679 4994 753 5047 idem
773 4996 797 5047 A
813 5020 843 5037 =
857 4996 913 5049 VU.
969 4996 998 5059 g)
1018 4998 1042 5046 A
1059 5020 1089 5036 τ
1105 4995 1165 5045 NU.
1183 4999 1248 5044 stau
1267 4992 1339 5059 quol.
1358 4992 1441 5059 legali
1456 4993 1619 5060 scriptiones
1635 4996 1664 5044 ia
1682 4994 1750 5057 Vsu,
1769 4995 1821 5047 das
1836 5011 1886 5045 uass
1901 4994 1975 5062 quoi
1993 4994 2075 5064 legali
2091 4994 2168 5046 titulo

681 5065 837 5133 scriptionis
853 5069 882 5118 in
896 5068 951 5119 Do,
964 5066 985 5119 I.
996 5066 1068 5116 245⁰
1081 5065 1193 5116 mistellt
1207 5067 1240 5115 iet
1294 5064 1324 5131 h)
1342 5065 1398 5116 l'U.
1410 5089 1438 5106 -τ
1451 5065 1530 5123 NU.,·
1549 5064 1615 5127 fehlt
1628 5069 1655 5116 in
1669 5066 1694 5116 A
1749 5064 1770 5133 i)
1787 5064 1912 5133 prephat.
1924 5068 1948 5117 A
2002 5065 2031 5135 k)
2049 5064 2168 5119 decernit

681 5142 706 5190 A
722 5164 751 5181 =
766 5138 833 5203 VU,
853 5139 910 5188 und
928 5138 1019 5189 abaco
1035 5137 1062 5191 S,
1073 5140 1124 5187 341
1138 5137 1169 5188 Z.
1181 5139 1204 5189 9.
1219 5138 1267 5197 13,·
1285 5152 1322 5185 an
1338 5137 1386 5185 der
1398 5142 1483 5186 ersten
1496 5136 1571 5187 Stella
1584 5136 1660 5187 kebrt
1672 5136 1720 5187 der
1731 5137 1829 5188 Feltler
1840 5137 1909 5188 aucis
1922 5139 1951 5188 in
1963 5153 2075 5188 anseres·
2090 5126 2168 5189 l’ue-

682 5210 815 5275 iieferunp
833 5210 881 5259 der
893 5209 958 5261 ΝΗ.
972 5209 1076 5271 wiedm,
1097 5209 1126 5257 in
1144 5207 1192 5256 der
1209 5207 1252 5257 dle
1269 5205 1358 5256 beiden
1376 5207 1494 5257 antima
1506 5207 1601 5275 Stellas
1621 5207 1724 5269 feletem
1742 5224 1769 5260 os
1786 5209 1880 5271 ddrfle
1894 5207 1951 5259 ss'cls
1964 5208 2024 5258 bier
2035 5225 2081 5259 am
2097 5210 2168 5259 dnn
2183 5216 2209 5257 tl

682 5284 776 5332 immor
794 5280 978 5332 immmholten
991 5278 1142 5340 Lescfehler
1160 5279 1205 5327 des
1218 5278 1338 5344 Copr‘stea
1356 5294 1393 5327 aa
1412 5278 1461 5327 den
1475 5278 1569 5328 Stellcn
1581 5278 1706 5342 berulela,
1724 5295 1761 5330 aa
1773 5279 1884 5350 spalmis
1895 5281 1925 5330 ἐπ
1936 5281 2027 5331 selnea
2039 5279 2167 5345 Vorluom

680 5350 801 5404 decurrit
814 5352 958 5415 sepelierat
969 5349 1133 5415 pescbrr'eben
1147 5366 1206 5399 war
1260 5347 1279 5414 l)
1296 5346 1365 5399 rivio
1378 5348 1449 5413 Vc'.;
1466 5347 1564 5414 rivum,
1581 5348 1640 5399 rivo
1654 5349 1730 5415 NU.;
1748 5366 1778 5401 so
1789 5350 1854 5401 dass
1865 5350 1988 5401 viellcidu
2000 5351 2069 5401 auca
2082 5352 2111 5401 in
2122 5351 2168 5401 da·

684 5423 798 5487 Vorlaqe
814 5437 863 5473 con
875 5424 900 5472 A
917 5419 986 5471 rivio
1002 5420 1082 5471 stand
1145 5424 1183 5484 m)
1202 5417 1304 5470 flumen
1322 5419 1378 5472 l'U.
1391 5444 1422 5461 =
1437 5418 1509 5483 ΜΛ,
1528 5435 1557 5471 so
1568 5420 1632 5471 dass
1644 5437 1669 5470 es
1681 5421 1805 5473 astante
1817 5421 1886 5473 auch
1899 5423 1927 5471 in
1940 5421 1988 5471 der
2001 5421 2111 5487 Vorlops
2122 5435 2167 5472 corr

681 5496 705 5545 A
723 5493 805 5543 stand
873 5493 902 5557 n)
920 5494 944 5542 A
1009 5492 1035 5557 o)
1056 5489 1153 5551 eidem,
1173 5491 1240 5541 oliae
1258 5490 1551 5555 Ablcurauapszeichen,
1572 5492 1597 5540 A
1659 5491 1690 5557 p)
1709 5494 1743 5557 A,
1762 5498 1826 5542 statt
1844 5489 1896 5543 hae
1958 5492 1988 5559 q)
2007 5495 2032 5543 A
2046 5517 2078 5536 =
2093 5492 2122 5543 N
2124 5491 2169 5547 UA

681 5563 795 5629 cenovio
812 5563 887 5623 VU.‚·
905 5562 1064 5626 apd-5134?
1082 5562 1163 5613 212
1220 5560 1243 5625 r)
1262 5560 1339 5612 inste
1358 5560 1504 5627 Sangruin,
1522 5562 1573 5613 dus
1590 5563 1619 5611 in
1637 5561 1694 5616 VU.
1713 5563 1770 5613 send
1788 5562 1850 5616 ΝΗ.
1869 5562 1935 5627 fehlt
1953 5562 2011 5613 uad
2027 5566 2058 5613 is
2077 5565 2102 5614 A
2119 5563 2172 5624 ass
2184 5571 2209 5609 ro

680 5636 774 5686 Basra·
792 5635 866 5699 stelit,
885 5635 919 5685 ist
938 5633 1066 5684 vielleiclit
1084 5648 1139 5681 nur
1151 5632 1254 5682 Zuealz
1271 5632 1316 5683 des
1329 5633 1450 5699 Caphisa
1504 5636 1527 5693 s)
1547 5633 1604 5687 Vu.
1616 5658 1647 5676 =
1662 5632 1692 5684 N
1695 5634 1740 5693 U.,·
1759 5639 1786 5685 et
1805 5636 1829 5684 A
1884 5634 1907 5703 t)
1926 5635 1952 5685 A
1965 5658 1996 5676 =
2011 5634 2090 5695 Νη·
2108 5649 2167 5685 cum

681 5705 761 5757 terris
780 5708 809 5755 in
827 5707 874 5756 der
890 5704 950 5757 VU.
970 5706 1004 5755 ist
1024 5702 1093 5753 rcohl
1110 5719 1165 5752 nus·
1183 5703 1311 5754 Verseben
1329 5703 1374 5754 cles
1392 5703 1578 5755 Abscbres'bers
