4766 6604
537 399 601 461 396
1131 400 1595 461 KAISERURKUNDEN.

645 598 703 672 (C.)
726 589 744 679 ξ
767 590 807 654 In
828 591 960 655 nomine
984 600 1117 655 sanctae
1141 600 1174 655 et
1195 587 1386 654 individuae
1404 587 1589 653 trinitatis⁸.
1627 587 1805 652 Heinricus
1824 585 1937 652 divina
1954 586 2106 652 faventeb
2124 587 2195 653 cle-

537 698 659 762 mentia
680 697 902 762 Romanorum
924 697 1101 784 imperator
1124 706 1291 783 augustus·
1390 710 1508 760 Noverit
1525 710 1646 761 omnium
1663 707 1786 759 fidelium
1804 714 1984 760 nostrorum
2004 715 2058 759 tam
2078 725 2195 775 presens

537 825 614 870 aetas
640 835 721 883 quam
747 825 775 869 et
800 834 965 869 successura
988 819 1144 885 posteritas,
1172 802 1311 890 qualiter
1340 832 1391 867 nos
1409 830 1426 863 s
1447 818 1584 883 quendam
1601 822 1711 867 nostras
1728 808 1743 882 l
1761 821 1893 882 paternae
1911 816 2071 867 hereditatis
2098 815 2195 866 locum

537 926 716 976 Babeuberc⁰
738 925 842 976 dictum
861 926 890 974 in
909 925 1001 976 sedem
1021 931 1048 975 et
1067 923 1176 975 culmen
1195 925 1371 991 episcopatus
1390 922 1562 976 sublimando
1581 924 1764 991 proveximus,
1785 937 1803 968 s
1827 924 1965 993 quedam
1990 930 2101 975 nostrae
2126 940 2195 990 pro·

537 1031 768 1100 pristetirunt,
794 1040 859 1107 que
883 1016 1100 1083 Gebehardus
1124 1039 1233 1082 comes
1259 1018 1294 1081 in
1316 1015 1513 1082 beneficium
1542 1015 1666 1099 babuit,
1695 1032 1724 1081 in
1749 1032 1882 1082 comitatu
1903 1015 2065 1103 Piligrimi
2089 1037 2117 1082 et
2143 1027 2234 1082 inde

537 1155 610 1207 pago
628 1124 826 1211 Matibgowe
848 1140 917 1190 sits
939 1124 982 1189 ad
1002 1124 1143 1190 eundem
1161 1125 1351 1189 comitamm
1372 1123 1570 1210 pertinentia
1586 1133 1775 1210 -excepto
1795 1146 1860 1189 uno
1884 1124 2051 1210 preconali
2066 1147 2196 1205 manso,

539 1232 627 1321 quod
638 1255 698 1297 nos
710 1230 928 1297 seherinhoba
939 1254 1096 1297 vocamus
1106 1271 1140 1280 -
1150 1262 1213 1296 cum
1223 1245 1349 1295 omnibus
1360 1261 1472 1296 eorum
1485 1245 1657 1311 pertiuentiis
1666 1245 1726 1296 sive
1738 1245 1903 1296 adherentiis
1920 1258 1937 1290 s
1951 1247 2034 1297 rebus
2044 1244 2198 1297 mobilibus

539 1362 567 1406 et
585 1353 762 1405 inmobilibus
787 1370 819 1404 ac
843 1355 942 1404 ceteris
962 1354 1088 1404 omnibus
1114 1369 1167 1423 quc
1192 1353 1244 1404 rite
1270 1353 1353 1404 scribi
1372 1351 1416 1404 vel
1436 1351 1570 1419 appellari
1589 1357 1705 1418 possunt
1724 1351 1905 1417 quoquolibet
1922 1353 2004 1405 modo
2023 1353 2195 1405 utilitatibus

538 1463 590 1513 hac
607 1469 717 1513 nostrae
735 1462 909 1512 auctoritatis
924 1459 1078 1528 preceptali
1094 1461 1197 1527 pagina
1211 1460 1246 1511 ad
1263 1461 1392 1511 eundem
1407 1476 1491 1525 supra
1508 1459 1626 1510 dictum
1642 1444 1748 1511 locum
1766 1459 1925 1511 Babenberc
1943 1474 1970 1523 s,
1990 1469 2071 1527 prout
2087 1461 2196 1511 firmius

537 1585 691 1637 possumus,
718 1570 851 1619 donamus
870 1573 953 1634 atque
972 1569 1182 1641 proprietamus,
1208 1568 1295 1619 omui
1321 1568 1540 1619 contradictione
1563 1573 1676 1626 remota,
1702 1567 1885 1635 precipientes
1910 1569 2002 1634 igitur,
2029 1576 2060 1619 ut
2084 1570 2111 1618 in
2139 1569 2194 1619 deo
2215 1579 2241 1618 ιο

538 1677 657 1728 dilectus
674 1689 691 1722 s
712 1678 858 1743 episcopus
876 1675 1051 1726 Eberhardns
1074 1672 1172 1748 alque
1196 1690 1371 1727 successores
1395 1675 1439 1725 sui
1465 1673 1580 1725 liberam
1605 1674 1705 1725 dehinc
1730 1674 1869 1726 babeant
1894 1682 2058 1743 potestatem
2084 1677 2195 1727 eadem

539 1782 615 1835 loca
634 1798 651 1831 s
669 1800 732 1834 cum
750 1784 876 1834 omnibus
895 1782 1066 1849 appendiciis
1084 1789 1197 1832 eorum
1215 1782 1326 1832 tenendi
1345 1782 1504 1849 possidendi
1522 1798 1572 1833 seu
1592 1783 1743 1847 quicquid⁰
1763 1783 1816 1832 sibi
1842 1780 1928 1833 libeat
1952 1785 2039 1834 modis
2065 1784 2195 1833 omuibus

538 1893 567 1942 in
585 1908 666 1942 nsum
684 1892 860 1957 episcopatus
879 1889 943 1941 inde
962 1889 1091 1940 faciendi.
1128 1889 1157 1939 Si
1176 1889 1238 1955 quis
1257 1889 1349 1955 igitur,
1375 1890 1451 1956 quod
1468 1891 1548 1950 absit,
1573 1890 1655 1941 buius
1673 1897 1783 1942 nostrae
1802 1890 1959 1942 donationis
1978 1891 2195 1942 munificentiam

540 1999 681 2049 destruere
700 1999 759 2048 sive
778 1996 884 2048 violare
903 2003 1049 2064 presumat,
1065 2007 1083 2040 t
1103 2002 1241 2047 tormento
1260 1995 1463 2062 inextinguibili
1486 2013 1581 2049 coram
1606 1995 1696 2048 oculis
1722 1997 1766 2048 dei
1792 1996 1860 2048 luat.
1897 1998 1977 2060 Quod
2002 2015 2037 2049 us
2062 1998 2119 2059 liat,
2144 1998 2197 2048 sed

539 2106 589 2176 bec
608 2105 721 2156 traditio
740 2111 835 2156 nostra
858 2105 893 2155 ab
919 2105 1045 2155 omnibus
1070 2104 1231 2169 incorrupta
1256 2110 1422 2170 permaneat,
1448 2103 1518 2154 banc
1545 2110 1648 2155 cartam
1673 2105 1738 2155 inde
1764 2106 1948 2170 conscriptam
1974 2121 2055 2155 manu
2080 2107 2238 2171 propriore

539 2213 699 2264 roborantes
718 2210 803 2277 sigilli
822 2212 909 2263 nostri
928 2211 1097 2277 inpressione
1116 2211 1245 2261 iussimus
1263 2212 1398 2276 insigniri.

646 2330 664 2420 ᾖ
688 2329 888 2396 Guntberius
912 2330 1126 2396 cancellarius
1150 2328 1193 2393 ad
1215 2329 1323 2394 vicem
1345 2328 1569 2395 Erchanbaldi
1591 2329 1867 2418 archicappellani
1889 2332 2077 2418 recognovi.
2100 2330 2120 2421 ᾖ

647 2637 737 2702 Data
758 2650 806 2700 xl.
829 2634 896 2699 kal.
919 2634 975 2698 inl.
999 2632 1176 2698 indictione
1198 2647 1250 2716 XI,
1281 2655 1366 2698 anno
1397 2632 1580 2698 dominicae
1606 2634 1838 2699 incarnationis
1862 2621 1982 2719 sixlm,
2007 2657 2194 2701 annovera

540 2745 652 2812 domni
674 2744 824 2809 Heinrici
847 2740 983 2807 secundi
1006 2741 1173 2826 regnantis
1191 2754 1254 2822 XII,
1268 2740 1408 2827 imperii
1430 2762 1509 2805 vero
1528 2755 1556 2824 13
1581 2750 1690 2806 actum
1713 2740 1919 2829 Radasponc.
2211 2775 2236 2813 ,ο

1311 2873 1358 2945 (13.
1375 2872 1418 2943 2.)

1327 3166 1415 3253 ste.

543 3340 722 3416 Heinrich
745 3339 952 3415 vertamcbt
983 3366 1032 3413 aa
1066 3340 1138 3414 den
1162 3336 1390 3437 Erzbiscbof
1406 3336 1577 3438 Hartwiq
1600 3364 1674 3412 von
1699 3335 1877 3439 Salzbcrp
1902 3339 2018 3439 cinips
2041 3340 2192 3441 Hir-ipe,

541 3489 604 3537 um
636 3461 707 3535 den
740 3457 858 3559 dafdr
890 3459 1178 3561 cispetanscbten
1211 3457 1385 3532 Kiodem
1420 3457 1481 3531 des
1513 3456 1666 3558 Unparn
1695 3457 1839 3532 Martio
1873 3459 1933 3533 die
1957 3458 2120 3534 Freibcc’t
2151 3486 2194 3534 za

542 3578 779 3679 vosctaffen.
1318 3698 1323 3707 .
1699 3604 1883 3681 sessura
1904 3606 1984 3666 1014
2000 3606 2076 3667 June
2096 3610 2149 3668 21.
2209 3625 2233 3668 s

654 3787 898 3863 Odeinddiplom
919 3787 961 3846 im
982 3786 1011 3846 lc.
1027 3786 1056 3845 lc.
1076 3785 1184 3856 Horu,
1206 3783 1284 3855 Hof·
1306 3784 1366 3843 aad
1388 3781 1588 3843 Staatsarcbiv
1609 3801 1645 3844 zu
1665 3783 1748 3843 Wiea
1772 3784 1843 3852 (A).

653 3930 858 4004 (Kleimayrn)
877 3929 1017 4000 Juvasia,
1041 3928 1116 3987 Ast.
1132 3930 1194 3987 216
1215 3931 1248 3986 πθ
1262 3929 1305 3986 86
1327 3944 1380 3987 aas
1401 3927 1438 3987 A.
1462 3957 1507 3965 -
1530 3926 1617 4002 Fejcr
1641 3926 1704 3987 OD.
1728 3927 1902 4003 Hesperiae
1924 3929 1953 3999 1,
1968 3931 2030 3988 295
2051 3948 2066 3989 e
2087 3931 2190 3989 collect.

651 4039 722 4113 dipl.
747 4037 831 4111 Prep
853 4037 907 4095 mit
929 4055 957 4095 a.
982 4038 1057 4112 imp.
1074 4037 1113 4094 V.
1137 4065 1181 4075 —
1203 4034 1331 4094 Bdlsmer
1352 4033 1424 4109 ch.
1442 4035 1529 4094 1125.
1554 4064 1598 4073 —
1621 4034 1745 4110 Stampf
1758 4035 1830 4111 Res.
1847 4037 1936 4096 1629.

655 4181 788 4253 Versasst
809 4180 869 4238 und
890 4179 1067 4254 pescirieben
1089 4196 1144 4237 von
1164 4176 1227 4248 GC,
1250 4178 1347 4236 mmm
1365 4176 1424 4237 Stil
1443 4178 1506 4237 bier
1528 4178 1588 4237 aad
1608 4178 1641 4237 in
1658 4177 1699 4237 D.
1717 4179 1776 4237 317
1794 4179 1865 4238 auci
1883 4180 2042 4239 wesemlici
2059 4197 2114 4239 oon
2132 4179 2191 4238 dero

651 4288 783 4358 Dinfims
805 4287 854 4346 des
878 4286 936 4346 GB
958 4286 1099 4360 abtum
1121 4286 1169 4344 ist.
2208 4291 2232 4331 so

651 4461 709 4539 (C.)
733 4454 750 4544 ξ
773 4456 812 4520 In
840 4455 971 4519 nomine
1002 4460 1134 4519 sanctae
1165 4466 1198 4518 et
1226 4453 1396 4540 individue
1425 4454 1589 4519 trinitatis.
1634 4455 1798 4520 Henricus
1829 4456 1941 4520 divina
1968 4455 2100 4521 favente
2131 4453 2190 4520 cle·

545 4565 667 4630 mentia
696 4563 915 4627 Romanorum
942 4562 1119 4649 imperator
1148 4558 1357 4650 augustus}
1465 4560 1579 4627 Sciant
1608 4584 1720 4627 omnes
1749 4562 1864 4627 fideles
1894 4564 1996 4628 nostri
2025 4574 2189 4651 presentes

544 4672 668 4759 pariter
690 4679 788 4756 atque
811 4668 920 4751 futuri,
945 4668 1084 4755 qualiter
1105 4691 1165 4732 nos
1184 4691 1257 4732 cum
1273 4666 1453 4733 venerabili
1470 4669 1716 4756 archispiscopo
1733 4668 1966 4756 salzburgensi
1980 4669 2189 4754 Hurdauuigo

545 4779 675 4843 nomine
698 4775 925 4842 concambium
944 4775 1109 4863 quoddam
1127 4774 1275 4839 fecimus.
1313 4775 1399 4840 Nam
1414 4774 1621 4862 Ungaricus⁸
1644 4776 1777 4863 quidem
1795 4776 1956 4842 Martinus
1978 4778 2118 4859 nominc,
2137 4797 2189 4839 an·

546 4885 621 4951 cilla
649 4885 752 4971 ipsius
782 4884 817 4946 in
844 4883 1031 4969 coniugium
1054 4868 1213 4968 accepta,¹
1232 4904 1275 4946 ex
1305 4904 1346 4947 ea
1373 4881 1457 4947 filios
1480 4884 1675 4969 procreavit,
1706 4906 1843 4970 quorum
1865 4885 1998 4948 nomina
2019 4884 2081 4973 hec
2104 4891 2187 4948 sunt:
2205 4898 2229 4941 ss

545 4990 777 5079 Reginprehtb‚
794 4988 1042 5076 Vuerenpurch,
1059 4988 1235 5075 Vviginan,
1258 4989 1436 5072 Hereman,
1460 4989 1560 5055 Nono.
1601 4989 1691 5071 Quos
1714 5002 1829 5077 postea
1847 4989 2020 5055 abiuneta
2039 4991 2188 5055 servitute

545 5123 604 5186 pro
627 5098 827 5163 helemosina
848 5108 959 5162 nostra
981 5095 1179 5160 redimentes
1207 5095 1313 5159 eidem
1344 5096 1590 5183 archiepiscopo
1620 5097 1762 5184 quedem
1791 5098 1893 5162 nostri
1921 5098 2000 5161 iuris
2029 5094 2189 5182 mancipia

545 5230 604 5293 pro
634 5205 846 5271 retributione
876 5204 910 5267 in
940 5203 1107 5290 proprium
1137 5204 1373 5284 concessimus,
1404 5226 1541 5290 quorum
1569 5205 1702 5268 nomina
1731 5203 1845 5268 subtus
1875 5204 1997 5290 scripta
2025 5204 2187 5268 videntur:

545 5312 639 5378 Palci
657 5323 690 5377 et
707 5336 791 5376 uxor
810 5313 879 5376 eius
899 5311 1001 5391 Heza,
1020 5309 1104 5374 Enni
1123 5321 1156 5373 et
1173 5332 1258 5374 uxor
1277 5311 1346 5374 eius
1366 5309 1473 5392 Sicca,
1491 5310 1585 5375 Ecba
1604 5321 1636 5375 et
1654 5326 1690 5375 vl
1710 5310 1769 5375 filii
1787 5310 1915 5376 illarum
1932 5300 1975 5377 l'i'l
1993 5310 2186 5375 mulierum·

545 5420 590 5484 Et
612 5431 648 5485 ut
669 5420 731 5509 hec
754 5429 863 5508 nostre
887 5417 1146 5483 commutationis
1170 5418 1346 5481 auctoritas
1375 5441 1436 5505 per
1465 5419 1687 5483 successiones
1717 5429 1900 5506 temporum
1929 5417 2054 5483 stabilis
2084 5429 2117 5482 et
2143 5415 2186 5478 in·
2201 5429 2226 5469 ω

617 5615 682 5672 alt.
706 5614 852 5685 [Bresslau]
895 5618 922 5683 a)
942 5614 1069 5667 dohintcr
1086 5617 1129 5666 eta
1148 5613 1239 5666 stret
1257 5615 1413 5666 semodios-t
1472 5613 1502 5681 b)
1524 5631 1542 5667 n
1560 5614 1625 5666 siber
1643 5616 1691 5667 der
1708 5616 1780 5668 Zeila
1797 5614 1992 5682 merorem
2051 5617 2077 5681 c)
2098 5632 2112 5667 r
2129 5610 2187 5664 eber

706 5689 755 5739 der
771 5688 844 5740 Zeile
860 5688 1054 5753 comparasse
1125 5684 1155 5752 d)
1175 5685 1301 5737 dobinter
1319 5686 1413 5737 Raeur
1484 5688 1510 5753 e)
1526 5686 1576 5738 das
1593 5693 1661 5739 arete
1678 5686 1688 5739 i
1706 5687 1770 5739 ether
1788 5688 1836 5739 der
1853 5687 1927 5739 Zes'le
1943 5687 2142 5752 aadapstropen.

617 5776 682 5832 sle.
708 5775 855 5846 [Bresslau]
893 5777 919 5843 a)
941 5791 1045 5829 aomr.
1063 5791 1148 5827 ause
1219 5771 1450 5843 b)Reginpt’1tA
1522 5776 1548 5843 c)
1565 5775 1575 5828 l
1592 5777 1680 5840 soseri
1697 5792 1766 5830 sorr.
1785 5792 1869 5827 cuer
