4800 6516
1071 457 1536 513 KAISERURKUNDEN.

583 660 643 728 aas
660 656 870 732 lturolt'rtqiselte
890 654 1094 713 isara-kuneias
1119 653 1234 711 caracle.
1275 652 1334 711 Die
1348 651 1641 723 Iramunitdtsforntel
1662 653 1772 711 stiram!
1796 653 1918 723 rielfuclt
1938 652 1991 710 mit
2010 652 2073 710 deta
2089 650 2129 711 D.

582 764 722 838 mutas
751 764 800 821 des
828 762 981 821 Fratrtmea
1015 780 1068 819 coa
1101 761 1163 818 8:23
1195 760 1397 825 (ilullbcclicr
1426 759 1497 834 Ray.
1530 760 1603 825 755)
1636 760 1696 817 trad
1725 760 1785 818 dem
1818 758 2057 833 aldclmatendea
2087 757 2129 818 D.

585 870 679 929 Karls
702 868 766 928 ΙΙΙ.
798 888 851 928 con
882 870 946 926 882
970 867 1173 933 (Malibaclter
1196 865 1266 941 Rea.
1293 867 1384 931 1599)
1416 866 1549 938 tibereum
1578 867 1623 924 ein
1657 866 1720 924 Teii
1750 868 1802 925 der
1824 866 1970 925 Narratio
1998 866 2037 924 ist
2066 866 2132 924 seir

583 976 732 1035 amendi
755 977 808 1034 mit
830 976 893 1033 dero
915 974 956 1033 D.
982 974 1120 1048 meletias
1143 974 1191 1031 des
1210 972 1368 1030 Deutsclen
1393 992 1445 1032 coa
1469 974 1531 1031 855
1555 971 2130 1047 (11111111α11111·1119.1371);(1110111-

584 1084 729 1141 roboratt'o
761 1083 867 1140 lotrad
896 1082 1056 1155 deijetriyea
1088 1099 1140 1138 roa
1172 1079 1360 1137 iluilbuclrer
1382 1079 1453 1153 Rea.
1479 1080 1555 1137 11139
1585 1079 1675 1149 trale;
1706 1079 1816 1138 ertdlt'clt
1847 1077 1942 1151 fierden
1971 1079 2031 1137 siclt
2061 1078 2129 1137 aoclr
2154 1093 2167 1130 a

584 1189 700 1247 manche
722 1188 827 1247 andere
851 1189 918 1246 iiber
940 1188 991 1245 dett
1019 1187 1093 1245 Text
1115 1191 1268 1244 eerstreute
1290 1186 1457 1244 Atadriiclte
1479 1186 1509 1243 ia
1534 1186 1640 1244 ulterea
1667 1184 1802 1244 Correicr
1824 1184 1895 1243 DD.
1921 1185 2035 1254 acreda,
2062 1185 2132 1243 oiae

584 1295 652 1354 dass
673 1295 734 1353 siclt
757 1295 896 1353 baritana
918 1312 1002 1368 sapas
1026 1294 1108 1362 idest,
1131 1293 1232 1351 rrelclte
1254 1293 1397 1351 derselben
1419 1292 1530 1350 beardzt
1552 1293 1665 1350 worden
1689 1292 1765 1361 siud,
1788 1293 1883 1350 zarrtal
1905 1293 1959 1350 mit
1975 1290 2132 1349 Siclerlter't

583 1420 781 1476 eaqatomtaea
803 1401 912 1459 u·erdcn
931 1400 1019 1469 lauit,
1042 1400 1110 1457 dass
1128 1400 1189 1457 cirre
1211 1399 1280 1457 oder
1298 1399 1424 1456 oteltrcre
1447 1398 1524 1456 aiclt
1546 1399 1688 1457 et‘lulteae
1710 1399 1785 1457 eclrte
1804 1399 1969 1468 i'rltaadcra
1992 1398 2132 1456 datuater

585 1508 659 1567 tcoltl
689 1508 749 1565 et'ae
778 1507 825 1565 die
851 1506 974 1565 Zelatea
1006 1506 1185 1579 betrcffeude‚
1215 1506 1267 1563 der
1293 1505 1417 1564 Kuazlet‘
1447 1504 1604 1563 Heirtru'cls
1626 1505 1671 1563 ΙΙ.
1704 1506 1863 1580 rctpeleyen
1894 1506 1992 1563 habea
2044 1504 2132 1563 Crem·

584 1614 677 1672 diesen
699 1613 871 1672 t'trtsluadea
896 1613 983 1671 iuben
1008 1613 1138 1670 11111111
1156 1613 1202 1669 die
1224 1614 1277 1669 tait
1295 1612 1347 1669 der
1362 1611 1533 1669 Irataanita't
1551 1611 1690 1685 Ladnt'ps
1707 1612 1735 1670 d.
1754 1612 1807 1670 Fr.
1833 1611 2130 1670 iiberet'astimmeadea
2152 1628 2177 1663 ra

591 1719 688 1779 Worte
705 1720 754 1778 des
769 1719 843 1777 ΒΗ.
862 1719 907 1777 11.
929 1719 1017 1777 dttrcl
1034 1719 1204 1777 Petitdruclt
1223 1719 1386 1788 bezeirlntet,
1411 1718 1469 1777 arrd
1492 1719 1561 1777 attclt
1586 1718 1662 1776 dicae
1686 1719 1762 1777 stitit
1784 1720 1814 1776 iu
1838 1720 1890 1776 der
1905 1718 2050 1776 Narratio
2074 1718 2132 1774 etad

587 1824 802 1895 Corroborutio‚
828 1826 927 1884 aelric
946 1825 1079 1883 Forrncla
1103 1826 1196 1883 sicia·
1218 1828 1278 1895 aas
1296 1826 1357 1884 et'ae
1380 1826 1523 1884 cerlorene
1543 1825 1603 1884 Vt'.
1626 1826 1715 1889 (1111111
1733 1825 1871 1899 Ludaiqs
1889 1825 1937 1883 des
1955 1823 2129 1890 Deatscliea)

584 1933 784 2007 zurit‘cltyelrea.
809 1961 854 1969 -
876 1932 955 1990 Attclt
975 1932 1022 1989 dt'e
1041 1931 1328 2005 t'eberet'astt'rrmany
1352 1950 1464 1990 terrama
1482 1930 1522 1989 D.
1547 1932 1577 1989 ia
1597 1932 1649 1989 der
1666 1931 1812 1990 Narratio
1831 1932 1884 1989 anit
1901 1932 1953 1989 der
1967 1931 2131 2004 Fulsclruaq

584 2039 772 2098 Multlbatlrer
790 2039 861 2113 Rea.
880 2041 958 2097 1365
980 2039 1067 2097 laben
1092 2040 1149 2097 air
1171 2039 1248 2096 1111111
1271 2039 1434 2106 bezeirlrnet,
1457 2039 1494 2096 da
1520 2038 1587 2095 iiber
1609 2039 1656 2096 dit
1678 2038 1923 2112 Eatstelutnpszeit
1945 2037 2038 2095 dieser
2061 2036 2129 2095 Fat-

584 2146 690 2221 stltttaq
712 2151 771 2204 erat
794 2147 869 2204 ttird
891 2146 1064 2204 etrtscltiedea
1088 2146 1199 2203 werdae
1222 2146 1342 2213 kunnei,
1373 2164 1451 2202 tretia
1475 2145 1532 2202 alle
1554 2146 1733 2203 ceruundtea
1759 2143 1892 2203 Corcet'er
1914 2143 1986 2202 DD.
2011 2145 2060 2203 des
2082 2144 2128 2201 11.
2151 2159 2176 2198 ta

585 2252 785 2312 1111111251.
810 2252 972 2310 uratamclt
994 2253 1061 2310 sind
1086 2253 1155 2326 (191.
1175 2252 1271 2310 Erdea
1296 2253 1326 2309 in
1345 2250 1482 2309 iitttteu.
1506 2251 1555 2308 des
1574 2250 1670 2309 Iastit.
1696 2254 1720 2321 s.
1745 2252 1921 2310 oesterreiclr.
1940 2250 2128 2321 Gesrliclrtss.

586 2362 636 2428 12,
658 2360 731 2427 54):
762 2360 932 2418 einstrcet'lea
966 2376 1042 2417 meas
1073 2359 1166 2417 durtii
1196 2358 1339 2431 cerethaei
1369 2358 1491 2425 aerdea,
1523 2357 1591 2415 dass
1620 2359 1649 2415 ia
1680 2358 1732 2416 der
1759 2358 1922 2431 Fulsclaaq
1951 2359 2014 2416 eben
2046 2375 2131 2415 terraer

585 2465 659 2524 ΒΗ.
686 2465 730 2524 ΙΙ.
762 2467 873 2524 bearttzt
895 2467 954 2524 seia
978 2466 1067 2535 karra,
1098 2466 1159 2523 eine
1181 2465 1375 2539 irretiat-eit,
1405 2465 1452 2523 dic
1475 2482 1521 2522 arn
1544 2482 1576 2522 so
1600 2466 1688 2523 adiret·
1711 2466 1787 2539 licat,
1811 2466 1856 2523 als
1878 2465 1974 2523 desset
1998 2464 2130 2537 Fassuaq

584 2592 621 2631 aa
645 2574 738 2631 dieser
761 2572 847 2631 Stella
876 2573 939 2632 deta
963 2571 1020 2631 stit
1049 2572 1099 2631 des
1120 2572 1177 2630 EA
1205 2577 1256 2646 pat
1284 2572 1449 2645 eatspriclt.
1481 2601 1524 2608 -
1554 2570 1614 2629 Dic
1634 2572 1794 2645 Hartdluay
1821 2573 1921 2642 uterne
1949 2572 2020 2630 nuel
2043 2571 2129 2629 ll'est·

584 2680 665 2750 solea
686 2680 816 2753 acharan,
839 2699 883 2738 tro
906 2680 957 2737 der
980 2678 1440 2752 11511191111101111911113111
1463 2697 1535 2736 erar.
2149 2702 2176 2739 so

585 2871 642 2939 (C.)
673 2861 691 2951 ξ
722 2864 760 2927 In
788 2865 918 2928 nomine
943 2876 1077 2927 sanctae
1101 2876 1133 2927 et
1157 2862 1346 2927 inditiduae
1370 2865 1532 2927 trinitatis.
1579 2864 1755 2927 Heinricus
1779 2864 1892 2928 divina
1915 2864 2044 2928 favente
2069 2863 2129 2927 cle-

477 2970 599 3034 mentia
622 2993 692 3033 rex.
800 2970 921 3034 Notum
953 2973 995 3034 sit
1026 2968 1175 3033 omnibus
1205 2967 1356 3033 fidelibus
1387 2971 1505 3033 nostris
1536 2970 1762 3056 praesentibus
1793 2971 1918 3036 scilicet
1949 2985 1980 3035 et
2003 2970 2129 3049 futuris,

478 3076 618 3163 qualiter
633 3076 831 3140 venerabilis
852 3076 955 3141 abbas
975 3078 1105 3140 nomine
1122 3076 1247 3140 Hosat⁸
1274 3074 1292 3164 ᾗ
1314 3088 1458 3140 nostram
1474 3076 1555 3141 adiit
1571 3077 1798 3141 excellentiam
1815 3078 2005 3165 suppliciter
2023 3100 2129 3153 orans,

478 3195 513 3248 ut
535 3196 646 3247 nostra
669 3181 864 3270 magnificat
893 3183 1116 3247 munificentia
1145 3184 1407 3268 prospiceremus
1434 3185 1631 3247 monasterio
1663 3186 1715 3248 cui
1743 3185 1929 3271 praesidere
1953 3184 2129 3264 videretur,

478 3289 567 3375 quod
583 3301 633 3354 est
653 3302 873 3354 constructum
897 3312 995 3376 super
1018 3288 1153 3352 flurium
1169 3289 1310 3352 Vuisera
1333 3290 1366 3352 in
1390 3289 1461 3353 loco
1485 3292 1541 3375 qui
1566 3290 1685 3354 dieitur
1700 3291 1796 3355 Noua
1812 3291 1953 3357 Corbeia
1975 3293 2008 3355 in
2032 3291 2130 3355 hono·
2146 3315 2175 3365 aa

478 3418 547 3460 rcrn
572 3396 625 3461 dei
649 3408 681 3460 et
705 3398 809 3460 sancti
832 3397 1079 3482 protomartyris
1104 3395 1271 3481 Stephani,
1295 3394 1352 3459 ubi
1376 3408 1408 3459 et
1431 3398 1537 3461 sancti
1560 3397 1628 3460 Viti
1653 3400 1804 3484 martyris
1828 3402 1971 3485 pretiosa
1994 3400 2131 3485 pignera

478 3504 603 3567 servari
627 3515 814 3567 noscuntur.
862 3516 947 3566 Cuius
974 3517 1100 3583 petitioni
1130 3500 1315 3565 rationabili
1338 3514 1471 3588 propter
1494 3502 1640 3567 divinum
1665 3527 1808 3569 amorem
1832 3518 1865 3570 et
1886 3507 2130 3570 venerationem

478 3607 648 3673 beatorum
679 3620 857 3696 martyrum
889 3632 1059 3673 assensum
1089 3607 1285 3694 praebentes
1311 3608 1368 3671 hos
1400 3611 1511 3694 apices
1542 3612 1725 3674 screnitatis
1753 3624 1881 3675 nostrae
1906 3613 1994 3676 circa
2024 3613 2130 3697 ipsum

479 3731 675 3780 monasterium
702 3729 760 3779 fieri
785 3731 923 3787 iussimus,
949 3746 998 3795 per
1022 3738 1103 3800 quos
1127 3729 1299 3779 decernimus
1325 3738 1408 3793 atque
1428 3731 1562 3788 iubemus,
1589 3738 1619 3780 nt
1643 3730 1734 3781 nullus
1759 3732 1840 3781 iudex
1860 3731 1987 3796 publicus
2007 3731 2049 3781 rel
2071 3734 2129 3797 qui-

480 3836 547 3886 libet
566 3853 599 3885 ex
619 3837 765 3885 iudiciaria
784 3844 930 3901 potestate,
949 3824 1012 3885 nisi
1033 3822 1120 3885 solus
1140 3820 1225 3884 illius
1244 3819 1306 3883 loci
1331 3824 1480 3907 protisor
1499 3835 1531 3886 et
1550 3823 1729 3887 advocatus
1747 3823 1906 3908 praedicti
1929 3825 2128 3903 monasterii,
2148 3857 2174 3893 aa

478 3945 507 3992 in
526 3941 659 4009 eeclesias
679 3952 727 3992 aut
744 3941 807 3993 loca
822 3942 865 3993 rel
883 3959 965 4008 agros
983 3960 1031 3993 seu
1052 3942 1172 4007 reliquas
1192 3945 1382 4007 possessiones
1399 3922 1540 4014 ¹praefati
1560 3945 1727 4002 monasterii,
1747 3958 1813 4007 quas
1832 3927 1987 3991 moderno
2006 3950 2128 4006 tempore

479 4037 562 4099 iuste
588 4048 620 4099 et
644 4034 881 4100 rationabiliter
903 4035 1071 4122 possidere
1094 4034 1234 4115 videtur,
1263 4051 1291 4098 in
1316 4049 1485 4114 quibuslibet
1512 4037 1686 4123 episcopiis
1710 4051 1788 4115 pagis
1814 4035 1866 4099 vel
1892 4050 2055 4099 territoriis*
2084 4047 2126 4097 vei

479 4141 637 4228 quicquid
660 4157 761 4206 ibidem
790 4154 923 4229 propter
950 4142 1097 4205 divinum
1128 4164 1272 4205 amorem
1304 4154 1336 4205 et
1366 4142 1452 4206 illius
1482 4145 1586 4207 saneti
1617 4144 1681 4207 loci
1704 4144 1948 4207 venerationem
1977 4155 2128 4206 collatum

478 4254 597 4313 tuerit,
617 4255 652 4303 ad
671 4270 768 4303 causas
785 4268 802 4298 a
823 4254 975 4304 audiendae
992 4252 1035 4303 vel
1053 4254 1130 4303 freda
1150 4254 1284 4319 exigenda
1303 4260 1351 4304 aut
1371 4257 1526 4305 mansiones
1544 4255 1586 4305 rel
1605 4264 1714 4321 paratas
1731 4256 1871 4307 iaciendas
1890 4262 1938 4307 aut
1953 4256 2129 4306 fideiussores

479 4350 617 4401 tollendos
644 4360 692 4401 aut
718 4351 789 4401 ullas
815 4353 1014 4402 reddibitiones
1040 4336 1092 4401 vel
1116 4350 1228 4402 illicitas
1249 4354 1410 4403 occasiones
1437 4354 1614 4418 requirendas
1641 4362 1689 4405 aut
1712 4356 1835 4406 homines
1862 4357 1947 4422 ipsius
1972 4355 2129 4405 monasterii
2149 4368 2174 4407 ab

479 4466 535 4509 tam
554 4459 688 4522 ingenuos
709 4474 790 4523 quarn
811 4468 837 4509 et
860 4467 972 4509 servos
996 4445 1049 4508 vel
1077 4458 1147 4508 latos
1172 4445 1290 4509 iniuste
1315 4460 1518 4525 distringendos
1539 4458 1596 4510 allo
1617 4476 1745 4526 nmquam
1763 4470 1885 4528 ternpore
1906 4463 2010 4528 ingredi
2030 4462 2131 4512 audeat

480 4564 523 4615 rel
548 4580 580 4614 ea
600 4580 652 4629 que
677 4580 760 4630 supra
786 4576 935 4616 memorata
955 4574 1018 4615 sunt
1041 4567 1150 4630 penitus
1175 4567 1285 4630 erigere
1311 4563 1367 4614 aul
1391 4554 1570 4616 exactitare
1594 4572 1783 4632 praesumare.
1821 4569 1875 4617 Sed
1902 4566 1984 4619 liceat
2009 4554 2130 4618 ibidem

479 4656 541 4720 (leo
565 4655 797 4720 famulantibus
820 4675 871 4722 snb
897 4684 1007 4722 nostrae
1033 4673 1212 4721 immunitatis
1238 4660 1372 4721 tullione
1402 4675 1495 4736 quieto
1521 4673 1616 4721 ordine
1642 4675 1734 4723 virere
1761 4691 1793 4723 ae
1820 4674 1951 4731 residere,
1979 4663 2131 4745 quatinus

479 4763 594 4828 mellus
619 4763 689 4827 illus
714 4777 833 4829 delectet
856 4767 943 4828 (illini
968 4780 1113 4849 tempore
1139 4794 1188 4844 pro
1208 4780 1288 4827 uobis
1311 4776 1342 4827 ei
1362 4766 1501 4849 coniuge
1528 4789 1620 4827 trustra
1647 4787 1728 4842 atque
1755 4779 1904 4828 stabilitate
1928 4781 2014 4828 totius
2038 4768 2131 4849 regul

479 4894 499 4933 a
522 4870 584 4934 (leo
611 4886 690 4934 nobis
711 4870 819 4934 colluti
842 4886 944 4935 dorrrini
965 4885 1179 4934 misericordiam
1196 4886 1330 4947 ¹attentius
1351 4900 1473 4934 exorare.
1517 4870 1656 4955 Insuper
1679 4873 1775 4933 eiiam
1800 4870 1943 4933 (leuinias
1967 4869 2020 4933 vel
2044 4870 2130 4935 (leci-
2150 4901 2176 4938 ao

478 4977 580 5041 tuales
606 4978 763 5057 ecclesias
793 4978 827 5039 in
852 4977 1035 5063 quibusque
1068 4978 1243 5061 episcopiis
1275 4978 1319 5039 ita
1350 4987 1482 5039 teneant
1513 4989 1610 5060 atque
1636 4976 1819 5061 disponant,
1851 4977 1935 5039 sicut
1965 4975 2025 5040 sub
2049 4979 2130 5041 anti-

480 5083 685 5148 cessoribus‘l
713 5084 829 5145 nostris
861 5082 994 5167 regibus
1018 5082 1174 5145 videlieet
1198 5098 1229 5145 et
1261 5079 1510 5166 imperatoribus
1542 5092 1653 5144 tenere
1683 5104 1743 5167 per
1770 5094 1948 5167 praecepta
1970 5084 2033 5147 risi
2057 5095 2131 5148 stmt

479 5200 576 5275 atque
601 5191 784 5275 disponere.
832 5188 1025 5272 Episcopise
1054 5211 1144 5259 vcro,
1171 5185 1290 5274 quibus
1315 5188 1484 5250 servitium
1508 5200 1540 5250 et
1563 5190 1800 5252 mansionatica
1823 5187 1954 5271 debent,
1986 5202 2130 5277 tempore

479 5296 634 5358 circuitam
666 5295 715 5356 sui
747 5292 925 5355 secundum
958 5295 1079 5378 scripta
1109 5318 1167 5357 sua
1199 5291 1334 5376 singulis
1359 5294 1452 5355 aunis
1475 5292 1672 5378 persolvant.
1719 5295 1763 5358 Et
1786 5305 1821 5358 ut
1844 5295 1925 5360 haec
1955 5299 2131 5362 auctoritas

480 5400 699 5463 concessionis
730 5408 829 5481 atque
861 5398 1114 5461 continuationis
1146 5412 1275 5462 nostrae
1305 5398 1429 5460 tirmior
1459 5397 1619 5462 habeatur
1648 5412 1681 5464 et
1710 5424 1770 5487 per
1797 5402 1906 5466 futura
1935 5414 2082 5491 tempora
2112 5427 2176 5469 aas

480 5504 605 5566 eunctis
635 5500 786 5566 fidelibus
818 5515 950 5566 sanctae
975 5503 1028 5565 dei
1057 5502 1216 5568 ecclesiae
1246 5504 1430 5588 nostrisque
1461 5504 1691 5590 praesentibus
1715 5520 1747 5572 et
1776 5509 1893 5573 futuris
1924 5510 2038 5574 melius
2062 5533 2130 5575 ore·

569 5729 615 5785 12.
639 5730 785 5800 [Bresslsu]
841 5734 868 5797 a)
886 5734 934 5782 mit
952 5732 1095 5784 daakleter
1113 5732 1197 5797 Teate,
1218 5733 1439 5786 rcabraclteirtlt'clt
1457 5736 1651 5803 mebadruyen
1731 5739 1760 5806 11)
1779 5741 1830 5791 dua
1849 5740 1922 5792 latete
1940 5757 1956 5792 a
1974 5742 2030 5805 eut*
2039 5741 2133 5793 Resur-

640 5804 666 5868 c)
681 5808 729 5855 aut
746 5802 896 5855 exactitare
913 5803 931 5870 p
948 5805 1105 5869 ausititem·
1175 5804 1242 5871 (bn
1314 5810 1340 5869 c)
1357 5804 1491 5873 episcopis
1510 5810 1543 5873 Α,
1564 5811 1612 5860 atii
1631 5810 1829 5877 uberlluaar‘qcm
1847 5811 2131 5878 Ablcdrzunqszcr'cien
