4798 6486
526 428 591 490 5⁶20
1125 434 1585 492 IIAISERURIIUNDEN.

525 621 697 686 Sabinensi
722 621 891 687 castellum
915 621 955 686 de
973 621 1116 687 Tribuco
1141 634 1173 686 et
1195 621 1333 686 alterum
1356 621 1397 687 de
1413 623 1616 687 Bucciniano
1640 646 1714 688 cum
1737 624 1804 687 suis
1828 624 2043 709 pertinentiis,
2067 645 2176 709 quem·

524 728 699 792 admodum
723 729 861 793 domnus
879 728 1079 793 Benedictus
1103 752 1247 794 summus
1266 730 1414 815 pontifex
1432 742 1605 815 nosterque
1625 729 1803 816 spiritualis
1821 741 1915 816 pater
1933 741 2042 794 nostro
2063 742 2176 815 rogatu

524 834 629 899 eidem
653 836 850 900 monasterio
874 836 1028 916 restituit3
1060 835 1158 900 simili
1180 835 1277 899 modo
1301 835 1355 900 illa
1385 835 1467 916 loca,
1498 859 1562 922 que
1592 835 1758 922 predictus
1789 858 1875 922 papa
1904 859 1964 923 per
1993 836 2175 922 pontifictde

524 952 714 1027 preceptum
735 964 793 1028 pro
814 943 922 1027 anime
941 966 999 1031 sue
1015 940 1160 1006 remedio
1177 941 1322 1023 contulit,
1347 952 1517 1031 querunt:
1542 964 1651 1007 massa
1667 943 1707 1006 de
1724 944 1959 1029 suprascripto
1975 943 2175 1008 Bucciniano

524 1071 597 1112 cum
622 1049 688 1111 suis
712 1047 862 1113 omnibus
886 1049 1099 1135 pertinentiis,
1130 1049 1292 1114 aecclesia
1319 1072 1449 1135 quoque
1477 1062 1589 1131 sancte
1613 1049 1716 1133 blarie
1740 1051 1802 1114 sita
1824 1051 1858 1113 in
1881 1048 1981 1114 fundo
2005 1073 2112 1133 masse
2135 1051 2174 1115 de
2198 1075 2212 1112 s

525 1154 687 1219 Uestiario
712 1179 786 1220 cum
809 1155 932 1243 prediis
956 1155 1019 1220 illis
1042 1179 1107 1245 que
1129 1158 1162 1220 in
1187 1157 1258 1242 ipso
1281 1158 1489 1225 continentur
1510 1168 1676 1243 precepto,
1699 1179 1844 1222 necnon
1864 1168 1896 1221 et
1915 1156 2055 1243 ecclesia
2074 1159 2175 1222 sancti

524 1259 708 1325 Sebastiani
740 1264 773 1326 in
804 1262 931 1328 Collina
960 1265 994 1326 in
1025 1263 1096 1327 loco
1127 1264 1183 1351 qui
1214 1263 1333 1327 dicitur
1362 1263 1521 1349 Flagiano
1552 1287 1626 1329 cum
1656 1265 1750 1328 terris
1781 1275 1814 1327 et
1844 1265 1959 1343 vineis,
1993 1265 2076 1329 sicut
2106 1266 2174 1350 ipse

523 1367 631 1454 presrd
655 1369 849 1434 universalis
873 1369 994 1457 aliique
1018 1370 1127 1456 plures
1157 1382 1269 1453 sancte
1299 1369 1352 1435 dei
1384 1371 1531 1456 genitrici
1563 1393 1623 1457 per
1653 1370 1793 1435 cartulae
1824 1384 2070 1443 concesserunt;
2105 1373 2175 1459 pari

522 1474 618 1538 modo
642 1477 872 1540 monasterium
897 1478 1001 1540 sancti
1024 1477 1193 1541 Laurentii
1216 1479 1250 1541 in
1274 1475 1393 1541 finibus
1417 1475 1597 1565 Campania
1621 1479 1655 1541 in
1678 1476 1750 1542 loco
1774 1479 1830 1564 qui
1853 1478 2039 1542 nominatur
2061 1478 2174 1555 Macri,

524 1581 610 1667 quod
633 1582 722 1646 idem
745 1581 942 1647 venerabilis
966 1595 1060 1669 pater
1083 1607 1182 1670 supra
1206 1583 1293 1649 dicto
1317 1584 1388 1649 loco
1413 1583 1542 1670 optulit3
1567 1586 1656 1649 etin
1681 1585 1836 1648 comitatu
1855 1584 2028 1649 Sabinensi
2052 1584 2174 1671 predia,
2196 1614 2219 1651 ιο

522 1710 585 1774 quc
611 1690 813 1754 Octauianus
843 1713 916 1754 cum
941 1689 1067 1776 Rogata
1098 1692 1235 1776 coniuge
1267 1714 1325 1755 sua
1354 1713 1414 1778 per
1444 1690 1585 1755 canillas
1615 1689 1794 1755 venerabili
1824 1693 1918 1756 matri
1948 1689 2071 1756 domini
2100 1692 2175 1756 lesu

524 1793 646 1860 Christi
671 1796 774 1879 dedit3
811 1799 909 1861 etiam
940 1808 1026 1861 terra
1056 1798 1097 1861 de
1121 1798 1267 1881 Hortelle
1298 1821 1372 1863 curn
1403 1797 1550 1885 ecclesiis
1574 1797 1702 1862 olivetis
1726 1810 1824 1884 atque
1847 1798 1965 1861 vinetis
1989 1821 2009 1862 a
2031 1798 2174 1863 Iohanne

521 1901 701 1988 presbitero
725 1914 757 1968 et
780 1927 800 1968 a
824 1906 890 1968 suis
914 1903 1120 1969 consortibus
1144 1904 1269 1986 oblata3
1305 1907 1338 1969 in
1363 1906 1519 1970 comitatu
1541 1905 1679 1969 Reatino
1709 1915 1807 1983 terra,
1839 1927 1938 1991 quam
1962 1904 2174 1970 Transcricus

524 2021 636 2091 sancte
652 2010 757 2091 Mario
781 2011 916 2097 largitus
940 2024 1005 2093 est3
1029 2013 1063 2076 in
1087 2010 1282 2076 suburbanis
1298 2011 1480 2099 Tyburtine
1504 2012 1645 2075 civitatis
1669 2013 1899 2076 monasterium
1919 2014 2022 2076 sancti
2038 2011 2173 2076 Adriani

521 2139 595 2199 curn
619 2116 769 2182 omnibus
793 2120 860 2182 suis
876 2120 1097 2205 pertinentiis3
1122 2121 1156 2183 in
1182 2121 1338 2184 comitatu
1361 2119 1515 2183 Firmano
1540 2118 1681 2205 quedam
1704 2140 1756 2182 res
1779 2118 1910 2182 Attenia
1932 2117 1990 2182 filii
2012 2117 2173 2182 Arderadi
2194 2145 2217 2182 rs

520 2245 595 2287 cum
620 2223 759 2309 ecclesia
782 2224 905 2289 domini
930 2224 1108 2291 Salvatoris
1133 2237 1165 2291 et
1189 2226 1322 2291 castello
1342 2225 1428 2291 Casa
1451 2249 1547 2305 noua,
1572 2227 1656 2290 sicut
1678 2224 1840 2290 habentur
1862 2226 1895 2289 in
1919 2225 2054 2305 cartula,
2078 2248 2172 2311 quam

520 2332 590 2417 ipse
621 2341 734 2419 sancte
765 2331 904 2419 ecclesie
935 2330 1030 2419 beato
1054 2333 1157 2417 Maria
1188 2333 1282 2413 fecit3
1318 2334 1350 2397 in
1382 2331 1497 2396 codem
1529 2354 1658 2418 quoque
1689 2333 1845 2396 comitatu
1868 2355 1919 2395 res
1943 2354 1963 2395 a
1987 2330 2172 2396 Grimizone

520 2437 587 2501 lilio
622 2437 841 2524 Hildeprandi
874 2438 956 2503 inibi
992 2439 1108 2523 collato
1144 2463 1218 2504 cum
1252 2441 1430 2503 ministerio
1469 2439 1510 2503 de
1546 2438 1726 2525 Sparziano
1765 2449 1798 2502 et
1835 2461 1951 2524 campo
1985 2438 2108 2502 Arsitio
2142 2450 2173 2502 et

522 2543 562 2607 de
587 2544 684 2625 Ualli‚
715 2547 799 2610 sicut
831 2547 864 2609 in
888 2547 988 2633 priori
1018 2558 1129 2611 nostro
1159 2558 1314 2635 precepto
1345 2548 1564 2627 continentur3
1600 2545 1747 2609 similiter
1775 2568 1838 2624 res,
1869 2568 1951 2631 quas
1973 2544 2172 2609 Adelmodus

521 2650 606 2715 filius
631 2650 792 2716 Gnidonis
822 2644 880 2717 ibi'
900 2653 989 2717 dedit
1020 2664 1052 2717 et
1074 2652 1276 2718 Adelmodus
1299 2653 1384 2717 tilius
1407 2652 1622 2733 Hildemodis‚
1653 2663 1686 2717 et
1715 2675 1908 2739 quecunque
1938 2651 1981 2716 ab
2011 2651 2172 2738 aliquibus
2190 2680 2216 2716 so

521 2758 627 2821 eidem
658 2770 772 2839 sancte
796 2759 900 2847 Mario
932 2759 972 2823 de
996 2760 1150 2846 Pharpha
1182 2760 1259 2825 data
1289 2770 1379 2841 sunt3
1415 2762 1448 2823 in
1479 2761 1611 2824 civitate
1635 2760 1783 2825 Hortana
1810 2760 2040 2824 monasterium
2070 2760 2171 2823 sancti

520 2864 684 2929 Theodori
715 2890 788 2930 cum
821 2866 968 2951 ecclesiis
992 2877 1025 2931 et
1056 2865 1206 2931 omnibus
1236 2867 1303 2932 suis
1334 2868 1556 2953 pertinentiis3
1587 2865 1628 2930 de
1658 2865 1795 2953 perditis
1823 2876 1855 2930 et
1885 2867 2049 2953 requisitis
2076 2865 2171 2930 rebus

440 2970 446 2985 ⁹
519 2974 751 3037 monasterium
783 2985 895 3059 sancte
925 2973 1029 3057 Mario
1061 2973 1101 3038 de
1132 2974 1299 3060 hlignione
1330 2996 1404 3038 cum
1434 2972 1584 3037 omnibus
1616 2975 1683 3038 suis
1712 2974 1926 3060 pertinentiis,
1961 2972 2050 3059 quod
2078 2971 2171 3052 beate

519 3080 673 3162 memorie
692 3081 801 3144 senior
818 3092 929 3145 noster
947 3082 1024 3145 Otto
1044 3079 1090 3145 ibi
1110 3083 1264 3161 restituit3
1288 3083 1323 3144 in
1341 3081 1450 3144 Asisio
1469 3080 1533 3163 due
1553 3080 1702 3167 ecclesie,
1727 3103 1790 3166 que
1814 3102 1912 3166 super
1933 3091 2053 3144 terram
2071 3081 2171 3167 ipsius

521 3187 711 3250 monasterii
734 3189 839 3272 posite
863 3198 953 3269 sunt;
983 3188 1018 3251 in
1042 3188 1200 3252 Summati
1232 3186 1372 3273 ecclesia
1402 3188 1505 3252 sancti
1530 3187 1678 3252 Siluestri
1708 3197 1740 3251 et
1769 3198 1876 3252 curtes
1904 3186 1944 3251 de
1968 3186 2117 3251 Flumine
2139 3197 2171 3252 et
2188 3211 2213 3250 a

520 3290 560 3354 de
584 3291 816 3358 Monasteriolo
847 3305 879 3358 et
901 3294 1049 3375 Portica3
1085 3296 1120 3358 in
1151 3297 1305 3359 comitatu
1329 3292 1484 3358 Balbensi
1515 3296 1746 3359 monasterium
1775 3296 1879 3359 sancti
1901 3294 2072 3379 Peregrini
2098 3317 2170 3358 curn

519 3396 669 3462 omnibus
692 3401 759 3463 suis
782 3402 996 3486 pertinentiis.
1043 3401 1114 3481 Hec
1146 3402 1244 3486 igitur
1274 3402 1381 3466 omnia
1407 3412 1439 3464 et
1463 3424 1658 3487 quecunque
1681 3402 1782 3465 nostri
1806 3400 2055 3489 predecessores
2078 3423 2169 3486 reges

519 3504 571 3568 vel
595 3505 806 3591 imperatores
830 3506 938 3571 eidem
963 3507 1101 3591 ecclesie
1126 3507 1221 3587 beate
1245 3507 1348 3595 blarie
1372 3506 1414 3572 de
1438 3507 1593 3593 Pharpha
1614 3531 1674 3594 per
1695 3520 1852 3595 precepta
1875 3507 2089 3587 contulerunt,
2111 3530 2169 3571 nos

518 3611 684 3696 perhanc
708 3614 862 3699 paginam
887 3613 1126 3692 confirmamus,
1157 3624 1192 3678 ut
1216 3625 1329 3679 sancta
1354 3613 1408 3678 dei
1433 3614 1573 3697 ccclesia
1595 3613 1715 3679 habeat
1738 3626 1848 3679 teneat
1871 3638 1910 3678 ac
1933 3616 2004 3678 iure
2027 3616 2167 3701 proprie·

517 3719 600 3782 tario
631 3720 701 3783 sine
732 3719 840 3807 aliqua
871 3720 1094 3785 molestatione
1128 3721 1305 3807 possideat.
1353 3721 1388 3785 Si
1420 3744 1514 3803 vero,
1548 3720 1637 3809 quod
1668 3720 1768 3795 absit,
1804 3721 1921 3808 aliquis
1953 3722 2212 3786 contradictorio

517 3823 613 3889 buius
636 3828 737 3891 nostri
760 3829 906 3914 precepti
931 3827 1038 3907 fuerit,
1063 3842 1193 3892 centum
1217 3827 1316 3891 libras
1340 3829 1411 3892 auri
1435 3839 1618 3915 componat,
1646 3828 1855 3893 medictatem
1877 3827 1972 3893 nobis
1996 3840 2027 3892 et
2050 3827 2168 3892 medie-

517 3942 616 3996 tatem
646 3935 770 3997 vicario
801 3944 914 4023 sancte
945 3933 1084 4023 ecclesie
1114 3934 1209 3998 beate
1234 3935 1337 4021 Mario
1368 3934 1410 3999 de
1434 3935 1597 4021 Pharpha
1645 3935 1689 4000 Ut
1721 3937 1820 4020 igitur
1848 3935 1908 4023 hec
1938 3946 2049 3999 nostra
2070 3936 2167 3999 iussio

517 4038 653 4104 firmiter
682 4039 983 4127 inmolabiliterque
1010 4052 1167 4119 servetur,
1198 4042 1332 4105 inferius
1363 4064 1461 4105 manu
1493 4044 1625 4128 propria
1656 4042 1857 4107 firmavimus
1886 4065 1925 4107 ac
1949 4042 2036 4106 illam
2061 4052 2166 4106 nostro

517 4145 622 4230 sigillo
646 4170 837 4234 repercusso
861 4149 1010 4233 insigniri
1033 4149 1249 4235 precepimus.

625 4272 761 4358 Signum
785 4271 895 4337 domni
921 4272 1067 4337 Heinrici
1092 4273 1297 4338 invictissimi
1320 4274 1525 4360 imperatoris
1549 4274 1688 4358 augusti.
1725 4280 1789 4351 (II.)
2185 4279 2210 4318 ὅ

623 4397 818 4483 Pelign'mns
848 4397 1064 4462 cancellarius
1094 4396 1136 4461 ad
1167 4399 1273 4462 vicem
1303 4396 1488 4462 Heberardi
1512 4396 1797 4483 Pabenbergensis
1821 4399 1985 4485 episcopi·
2010 4409 2043 4463 et
2065 4397 2167 4462 archi-

517 4501 676 4589 capellani
700 4506 900 4589 recognovit.

623 4627 746 4692 Datum
776 4652 860 4692 anno
888 4627 1051 4713 dominice
1075 4630 1308 4693 incarnationis
1334 4628 1505 4694 millesimo
1531 4644 1652 4711 XVIIII,
1684 4652 1769 4694 anno
1799 4629 1910 4694 domni
1941 4630 2090 4694 Heinrici
2120 4652 2167 4693 re

517 4735 647 4819 gnantis
667 4749 752 4815 xvn,
777 4736 904 4821 imperii
926 4758 1005 4798 vero
1024 4750 1073 4815 vl,
1097 4735 1275 4800 indictione
1295 4751 1332 4815 11,
1355 4735 1427 4800 loco
1450 4735 1677 4820 Meresburch3
1701 4752 1735 4800 v.
1756 4736 1828 4800 idus
1852 4736 1944 4824 april.

1291 5001 1385 5087 406.
2182 5033 2209 5074 a

516 5164 635 5234 4060.
681 5159 857 5235 Heinrich
890 5161 1037 5237 acherzlct
1068 5163 1146 5236 dero
1182 5190 1253 5237 oon
1288 5165 1406 5236 sciam
1439 5160 1630 5239 Gemellis
1665 5163 1891 5264 Konipunde
1922 5163 2166 5265 peyru’a'ndeten

517 5278 812 5355 Nonoenlcloster
835 5308 880 5355 zu
904 5280 1133 5383 Kaesonpen
1163 5282 1221 5356 dic
1242 5280 1328 5358 orte
1350 5282 1460 5357 Ober-
1486 5281 1567 5356 and
1584 5281 1947 5384 Naederlcaefunqen,
1975 5281 2165 5359 Vollmars·

517 5397 650 5473 hausen
678 5400 759 5475 ond
789 5398 951 5499 [ectlap
1759 5430 1883 5490 rustes
1905 5431 1983 5491 1019
2004 5428 2071 5488 uas
2093 5430 2121 5488 4.

625 5570 783 5646 Fraqrrtent
817 5572 865 5630 des
901 5572 1160 5647 Oripinaldiploms
1197 5574 1236 5631 im
1275 5573 1302 5631 lc.
1339 5571 1539 5630 Staotsmrhir
1575 5590 1609 5631 zu
1644 5571 1788 5647 Morburq
1822 5572 1896 5639 (A).
1936 5601 1980 5610 -
2017 5572 2166 5641 Absrhrifl

628 5676 817 5738 Srhmincke’s
835 5697 888 5737 aas
905 5680 968 5737 den
983 5679 1066 5738 Euda
1083 5679 1132 5737 des
1148 5681 1195 5738 18.
1212 5679 1265 5739 Ji.
1290 5681 1319 5736 in
1337 5678 1431 5736 dassen
1449 5677 1697 5752 Diplometoriron
1713 5679 1887 5738 Hasaiacam
1904 5679 1932 5748 1,
1943 5698 1976 5752 p.
1991 5679 2046 5737 141
2070 5680 2100 5736 is
2115 5678 2165 5736 der
2181 5698 2208 5738 o

627 5783 894 5845 Londesbibliothel·
917 5805 950 5843 ru
976 5784 1073 5845 Caesel
1095 5787 1232 5845 arcadem
1255 5785 1457 5845 dorrmhnoch
1482 5786 1686 5860 rollstdndipen
1713 5785 1848 5859 Oripinol
1872 5785 1940 5853 (Β).
