4804 6498
488 437 550 499 160
1086 444 1542 502 KAISERl'RKUNDEN.

485 633 668 718 ceterisque
693 631 843 697 omnibus
868 656 930 719 que¹
955 631 1021 696 dici
1044 632 1098 696 vel
1120 632 1182 695 rite
1209 630 1307 694 scribi
1329 642 1465 716 possunt
1485 628 1688 708 utilitatibus,
1713 629 1881 714 exceptish
1903 643 1932 692 ΙΙ
1957 627 2142 691 itincraiis‘¹

485 737 635 803 Cristano
667 750 699 802 et
728 737 938 825 Engilbertoi
973 761 1150 824 corumque
1180 738 1301 822 agrish,
1335 737 1554 822 prcipientes‘¹
1584 737 1692 821 igitur,
1723 747 1759 799 ut
1788 734 1933 821 prefatus
1963 735 2142 819 episcopus

484 847 600 932 suique
620 867 824 909 successores
844 844 981 909 liberam
1001 845 1119 908 dehinc
1138 844 1280 908 habeant
1299 842 1514 929 potestatem¹¹
1529 841 1644 906 eadem
1664 841 1778 927 predia
1796 841 1927 905 tenendi
1947 839 2142 927 possidendi

484 951 537 1015 vel
561 951 718 1037 quicquid
741 949 805 1016 sibi
828 950 927 1016 libeat
950 951 993 1015 ad
1016 975 1111 1015 usum
1135 952 1323 1014 monasterii
1345 949 1450 1013 modis
1474 947 1624 1012 omnibns
1647 947 1723 1011 inde
1744 946 1897 1011 faciendi.
1936 947 1980 1011 Et
1999 960 2035 1010 ut
2056 946 2141 1011 haec

484 1068 613 1121 nostrae
644 1059 844 1121 auctoritatis
875 1059 996 1143 pagina
1026 1055 1150 1120 stabilis
1181 1070 1214 1119 et
1243 1054 1436 1120 inconvulsa
1466 1066 1669 1141 permaneat,
1701 1053 1784 1118 hanc
1815 1066 1939 1118 cartam
1961 1054 2038 1117 inde
2062 1076 2181 1117 con-s

485 1165 640 1249 scriptam
662 1187 761 1228 manu
784 1165 917 1250 propria
939 1163 1130 1227 roborantes
1154 1161 1251 1248 sigilli
1276 1163 1376 1225 nostri
1401 1163 1603 1247 inpressione
1627 1162 1775 1246 insigniri
1800 1162 1961 1225 iussimus.

591 1294 608 1384 ᾗ
632 1296 769 1382 Signum
793 1296 904 1360 domni
927 1296 1077 1360 Heinrici
1102 1303 1166 1373 (Μ.)
1191 1297 1278 1379 regis
1302 1296 1518 1359 invictissimi.
1542 1292 1560 1382 ξ

590 1428 607 1517 ξ
631 1428 841 1494 Eberhardns
866 1429 1081 1492 cancellarius
1105 1431 1178 1492 vice
1201 1428 1366 1513 Unilligisi
1390 1426 1644 1513 archicapellani
1668 1428 1855 1511 recognosi.
1879 1424 1896 1513 ξ
1971 1434 2026 1501 (SI.
2050 1434 2093 1489 2.)

590 1562 679 1625 Data
701 1563 772 1625 XV.l
800 1561 866 1626 kal.
891 1564 965 1625 mai.
991 1561 1167 1625 indictione
1192 1576 1225 1641 V,
1251 1583 1336 1624 anno
1361 1560 1543 1624 dominicae
1567 1560 1800 1624 incarnationis
1823 1574 1920 1629 alvu,
1950 1581 2034 1621 anno
2059 1581 2141 1621 vero

484 1669 595 1733 domni
617 1669 765 1733 Heinrici
790 1668 926 1732 secundi
950 1669 1116 1753 regnantis
1140 1683 1179 1749 v,
1210 1678 1320 1731 actum
1344 1666 1402 1748 Se,
1433 1667 1572 1730 feliciter
1596 1690 1701 1730 amen.
2164 1680 2196 1718 1⁰

1260 1956 1349 2043 134.

484 2120 661 2193 Heinrich
696 2118 841 2193 scherslct
877 2120 943 2193 der
968 2119 1106 2193 Kiccbe
1140 2147 1184 2193 za
1209 2119 1392 2213 Bambecp
1425 2121 1499 2191 sein
1531 2117 1607 2195 Gar
1630 2117 1820 2191 Hallstadt
1850 2119 1930 2191 azad
1957 2119 2054 2191 scine
2078 2146 2140 2218 qe·

482 2253 657 2312 samariten
683 2240 836 2338 abripere
863 2238 1101 2337 Beaitzaapen
1126 2239 1167 2310 io
1194 2239 1260 2311 der
1288 2235 1512 2334 Grafschoft
1535 2236 1728 2309 Adalhertr
1753 2239 1803 2309 iot
1832 2236 2067 2333 Redaitroaa.

1696 2382 1855 2457 Bambala
1879 2384 1958 2442 1007
1972 2382 2038 2441 Mai
2062 2386 2090 2441 6.

593 2528 837 2601 Oriyioaldiplom
861 2528 901 2585 im
923 2527 952 2585 lc.
977 2526 1183 2585 Reicbsorcbia
1205 2544 1241 2585 za
1262 2525 1414 2584 Mttocbea.
2159 2537 2188 2575 1⁶

590 2661 756 2735 Hcybcrqer
774 2660 989 2734 chuoqraphio
1008 2660 1135 2718 Baleob.
1156 2660 1184 2729 1,
1205 2662 1246 2717 58
1270 2659 1481 2733 raacollstaadiq
1503 2676 1556 2716 aaa
1578 2658 1614 2715 A.
1634 2687 1678 2695 —
1698 2658 1892 2731 (Hcybcrqad
1917 2657 2137 2723 Larrdcsbobcit,

585 2769 670 2842 prob.
695 2770 761 2825 22⁰3
784 2785 837 2825 aas
860 2766 887 2823 A
911 2787 953 2812 =
983 2765 1110 2825 Schultes
1139 2767 1221 2823 Har.
1247 2765 1395 2836 Schriften
1417 2768 1481 2823 226
1499 2767 1568 2822 a⁰2
1597 2764 1816 2838 ararollstdudip.
1846 2794 1891 2801 -
1918 2763 2138 2823 Schneidarriad

592 2873 803 2947 Bescltrcibunq
826 2873 986 2947 Bambaqs
1007 2875 1039 2942 2,
1061 2873 1119 2930 104
1139 2876 1171 2930 a⁰
1187 2873 1225 2929 17
1249 2872 1322 2930 scald
1351 2890 1404 2929 aas
1426 2872 1463 2929 A.
1487 2900 1532 2908 —
1555 2870 1634 2928 Mon.
1659 2871 1751 2929 Boion
1781 2872 1849 2940 28⁰,
1871 2872 2053 2928 331210215
2083 2888 2138 2927 arcs

590 2980 626 3038 A.
651 3009 695 3017 -
718 2980 845 3038 Bdbmer
867 2978 937 3053 ch.
960 2980 1028 3036 992.
1053 3008 1097 3016 -
1121 2978 1244 3052 Stamps
1262 2978 1333 3051 Rea.
1355 2979 1443 3037 1417.

590 3112 659 3184 Ans
682 3115 772 3171 artem
804 3132 855 3170 ron
880 3111 942 3169 al)
970 3113 1059 3169 drach
1091 3111 1274 3185 Eiatroqaap
1303 3112 1352 3169 des
1376 3110 1552 3181 Chimaeras,
1581 3111 1658 3168 dana
1682 3111 1733 3168 der
1762 3110 1885 3183 Kenios·
1916 3111 1974 3168 raud
1996 3110 2136 3168 Kaazlcr-
2155 3130 2186 3168 so

591 3219 791 3289 anterschrt'st
821 3220 932 3277 eadlicb
955 3218 1004 3277 des
1027 3219 1162 3291 Arasoaqs
1191 3218 1243 3275 der
1264 3216 1512 3291 Daticrrotqsrcile
1534 3218 1760 3293 bia.regnantis
1785 3217 2043 3282 (atensclelicsslicb)
2073 3217 2136 3274 ber-

590 3326 757 3400 qericbtclca
778 3326 923 3399 Blonqnct
944 3325 1054 3383 schrieb
1076 3325 1123 3382 cio
1146 3326 1260 3382 aweitcr
1276 3322 1433 3392 Sebrciber,
1457 3324 1508 3381 der
1530 3322 1600 3381 arab
1621 3324 1664 3381 bei
1686 3324 1738 3382 der
1758 3323 1932 3397 Vollcnduup
1949 3343 2002 3381 troo
2019 3322 2059 3382 D.
2079 3324 2137 3381 135

591 3431 683 3505 tblz'tiq
712 3450 832 3505 pavesco
863 3431 916 3500 ist,
947 3431 1001 3488 das
1031 3430 1332 3505 Eioyaapspratolcoll‚
1362 3429 1415 3488 deo
1447 3429 1577 3498 Carrtcat,
1606 3430 1703 3488 dassen
1733 3428 1837 3487 Dictat
1866 3430 1980 3488 cantia
2012 3431 2064 3487 aare
2093 3431 2137 3488 bei

591 3537 631 3595 D.
656 3540 726 3595 122.
751 3540 810 3596 123
840 3540 900 3607 auf
924 3538 1127 3611 pemeirnomer
1153 3537 1253 3594 Arbeia
1287 3537 1335 3594 des
1363 3536 1419 3594 EC
1448 3537 1505 3593 asad
1535 3535 1597 3594 ED
1626 3536 1735 3606 bardi,
1767 3537 1826 3595 und
1855 3536 1907 3594 deu
1936 3535 2051 3595 Sella-ss
2084 3537 2137 3595 der

590 3643 762 3717 Datieruap.
817 3642 876 3701 Dic
905 3642 1019 3714 Schrift
1049 3644 1138 3701 dieses
1169 3644 1302 3713 Gelilsca
1334 3644 1462 3702 criuaal
1496 3644 1524 3700 iu
1555 3644 1664 3717 ciaipcr
1693 3643 1830 3701 Histriclt
1862 3663 1899 3701 aa
1932 3644 1978 3701 die
2008 3642 2135 3702 Schrab·
2156 3661 2185 3700 ss

589 3751 795 3826 qacotnaeuen
818 3750 867 3807 des
889 3750 947 3807 Ba.
973 3749 1038 3819 III,
1062 3751 1131 3809 doch
1154 3750 1232 3807 nicht
1254 3751 1284 3808 ia
1308 3750 1428 3809 salchem
1455 3750 1562 3818 Gnade,
1586 3750 1653 3808 dass
1678 3749 1732 3807 rrir
1755 3749 1802 3807 ian
1827 3750 1881 3809 ruit
1903 3749 2060 3809 Sicberleit
2084 3751 2136 3809 mit

589 3857 694 3916 diesem
712 3856 805 3913 Mona
829 3856 1035 3927 identificicreu
1058 3857 1187 3928 dttrftco.
1207 3886 1251 3894 -
1270 3855 1336 3914 Das
1359 3856 1548 3930 Tapcsdalam
1567 3856 1605 3914 at
1623 3856 1762 3913 cicllcicht
1784 3875 1857 3929 qauz
1879 3857 1980 3915 zalelzt
2003 3876 2055 3915 can
2075 3856 2137 3914 ΕΙ)

590 3964 795 4037 auchpctraqeu
820 3962 941 4021 mordeo.

590 4126 649 4210 (O.)
671 4120 689 4210 ξ
711 4121 752 4185 Iu
774 4123 904 4184 nomine
929 4132 1061 4185 sanctae
1093 4134 1125 4185 ct
1155 4121 1345 4185 individuae
1375 4123 1538 4184 trinitatis.
1584 4121 1760 4184 Heinricus
1783 4121 1894 4185 diuina
1917 4122 2048 4186 favente
2072 4122 2136 4186 cle·

483 4230 606 4294 urentia
628 4251 698 4292 rex.
801 4227 836 4291 Si
861 4226 1018 4291 aeclesias
1042 4227 1095 4291 dci
1119 4227 1257 4291 alicuius
1279 4229 1327 4290 rei
1351 4227 1437 4291 dono
1460 4227 1639 4312 provehere
1663 4228 1716 4291 vel
1741 4227 1844 4292 ditare
1868 4229 2095 4309 studuerimus,
2119 4227 2186 4317 {aa

484 4335 518 4399 id
537 4336 630 4400 nobis
649 4335 852 4420 profuturum
873 4356 944 4397 esse
963 4336 1095 4398 minime
1116 4334 1311 4398 dubitamus.
1356 4333 1564 4419 Quapropter
1583 4334 1726 4398 omnium
1749 4346 1880 4399 sancme
1902 4335 1956 4398 dei
1975 4336 2136 4400 aeclesiae

483 4441 628 4505 fidelium
652 4442 872 4526 praesentium
903 4439 1029 4504 scilicet
1058 4452 1156 4527 atque
1186 4441 1366 4504 futuromnr
1390 4442 1518 4503 noverit
1544 4440 1713 4521 industria,
1745 4442 1883 4526 qualiter
1906 4466 1964 4506 nos
1987 4454 2054 4506 tarn
2077 4466 2136 4528 pro

484 4558 613 4611 nostrae
648 4569 746 4631 quam
781 4548 936 4632 genitoris
975 4549 1077 4611 nostri
1115 4558 1361 4632 ceterorumque
1399 4558 1571 4631 parentum
1608 4558 1791 4612 nostrorum
1829 4550 1957 4611 annuae
1991 4549 2137 4613 remedio

484 4652 649 4738 quoddam
677 4653 846 4737 praedium
872 4654 1002 4716 Halstat
1030 4653 1154 4717 dictum
1184 4654 1217 4716 in
1248 4653 1403 4717 cornitatu
1425 4651 1595 4717 Adelberti
1619 4655 1746 4717 comitis
1776 4666 1810 4718 et
1832 4656 1865 4718 in
1888 4678 1974 4741 pago
1996 4656 2136 4719 Ratenz-

483 4770 611 4844 gouue⁸
635 4757 721 4822 dicto
752 4760 860 4841 situm,
892 4760 1013 4823 additis
1043 4762 1177 4845 insuper
1206 4773 1238 4823 et
1268 4759 1430 4823 adiunctis
1461 4761 1562 4823 nostri
1594 4762 1673 4823 iuris
1703 4761 1864 4824 universis
1894 4761 2037 4847 praediis
2060 4785 2137 4848 que·
2156 4790 2187 4829 aa

484 4886 623 4949 cumque
651 4862 705 4927 vel
735 4864 961 4953 nb[icum]que
992 4868 1025 4929 in
1055 4866 1168 4930 eodem
1199 4889 1285 4952 paga
1313 4867 1365 4929 vel
1396 4889 1501 4951 nuper
1530 4865 1617 4930 dicto
1649 4869 1803 4931 comitatu
1833 4867 2030 4949 habeantur,
2061 4892 2137 4933 cum

484 4992 595 5033 eorum
614 4971 817 5056 pertinentiis
838 4984 871 5035 ct
887 4973 1086 5037 adherentiis
1102 4974 1237 5060 quesitis
1253 4972 1305 5035 vel
1322 4972 1524 5058 inquirendis
1541 4986 1673 5037 sanctae
1690 4972 1959 5059 Babenbcrgensi
1974 4974 2136 5038 aclcsiael‘

483 5076 516 5138 in
540 5074 660 5140 honore
685 5089 818 5141 sanctae
850 5078 904 5142 dei
928 5080 1095 5163 genitricis
1118 5080 1255 5165 virginis
1277 5079 1403 5143 hieriae
1427 5081 1595 5166 sanctique
1618 5081 1709 5144 Petri
1736 5081 1956 5167 apostolorum
1978 5083 2136 5167 principis

484 5193 688 5247 constructae
718 5207 757 5248 ac
787 5184 960 5249 dedicatae
990 5185 1052 5249 hac
1083 5198 1213 5249 nostrae
1243 5187 1444 5249 auctoritatis
1474 5186 1674 5272 praeceptali
1703 5189 1824 5273 pagina
1854 5186 2010 5273 largimur
2036 5200 2135 5274 atque

484 5288 691 5354 concedimus
716 5302 748 5356 et
771 5291 811 5355 de
835 5303 944 5355 nostro
968 5293 1037 5356 inre
1069 5294 1102 5355 in
1133 5294 1202 5356 eius
1232 5294 1282 5355 ius
1313 5315 1351 5356 ac
1376 5292 1554 5355 dominium
1577 5293 1846 5373 transfundimus,
1877 5293 2029 5358 uidelicet
2052 5295 2134 5357 vicis
2153 5322 2184 5360 ta

554 5474 617 5531 188.
642 5476 671 5541 hl
696 5476 816 5544 exceptis
835 5509 868 5516 —
890 5477 971 5543 agris,
995 5478 1210 5529 wohracbciab'ch
1235 5495 1282 5530 son
1305 5479 1418 5543 eleuther
1436 5480 1529 5543 Hand,
1554 5480 1619 5531 aher
1639 5481 1688 5531 der
1709 5480 1780 5532 Zeta
1801 5481 1997 5546 aacboetrayea
2068 5478 2088 5547 i)
2108 5486 2135 5531 rt

642 5549 732 5613 liyim
752 5551 780 5599 ia
798 5550 872 5599 einer·
890 5551 946 5599 dero
966 5554 992 5599 st
1009 5550 1072 5599 sehr
1089 5550 1230 5600 dhalr'cben
1249 5551 1342 5613 Fama,
1363 5566 1392 5602 so
1408 5551 1472 5601 dress
1490 5551 1532 5601 dic
1551 5552 1657 5615 Iamna
1673 5552 1838 5615 miselbaft
1858 5555 1891 5603 ist
1945 5550 1974 5609 k)
1997 5551 2060 5602 tiber
2079 5552 2135 5601 aad

642 5627 720 5670 unm
738 5617 837 5671 dehinc
856 5619 977 5671 habeant
994 5624 1159 5687 potestatem
1179 5621 1306 5672 Abit-acl
1323 5621 1458 5673 owhrcrer
1476 5622 1650 5686 Brabstaben,
1674 5624 1717 5673 dic
1738 5625 1819 5673 ciuem
1838 5624 1895 5685 aas
1908 5623 1959 5674 das
1977 5623 2134 5687 Perpammt

640 5693 756 5755 yeleqteo
775 5692 863 5742 Blattc
882 5698 1061 5753 aaatommca,
1080 5692 1170 5743 (lesam
1188 5693 1293 5756 Scbrist
1311 5693 1378 5743 noch
1395 5693 1469 5744 nictu
1487 5694 1593 5743 trocheo
1611 5710 1671 5744 teor
1741 5693 1762 5757 l)
1778 5701 1818 5744 XV
1838 5695 2040 5760 nacbqetrayea.

553 5778 617 5833 lat.
644 5778 789 5848 [Bresslau]
826 5782 853 5845 a)
875 5797 910 5849 go
929 5784 985 5844 auf
998 5782 1092 5832 Rasar
1163 5780 1192 5841 b)
1209 5783 1233 5832 .1
2152 5799 2181 5839 aa
