4836 6504
511 388 575 456 1⁷8
1110 398 1575 458 KAISERURKUNDEN.

510 589 665 642 mobilibus
683 606 717 642 se
735 591 836 643 ceteris
855 591 981 643 omnibus
1000 608 1072 658 quse
1091 594 1143 644 rite
1162 594 1247 644 scribi
1265 598 1315 644 ant
1333 591 1469 660 appellari
1487 598 1604 660 possunt
1622 591 1806 660 quoquolibet
1818 593 1900 645 medo
1919 592 2096 657 utilitatibus,
2114 593 2168 645 bac

512 703 625 749 nostras
644 699 820 751 auctoritatis
838 698 992 766 preceptsli
1010 701 1122 767 pagins,
1147 705 1230 767 prout
1252 699 1357 751 lirmius
1375 714 1531 768 possumus,
1557 700 1692 751 donamus
1710 706 1795 766 atque
1813 701 2022 767 proprietamus,
2046 702 2170 753 omnium

511 805 732 857 contradictione
758 812 873 867 remota,
896 807 1080 874 precipientes
1106 808 1200 873 igitur,
1223 812 1255 858 ut
1272 807 1352 859 nobis
1370 807 1400 858 iu
1419 807 1472 859 deo
1491 806 1610 859 dilectus
1627 824 1694 874 sepe
1713 808 1806 860 dictae
1825 808 1899 859 sedis
1917 807 2093 860 Eberhardns
2110 809 2168 876 epi·

511 927 615 979 scopus
633 914 732 979 suique
750 927 927 966 successoros
946 912 1060 966 liberam
1079 914 1178 967 debinc
1201 914 1342 966 babeant
1358 919 1524 982 potestatem
1548 914 1666 966 eundern
1688 916 1870 982 prescriptum
1893 913 2003 967 locnm⁰
2028 900 2168 968 Sedorfb

512 1019 617 1071 dictum
637 1036 700 1071 eum
718 1022 845 1073 omnibns
865 1022 1032 1089 appenditiis
1050 1022 1109 1073 suis
1128 1021 1241 1073 tenendi
1263 1021 1423 1089 possidendi
1442 1007 1663 1073 commutandi
1682 1038 1731 1074 seu
1751 1023 1883 1088 quioquid
1901 1024 1955 1074 sibi
1974 1021 2060 1075 libeat
2077 1022 2167 1074 modis
2190 1032 2208 1072 u

512 1128 640 1178 omnibus
659 1130 689 1180 in
706 1144 787 1179 usum
806 1130 982 1196 episcopatus
999 1130 1063 1181 inde
1076 1129 1206 1180 faciendi.
1238 1128 1269 1181 Si
1287 1129 1349 1195 quis
1367 1130 1462 1195 igitur,
1482 1129 1557 1194 qnod
1575 1130 1657 1189 absit,
1675 1130 1758 1181 buius
1776 1136 1887 1182 nostrae
1905 1131 2063 1182 donationis
2080 1131 2168 1182 mnni-

512 1233 652 1286 licentiam
676 1237 818 1288 destruere
843 1238 902 1288 sive
928 1236 1034 1288 violare
1059 1241 1210 1304 presumat,
1233 1237 1262 1287 in
1288 1235 1334 1287 die
1360 1221 1475 1287 iudicii
1498 1252 1590 1288 coram
1616 1235 1705 1287 oeulis
1731 1237 1776 1287 dei
1801 1243 1937 1289 tormento
1963 1236 2170 1305 inextinguibili

514 1339 582 1393 luat
618 1343 752 1405 Quodne
772 1331 913 1413 eveniar,
932 1344 982 1395 sed
999 1346 1069 1395 haee
1087 1344 1201 1395 traditio
1220 1349 1315 1394 nostra
1333 1345 1368 1395 ab
1388 1344 1514 1395 omnibus
1533 1328 1766 1417 perpetualiter
1784 1329 1983 1396 inviolabilis
2001 1351 2169 1412 permaneat,

512 1450 583 1501 hanc
604 1456 707 1501 curtam
725 1451 790 1502 iude
810 1453 993 1518 conscriptam
1011 1467 1096 1502 mann
1114 1451 1225 1518 propria
1244 1451 1406 1503 roborantes
1424 1449 1510 1516 sigilli
1528 1452 1615 1503 nostri
1634 1452 1804 1518 inpressione
1822 1452 1948 1518 insigniri
1964 1453 2102 1504 iussimus.

620 1567 638 1658 ᾗ
662 1569 800 1656 Signum
824 1569 934 1636 domni
957 1571 1108 1636 Heinrici
1132 1578 1197 1651 (Μ.)
1220 1571 1308 1656 regis
1330 1570 1549 1635 invictissimi.
1573 1568 1591 1659 ξ
1990 1619 1993 1625 .
2188 1595 2217 1636 so

621 1710 874 1801 {Eberhardus
898 1712 1113 1779 cancellarius
1136 1714 1210 1778 vice
1234 1711 1401 1800 Unilligisi
1424 1713 1678 1800 archicapellani
1700 1715 1888 1800 recognovi.
1911 1712 1930 1804 ᾖ
2006 1723 2062 1796 (SI.
2080 1722 2122 1795 2.)

621 1855 730 1921 Duta‘l
751 1854 820 1920 kal.
838 1878 915 1921 nov.
933 1855 1112 1922 indictione
1128 1870 1163 1940 V,
1188 1877 1273 1920 anno
1296 1854 1460 1921 dominice
1483 1857 1717 1931 incarnationis
1734 1871 1827 1939 Mvn,
1851 1879 1937 1923 anne
1955 1879 2034 1922 vero
2058 1857 2170 1923 domni

512 1963 663 2028 Heinrici
687 1963 824 2029 secundi
846 1964 1013 2050 regnantis
1028 1978 1083 2047 VI3
1112 1972 1222 2028 actum
1243 1961 1523 2047 Frankonofrut⁸3
1551 1961 1690 2028 feliciter
1712 1963 1835 2029 amend

1293 2297 1380 2385 150.

516 2478 695 2554 Heinrich
719 2478 867 2554 schenkl
891 2478 971 2553 deru
995 2504 1069 2554 ooo
1093 2478 1168 2553 itm
1190 2477 1438 2580 pepluudeten
1463 2478 1627 2553 Bisthum
1652 2478 1837 2581 Bumberp
1867 2479 1938 2554 den
1966 2477 2037 2556 Ort
2058 2479 2168 2556 Holz·
2189 2517 2215 2558 u

511 2599 711 2700 perliupeu.
1638 2625 1809 2698 secuere
1826 2626 2080 2687 recrescente
2094 2628 2122 2687 1.

625 2804 870 2880 Oriqiuuldiplum
892 2803 934 2863 im
955 2803 984 2863 lt.
1001 2803 1208 2863 Reicluurcbiv
1230 2821 1266 2863 zu
1287 2801 1431 2862 Mducbcu
1454 2804 1526 2872 (A).

626 2948 800 3008 Ueservueun
818 2947 875 3022 Ep.
892 2946 1010 3017 Bumb,
1025 2948 1135 3022 proleq.
1153 2948 1193 3007 30
1211 2947 1258 3006 cit.
1275 2974 1321 2984 -·
1338 2945 1419 3005 Mon.
1439 2946 1534 3006 Boion
1550 2948 1618 3018 28⁰,
1636 2948 1696 3006 379
1713 2949 1746 3006 u⁰
1756 2947 1816 3007 241
1834 2966 1888 3007 uus
1905 2950 1941 3007 A.
1958 2978 2003 2987 -
2020 2948 2167 3008 Wireeu.

534 3040 538 3049 '
627 3055 691 3115 us.
708 3056 738 3124 1,
753 3055 815 3114 243
836 3055 869 3113 nr
883 3055 947 3113 206
968 3071 1022 3113 aas
1044 3055 1080 3113 s.
1097 3082 1142 3091 -
1164 3052 1292 3112 suum
1314 3052 1385 3127 eq.
1403 3054 1494 3112 1022.
1510 3083 1555 3091 -
1578 3052 1702 3128 sempr
1721 3054 1792 3130 seq.
1809 3055 1896 3115 1479.

622 3198 691 3271 Auf
704 3198 751 3257 cie
768 3196 1024 3273 Pergameulblutt,
1046 3196 1101 3277 das
1119 3196 1221 3256 bereits
1238 3194 1306 3266 EA,
1329 3195 1564 3255 webrscleiuliels
1581 3196 1613 3255 iu
1631 3196 1683 3255 der
1700 3202 1793 3257 ersten
1810 3198 1876 3257 Zes‘t
1892 3199 1986 3257 seim
2005 3197 2170 3287 Tbltls'pltcs't
2187 3220 2216 3259 so

622 3306 654 3364 iu
677 3306 729 3365 der
750 3304 875 3363 Kanzlei
898 3303 1065 3373 Heinricbv,
1097 3304 1151 3375 scir
1179 3302 1226 3361 eiu
1247 3301 1370 3376 Diplom
1398 3302 1584 3378 beqericbtct
1612 3303 1672 3362 und
1701 3304 1842 3375 eusdem
1870 3323 1903 3363 er
1923 3305 1971 3364 die
1991 3305 2056 3365 drei
2077 3310 2171 3365 ersten

628 3412 727 3473 Worte
748 3412 800 3470 der
823 3408 1011 3486 Sipmmzdle
1040 3409 1099 3469 sud
1121 3409 1175 3468 das
1197 3408 1399 3484 Moriopromm
1428 3409 1600 3484 eupebucbt
1627 3410 1715 3480 butte,
1744 3411 1854 3470 ebriet
1876 3410 1938 3470 ΕΙ)
1959 3412 2033 3471 uoci
2053 3411 2095 3471 D.
2113 3412 2171 3472 149

622 3520 670 3580 die
691 3524 765 3579 erste
787 3519 867 3578 Zeile
888 3517 948 3577 aad
969 3517 1024 3577 deu
1050 3517 1124 3576 Tem
1146 3534 1264 3575 uuseer
1290 3515 1435 3576 Urluude.
1483 3514 1590 3590 Spdter
1619 3518 1700 3592 septe
1727 3517 1826 3577 Be.I
1850 3518 1897 3577 die
1925 3516 2172 3594 Dutiemupszes'le

623 3628 719 3697 binae,
748 3626 808 3686 sord
836 3625 911 3685 wobl
940 3628 999 3684 eret
1027 3624 1101 3683 uoci
1130 3624 1262 3698 leoperer
1284 3622 1349 3680 Ze't
1373 3622 1841 3698 (v91.N.Arctiv22,143f.)
1865 3624 2017 3684 uoHeudete
2037 3625 2097 3686 Bu.
2114 3624 2175 3684 HI

623 3734 677 3795 dus
698 3732 739 3793 D.
758 3732 850 3792 durcb
871 3731 1056 3807 Diutrapuup
1077 3731 1130 3790 der
1150 3730 1267 3790 zwciteu
1289 3729 1397 3800 Rure
1418 3730 1470 3788 der
1492 3728 1681 3805 Siputmzcs'lc
1702 3731 1762 3790 aud
1784 3732 1836 3791 der
1856 3731 2053 3807 Reooquitiou.
2189 3761 2217 3802 η

621 3910 683 3992 lc.)
707 3909 725 4000 ᾗ
747 3910 787 3975 Iu
809 3910 941 3975 nomine
965 3919 1098 3973 sanctae
1123 3917 1156 3972 et
1178 3906 1367 3971 individuae
1390 3907 1554 3972 trinitatis.
1599 3907 1776 3972 Heinricns
1806 3907 1919 3973 divina
1946 3908 2079 3973 favente
2108 3908 2170 3975 cle-

516 4021 640 4087 mentie
662 4041 733 4083 rex.
836 4029 1028 4082 Salnberrimis
1047 4031 1133 4095 igitur
1152 4029 1224 4079 sacri
1243 4027 1348 4092 eloquii
1366 4028 1586 4078 institutionibus
1606 4028 1745 4079 erudimur
1768 4034 1796 4080 et
1818 4029 2003 4089 admonemur,
2021 4022 2036 4096 Ε
2054 4036 2085 4081 ut
2103 4036 2170 4082 tem·

517 4141 625 4210 poralia
651 4140 838 4206 relinquentes
863 4140 938 4189 bons
964 4145 992 4188 et
1017 4143 1126 4188 terrena
1151 4141 1348 4204 postponentes
1374 4135 1518 4185 commoda
1544 4141 1656 4185 aeterna
1679 4141 1706 4185 et
1732 4137 1792 4186 sine
1818 4135 1871 4187 fine
1896 4152 2024 4187 mansura
2048 4139 2078 4188 in
2103 4137 2170 4189 celis

517 4250 678 4300 studeamus
697 4247 813 4313 adipisci
833 4246 1005 4296 consistoria.
1043 4245 1218 4310 Quapropter
1235 4259 1287 4294 nos
1305 4241 1451 4292 dominicis
1473 4257 1530 4293 non
1548 4243 1659 4293 surdum
1679 4241 1805 4293 auditum
1824 4244 1967 4310 prebentes
1986 4245 2124 4311 preceptis
2143 4250 2171 4296 et

518 4357 623 4406 deificis
643 4353 859 4419 obtemperando
878 4352 1051 4402 intendentes
1070 4350 1245 4400 suasionibus
1265 4350 1402 4414 quendam
1425 4355 1536 4400 nostrae
1560 4356 1690 4415 paternae
1714 4350 1875 4401 hereditatis
1899 4349 1990 4401 locnm
2009 4351 2170 4403 Babenberc
2189 4364 2218 4405 su

517 4463 622 4514 dietum
640 4463 669 4513 in
687 4461 780 4512 sedem
800 4466 828 4510 et
847 4457 956 4509 culmen
973 4458 1150 4523 episcopatus
1167 4456 1340 4507 sublimando
1353 4457 1528 4523 proveximus
1546 4464 1574 4506 et
1585 4457 1709 4507 &mana
1722 4458 1888 4508 austeritate
1906 4464 1988 4523 atque
2005 4458 2170 4510 venerabilia

516 4570 642 4621 Heinrici
655 4567 889 4632 wirciburgensis
909 4567 1031 4632 episcopi
1050 4579 1188 4616 consensu
1212 4580 1244 4615 ac
1267 4566 1327 4631 pari
1347 4564 1539 4628 communique
1559 4564 1679 4615 omnium
1702 4566 1789 4614 nostri
1811 4563 1933 4615 fidelium
1956 4570 2011 4615 tam
2036 4564 2170 4632 archiepi-

516 4692 664 4743 scoporum
682 4690 764 4740 qnam
783 4675 975 4739 episcoporum
994 4673 1179 4737 abbatumque
1198 4687 1248 4722 nec
1268 4687 1323 4722 non
1342 4671 1444 4721 ducum
1463 4677 1491 4721 et
1509 4671 1639 4721 comitum
1659 4669 1787 4721 consultu
1807 4671 1972 4736 decretoque
1991 4672 2169 4722 inhonorem

516 4790 630 4834 sanctae
649 4783 694 4833 dei
713 4781 855 4847 genitricis
867 4780 971 4831 Mariae
990 4786 1203 4844 sanctorumque
1223 4775 1409 4845 apostolorum
1422 4778 1499 4827 Petri
1519 4784 1547 4827 et
1559 4775 1640 4827 Pauli
1659 4792 1709 4829 nec
1727 4794 1785 4829 non
1803 4784 1949 4844 martyrum
1962 4776 2065 4828 Kiliaui
2084 4783 2168 4845 atque

517 4892 611 4942 Georii
630 4888 813 4940 stabilivimus
834 4893 861 4939 et
880 4888 1126 4947 corroboravimus,
1153 4893 1185 4937 ut
1209 4892 1237 4937 et
1261 4886 1330 4937 inibi
1355 4891 1479 4936 nostrum
1505 4891 1702 4951 parentumque
1725 4892 1881 4938 nostrorum
1907 4893 1934 4937 et
1953 4886 2062 4937 Ottonis
2086 4887 2168 4936 tercii
2187 4899 2216 4941 ae

516 4996 648 5049 videlicet
665 4998 839 5063 imperatoris
858 4996 1041 5046 antecessoris
1060 5011 1092 5044 ac
1112 4995 1229 5045 senioris
1249 4993 1334 5044 nostri
1354 4990 1463 5043 celebre
1481 4992 1629 5044 haberetur
1647 4991 1804 5044 memoriale
1830 4998 1858 5045 et
1880 4994 1953 5059 iugis
1972 5008 2020 5059 pro
2040 4992 2167 5043 omuibus

517 5106 659 5159 ertodoxis
678 5106 770 5156 hostia
788 5109 956 5153 mactaretur
975 5101 1113 5152 salutaris.
1151 5101 1271 5152 Proinde
1290 5101 1398 5151 noverit
1417 5101 1539 5152 omnium
1557 5100 1645 5152 nostri
1662 5097 1785 5150 fidelium
1803 5107 1859 5151 tarn
1876 5116 1988 5167 presens
2008 5105 2065 5150 etas
2084 5114 2168 5163 quam

517 5221 545 5266 et
563 5229 725 5265 successura
744 5213 899 5278 posteritas,
919 5211 985 5275 quia
1003 5226 1053 5260 nos
1072 5215 1182 5260 nostrae
1196 5208 1331 5272 quendam
1345 5208 1522 5274 proprietatis
1536 5206 1626 5258 locum
1644 5191 1909 5279 Holzgerninge⁸
1927 5206 2031 5257 dictum
2048 5206 2166 5283 inpage

518 5305 719 5372 Glehuntre⁸
739 5326 766 5370 et
784 5320 814 5369 iu
833 5320 965 5369 comitatu
984 5303 1155 5389 Hugonis⁸
1174 5316 1281 5366 comitis
1300 5315 1383 5364 sitnm
1406 5315 1440 5364 ad
1465 5314 1579 5365 eundern
1601 5330 1685 5381 snpra
1708 5313 1811 5365 dictam
1834 5312 2018 5380 episcopalem
2037 5311 2131 5362 sedem
2147 5325 2165 5357 e

518 5445 572 5480 una
590 5445 653 5479 cum
671 5428 799 5480 omnibus
819 5427 877 5477 eius
896 5426 1069 5494 pertinentiis
1095 5425 1154 5474 sive
1180 5423 1372 5482 adhaerentiis,
1391 5420 1522 5473 videlicet
1544 5423 1613 5472 vicis
1632 5420 1706 5472 villis
1726 5422 1870 5473 aecclesiis
1895 5422 1981 5472 servis
2007 5426 2034 5471 et
2057 5416 2167 5469 ancillis
2185 5433 2216 5474 ιο

588 5600 651 5657 lte.
675 5605 701 5667 c)
719 5601 798 5724 licon,
817 5601 884 5653 obss
902 5597 1194 5663 neumanensis,
1213 5598 1239 5648 A
1327 5594 1356 5663 d)
1379 5596 1422 5647 die
1442 5610 1527 5662 panes
1548 5595 1777 5661 Dnts'erunpeces‘le
1799 5612 1849 5649 eoa
1870 5595 1955 5650 Bul
1972 5593 2167 5659 mcbpdrupea

588 5760 653 5819 15⁰.
676 5676 824 5832 Fiiresslsu]
861 5761 888 5830 a)
907 5763 937 5813 in
955 5759 1043 5825 dufer
1058 5758 1190 5825 selaeseu
1207 5757 1297 5810 hacke
1314 5772 1363 5809 son
1383 5755 1438 5806 ΕΙ)
1455 5756 1648 5823 nuchpetruqm
