4804 6498
500 430 562 491 158
1098 438 1560 495 KAISERURKUNDEN.

604 632 662 703 (Ο.)
685 624 703 713 ᾗ
725 626 764 689 In
788 628 919 691 nomine
943 636 1076 690 sanetae
1101 637 1133 690 et
1156 625 1346 689 individuae
1370 625 1554 688 trinitatis⁸.
1594 624 1770 687 Heinricus
1794 622 1907 686 divina
1929 622 2061 686 favente
2085 623 2155 687 ele-

496 733 618 795 mentia
645 754 714 795 rex.
825 731 862 797 Si
891 732 1068 796 acclesiasl’
1099 731 1153 796 dei
1184 731 1369 817 inaugendo
1400 731 1663 811 exaltaverimus,
1689 740 1847 793 'aeternae
1878 731 2154 793 remunerationis

496 836 748 901 emolumentum
778 836 873 901 uobis
904 839 980 902 inde
1012 839 1215 924 profutmum
1245 835 1263 925 ξ
1292 839 1481 924 neutiquam
1516 836 1703 900 diffidimus.
1762 835 1970 921 Quapropter
2004 837 2152 899 omnium

496 956 629 1007 sanctae
660 944 714 1008 dei
745 944 927 1008 acclesiaeb
956 944 1101 1009 lidelium
1137 945 1336 1030 presentium
1371 942 1496 1006 scilicet
1530 966 1569 1005 ac
1604 942 1784 1006 futurorum
1819 943 1946 1005 noverit
1978 942 2152 1023 industria,

496 1049 636 1135 qualiter
658 1073 717 1114 nas
741 1062 808 1113 tam
832 1073 890 1135 pro
914 1062 1044 1114 nostrae
1076 1073 1173 1136 quam
1204 1074 1262 1136 pro
1293 1049 1523 1113 dilectissimae
1557 1048 1747 1112 contectalis
1778 1062 1907 1112 nostrae
1931 1048 2152 1133 Ounigimdae
2181 1072 2198 1110 s

495 1155 649 1219 videlicet
673 1158 805 1243 reginae
829 1158 958 1221 animae
981 1157 1125 1221 remedio
1146 1170 1278 1220 sanetae
1298 1156 1558 1240 Barigcnsiensis
1580 1155 1760 1218 aecclesiae
1780 1153 1944 1217 sororibus
1963 1153 2023 1218 sub
2044 1156 2153 1218 sancti

495 1261 668 1327 Benedicti
699 1262 812 1347 regula
843 1261 1038 1347 degentibus
1069 1262 1232 1348 quoddam
1263 1263 1365 1325 nostri
1395 1262 1474 1324 iuris
1504 1261 1653 1346 predium
1684 1260 1792 1324 taliter
1821 1259 1980 1324 donantes
2003 1263 2151 1346 proprie-

495 1378 602 1431 tamus
621 1369 655 1431 in
674 1380 884 1453 augmentum
903 1369 1148 1454 stipendiorum,
1169 1369 1308 1455 qualiter
1325 1368 1449 1431 Emust
1468 1390 1577 1432 comes
1596 1369 1686 1430 visus
1706 1380 1755 1431 est
1773 1366 1958 1452 possedisse
1978 1367 2011 1430 id
2029 1368 2151 1452 ipsum,

496 1474 697 1538 Tollunstein
722 1475 846 1539 dictum
869 1477 902 1538 in
927 1498 1012 1561 pago
1037 1475 1256 1540 Sualeueldun
1280 1476 1376 1539 situm
1400 1487 1432 1537 et
1455 1476 1490 1538 in
1513 1475 1668 1538 comitatu
1689 1473 1889 1537 Werinharii
1912 1475 2047 1555 comitis
2073 1497 2151 1537 cunr

496 1579 646 1645 omnibus
677 1581 821 1645 eiusdem
854 1582 960 1667 predii
995 1580 1227 1645 adherentibus
1262 1593 1294 1644 et
1329 1580 1534 1666 appendiciis
1564 1580 1718 1644 videlicet
1755 1580 1838 1643 villis
1868 1582 1954 1643 areis
1988 1580 2151 1644 aediliciis
2175 1604 2208 1642 ro

495 1688 667 1772 mancipiis
691 1689 860 1774 utriusque
884 1711 983 1752 sexus
1007 1690 1100 1751 terris
1125 1687 1219 1752 cultis
1250 1699 1282 1751 et
1312 1687 1442 1751 incultis
1466 1689 1622 1773 quaesitis
1645 1687 1697 1750 vel
1728 1687 1931 1772 inquirendis
1954 1688 2017 1750 viis
2049 1687 2151 1749 inviis

497 1792 638 1857 exitibus
663 1803 695 1857 et
717 1794 877 1859 reditibus
901 1796 1002 1880 pratis
1027 1796 1157 1880 pascuis
1181 1794 1375 1881 conpascuis
1399 1795 1469 1857 sive
1494 1795 1603 1879 apium
1631 1795 1762 1878 pascuis
1793 1792 1883 1855 silvis
1907 1794 2028 1878 saginis
2052 1794 2151 1878 aquis

496 1899 690 1963 molendinis
720 1901 963 1985 piscacionibus
994 1902 1176 1986 ceterisque
1210 1899 1359 1964 omuibus
1391 1922 1474 1985 quae
1505 1901 1565 1962 rite
1595 1899 1660 1963 dici
1691 1899 1744 1962 vel
1774 1898 1873 1962 scribi
1905 1911 2040 1984 possunt
2069 1922 2150 1985 quo-

496 2004 643 2091 quolibet
660 2006 756 2070 modo
776 2006 969 2071 utilitatibus
989 2018 1022 2071 et
1041 2007 1255 2092 appendiciis.
1291 2007 1515 2091 Preeipientes
1536 2007 1636 2091 igitur
1654 2005 1756 2091 regali
1775 2008 1966 2070 auctoritate
1986 2004 2150 2085 iubemus,

496 2112 649 2198 quatinus
672 2111 838 2177 benedicti
869 2136 997 2198 semper
1026 2114 1135 2198 gregis
1158 2113 1357 2177 moderatrix
1388 2114 1457 2175 sive
1488 2110 1654 2176 abbatissa
1677 2124 1744 2175 tam
1767 2134 1902 2196 presens
1926 2133 2024 2197 quam
2048 2113 2151 2175 etiam
2173 2134 2204 2173 rs

496 2218 683 2303 profuturac
707 2217 844 2283 liberam
869 2219 987 2283 dehinc
1011 2218 1131 2283 lrabeat
1154 2230 1348 2305 potestatem
1378 2230 1453 2282 ante
1477 2218 1600 2283 dictum
1624 2218 1773 2304 predium
1802 2217 1936 2282 tenendi
1960 2218 2152 2304 possidendi

497 2324 626 2389 colendi
657 2325 853 2390 aedificandi
884 2326 1080 2390 advocatum
1111 2325 1353 2411 superponendi
1382 2348 1440 2388 seu
1471 2324 1627 2410 quicquid
1655 2322 1718 2388 sibi
1745 2323 1846 2388 libeat
1869 2324 1973 2388 modis
1997 2324 2151 2389 omnibus

498 2430 566 2520 [a]d
591 2430 710 2519 [ulsum
734 2432 1028 2496 sanctimonialium
1052 2434 1085 2496 in
1108 2430 1313 2518 prelilibatab
1336 2431 1498 2516 Bargcnsi
1522 2431 1683 2495 aecclesia
1706 2431 1768 2495 deo
1791 2430 1980 2495 monachice
2004 2432 2151 2495 sarrien-

495 2539 577 2601 tium
600 2538 754 2606 faciendi.
809 2539 854 2602 Et
877 2549 912 2603 ut
934 2538 1016 2602 haee
1039 2550 1170 2602 nostrae
1194 2538 1377 2602 traditionis
1402 2540 1471 2602 sive
1496 2537 1679 2601 donationis
1702 2539 1858 2601 maiestas
1882 2536 2006 2601 stabilis
2038 2550 2071 2601 et
2101 2539 2151 2601 in·

497 2644 655 2709 convulsa
684 2658 884 2731 permaneat,
916 2645 1000 2709 hane
1031 2658 1154 2709 cartam
1185 2644 1261 2708 inde
1293 2646 1510 2730 conscriptam
1540 2668 1638 2708 manu
1668 2647 1800 2730 propria
1830 2643 2020 2707 roborantes
2050 2644 2150 2729 sigilli
2173 2675 2203 2712 20

496 2753 598 2816 nostri
621 2753 823 2837 inpressione
848 2752 997 2837 insigniri
1019 2753 1183 2815 iussimus.

603 2891 621 2981 ᾗ
645 2892 782 2979 Signum
807 2893 917 2957 domni
941 2894 1092 2957 Heinrici
1115 2901 1179 2971 (Μ.)
1204 2895 1291 2980 regis
1315 2896 1529 2958 invictissimi.
1554 2892 1571 2981 ᾖ

603 3033 854 3123 {Eberhardus
879 3035 1093 3099 cancellarius
1116 3037 1189 3099 viee
1215 3036 1378 3120 Uuilligisi
1402 3036 1656 3122 archicapellani
1679 3037 1865 3121 recognovi.
1889 3033 1907 3123 ᾗ
1983 3044 2103 3113 (81.2.)

604 3177 693 3241 Data
715 3192 802 3241 XVII.
826 3177 892 3240 kal.
917 3179 992 3241 mai.
1017 3176 1194 3261 indictione
1219 3192 1253 3257 V,
1277 3200 1362 3240 armo
1387 3178 1569 3242 dominicae
1592 3178 1825 3242 incarnationis
1844 3192 1936 3259 MVII,
1960 3200 2046 3241 anno
2070 3200 2150 3241 vero

497 3283 608 3349 domni
631 3284 779 3348 Heinrici
804 3283 939 3348 secundi
963 3285 1130 3369 regnantis
1153 3299 1193 3367 v3
1224 3294 1332 3348 actum
1357 3284 1566 3367 Radesbone3
1598 3284 1737 3349 feliciter
1759 3308 1865 3348 amen.
2060 3326 2066 3331 ·
2170 3312 2200 3350 aa

1280 3600 1367 3687 aa.
1445 3554 1447 3557 ’

496 3761 675 3833 Heinrich
702 3762 869 3859 bestd'tipt
903 3762 969 3834 der
1003 3762 1255 3859 biscbbfliedea
1282 3762 1419 3836 Kircde
1456 3788 1500 3836 za
1527 3763 1677 3836 l’ercelli
1711 3761 1791 3860 aas
1811 3760 1947 3838 Grand
1978 3788 2052 3834 oon
2083 3761 2151 3833 Ur-

496 3878 643 3953 lunden
678 3879 794 3952 Karta
828 3878 904 3952 III.
937 3880 1018 3953 aad
1054 3879 1164 3955 Otto's
1200 3878 1275 3952 Ill.
1304 3882 1523 3955 aarumtlicl
1559 3879 1794 3981 auspefr‘ibrtc
1827 3880 2066 3980 Besitzunpea
2099 3883 2149 3953 im

499 3997 626 4075 Getta
648 4025 720 4071 voa
746 3998 867 4089 lvrea,
893 3998 1052 4072 Novaro
1077 3999 1158 4071 aad
1182 3999 1342 4072 Vercelli.
1674 4027 1858 4102 Repaisbrrry
1880 4028 1960 4087 1007
1983 4056 2025 4064 -
2049 4057 2102 4085 -,

597 4205 755 4276 ·Abscbrist
777 4205 826 4263 dea
851 4206 898 4263 12.
915 4206 943 4266 J
943 4205 970 4264 b.
995 4206 1036 4264 im
1061 4204 1288 4279 Capitclsarrdic
1310 4225 1345 4263 za
1365 4206 1483 4264 Vercelli
1508 4206 1577 4272 (B).
2170 4227 2200 4265 ao

603 4347 729 4405 Ferrero
748 4346 795 4405 De
813 4348 874 4405 vita
891 4366 914 4406 a.
936 4347 1054 4405 Eusebii
1072 4348 1132 4405 358
1151 4366 1203 4405 aas
1221 4348 1259 4406 B.
1280 4378 1323 4385 -
1345 4348 1456 4407 Cerauno
1475 4348 1609 4406 Discorsi
1632 4347 1778 4406 historiali
1801 4350 1861 4405 356
1882 4346 1954 4421 Rep.
1974 4366 2027 4405 ares
2046 4347 2084 4405 B.
2109 4377 2150 4386 —

603 4453 742 4511 Pronoea
762 4452 846 4511 Sam·
865 4454 960 4512 critici
979 4455 1037 4511 381
1056 4457 1088 4511 a⁰
1102 4445 1187 4511 32bu
1205 4474 1258 4513 aas
1276 4455 1333 4513 Me.
1356 4455 1502 4513 Terruaei.
1520 4484 1560 4492 -
1581 4454 1703 4513 Gubotto
1721 4455 1752 4511 ia
1772 4454 1858 4511 Arci.
1879 4460 1948 4512 ster.
1969 4453 2098 4512 Italicae
2115 4454 2149 4523 V,

604 4560 651 4630 17,
669 4562 730 4619 320
752 4578 805 4618 aas
828 4560 858 4617 B
880 4561 925 4618 als
948 4562 1054 4619 reiecit.
1079 4590 1123 4598 -
1147 4559 1270 4635 Stamps
1288 4562 1359 4635 Rep.
1384 4562 1469 4619 1415.

606 4702 740 4772 Vcrfasst
754 4722 809 4761 voa
824 4703 952 4773 Biacbos
964 4703 1022 4761 Leo
1040 4722 1091 4762 rou
1108 4703 1237 4772 Venelli,
1252 4706 1308 4777 apl.
1326 4705 1365 4762 N.
1383 4704 1558 4774 12611122,
1576 4705 1659 4777 ooffi
1676 4704 1823 4763 Gubotto's
1838 4705 1987 4763 Bedeakeu
2003 4724 2087 4779 papea
2102 4705 2150 4763 die

602 4809 736 4868 Echtdeit
759 4810 826 4868 aiud
848 4810 1048 4884 aabeprr‘r'adet.
1074 4839 1117 4847 -
1141 4810 1203 4867 Zur·
1225 4810 1359 4883 Deutrmp
1389 4812 1440 4868 der
1466 4812 1635 4869 Ortmamca
1659 4813 1714 4884 apl.
1737 4810 1850 4884 Cipolla
1872 4811 1903 4869 ia
1922 4812 1985 4869 Ani
2007 4811 2082 4869 delle
2105 4811 2146 4870 R.
2168 4838 2200 4877 ³5

602 4915 707 4974 dread.
732 4916 764 4974 di
787 4917 894 4975 Terina
914 4919 965 4985 26,
988 4918 1048 4975 672
1063 4917 1096 4989 ff.
1119 4918 1179 4973 683
1196 4920 1219 4987 s.
1242 4918 1301 4975 und
1319 4917 1526 4976 Durrastddtcr
1544 4917 1699 4991 Reiehsput
1716 4919 1788 4975 207.
1805 4920 1869 4975 222
1893 4920 1916 4988 f.
1933 4918 1997 4975 227
1998 4964 2004 4975 .

602 5083 642 5146 In
664 5085 795 5149 nomine
819 5094 931 5148 sancte
957 5096 988 5147 et
1016 5083 1185 5147 individue
1212 5085 1375 5148 trinitatis.
1422 5086 1585 5149 Henricus
1616 5084 1669 5148 dei
1700 5087 1806 5171 gratia
1836 5108 1905 5149 rex.
2028 5085 2149 5149 Notum

496 5192 536 5253 sit
561 5189 721 5271 omnibus,
747 5189 869 5278 [quia]⁸
894 5201 1016 5255 cortem
1047 5191 1170 5276 regiam
1202 5214 1264 5276 que
1296 5191 1415 5255 dieitur
1438 5192 1525 5256 Orco
1556 5203 1588 5255 et
1617 5191 1735 5255 vallem
1760 5191 1854 5255 Oleui
1885 5204 1917 5255 et
1946 5194 2054 5255 omnia
2077 5192 2149 5256 eius

495 5297 692 5382 pertinentia
710 5308 822 5359 sancto
842 5295 987 5360 Eusebio
1006 5296 1199 5361 donavimus
1222 5297 1254 5359 iu
1276 5308 1470 5383 perpetuum
1493 5297 1671 5361 secundrmr
1694 5312 1883 5384 preceptum
1903 5298 2013 5363 domui
2031 5298 2150 5362 Karuli

495 5404 701 5489 imperatoris
724 5415 870 5488 tempore
894 5403 1063 5466 Liutuardi
1095 5405 1241 5489 episcopi
1272 5404 1493 5483 concessurer
1523 5405 1610 5489 quod
1640 5403 1724 5467 bene
1756 5404 1953 5468 credidimus
1977 5416 2010 5469 et
2032 5404 2148 5468 melius
2167 5434 2200 5472 ιο

567 5614 630 5670 ltl.
656 5613 801 5683 [Bresslau]
839 5616 865 5679 a)
882 5619 912 5666 ta
931 5616 995 5666 aber
1012 5617 1060 5665 der·
1079 5616 1149 5667 Zeila
1168 5616 1360 5682 aachpetrapea
1430 5616 1504 5683 b)A
1578 5620 1603 5681 c)
1626 5620 1660 5683 A,
1680 5617 1750 5669 wohl
1766 5622 1829 5669 dett
1848 5615 2009 5685 postfutura.

567 5702 630 5758 182.
657 5702 888 5771 [Rieger-Bloch]
926 5706 952 5771 a)
973 5703 1038 5767 fehlt
1057 5706 1086 5754 in
1105 5705 1145 5763 B,·
1163 5710 1274 5769 aqum
1292 5705 1435 5757 adeladem
1455 5706 1649 5771 ror-rriependea
1669 5706 1902 5758 Gedroadrbeo'a
1990 5706 2020 5772 b)
2041 5708 2148 5759 daumii

658 5774 747 5827 Lache
765 5791 815 5826 ron
834 5777 898 5825 lem
918 5777 947 5825 in
966 5775 1006 5835 B,·
1031 5776 1088 5825 dem
1107 5776 1191 5826 Sinna
1209 5777 1277 5826 uach
1296 5777 1407 5827 bruach!
1425 5777 1511 5828 naehta
1528 5794 1562 5827 zu
1581 5778 1667 5841 feblcn
