4828 6520
1124 422 1585 481 KAISERURKUNDEN.

628 622 677 682 des
692 623 741 681 12.
757 622 949 681 &auctius
963 621 1109 681 uruca
1124 621 1171 680 11.
1187 620 1243 681 Jb.
1260 626 1400 680 masters
1414 620 1485 680 seia.
1503 619 1695 680 -Dervoa
1713 620 1892 680 Wciluadt'a
1907 621 1946 679 N.
1964 620 2073 679 Archiv
2087 621 2118 691 4,
2132 623 2173 680 72

628 748 682 789 aas
714 730 804 789 duem
839 728 989 788 dicerem
1025 726 1121 788 Codes
1154 728 1265 787 eitierte
1297 727 1427 787 deutsche
1463 726 1725 803 Urlruadeauuszue
1758 728 1797 787 ist
1830 729 1904 787 narb
1937 727 2082 787 Woraau
2115 729 2175 787 aad

627 835 793 911 Datierwtq
822 836 876 895 mit
904 836 968 894 dem
989 833 1031 894 D.
1048 837 1108 895 516
1130 835 1280 906 idmlisct,
1310 853 1368 893 aar
1389 835 1457 893 dass
1486 834 1550 893 bier
1578 835 1681 894 beretts
1703 834 1921 894 Niedcreltaiclt
1950 854 1989 893 aa
2019 835 2066 893 dic
2088 833 2177 894 Stella

627 962 683 1002 voa
707 942 838 1002 Guatlter
859 942 919 1001 aad
940 942 1111 1001 Riactnaclt
1133 946 1255 1017 ectreten
1277 942 1335 1015 ist;
1356 941 1403 1001 dic
1417 942 1577 1010 denubere,
1599 941 1668 1000 duas
1689 942 1754 1001 bier
1775 942 1846 1001 aoclt
1867 942 1914 1001 eia
1936 941 2008 1001 Rcst
2029 943 2082 1001 der
2103 943 2174 1002 obes

627 1051 817 1110 vermaltetea
840 1051 1004 1108 velorum
1026 1049 1162 1109 Urlrandc
1183 1049 1306 1124 eleicltea
1329 1047 1456 1108 Datum
1477 1049 1606 1107 &baltea
1627 1049 1678 1119 sei,
1702 1048 1778 1107 wird
1800 1049 1891 1108 darclt
1912 1048 1967 1108 des
1988 1049 2210 1120 Kairertitcl,s

627 1159 679 1217 der
700 1176 765 1217 cam
787 1158 881 1218 Jaltre
903 1158 983 1217 1009
1005 1157 1084 1215 aiom
1099 1161 1195 1231 parat,
1219 1157 1452 1232 aaseeecltlossea.

628 1361 686 1451 (C.)
709 1360 727 1450 ᾖ
749 1362 789 1426 ln
818 1362 948 1425 nomine
979 1371 1091 1425 sancte
1122 1371 1154 1425 et
1183 1359 1351 1425 individue
1382 1361 1545 1425 trinitatis.
1598 1360 1774 1425 Heinricus
1805 1359 1918 1425 divina
1947 1360 2079 1425 favente
2109 1360 2177 1425 cle·

519 1470 646 1535 mentia
673 1469 893 1533 Romanorum
923 1469 1101 1554 imperator
1130 1465 1338 1556 augustus}
1445 1480 1629 1531 Plantationis
1654 1483 1789 1547 emurque
1814 1480 1943 1533 surculus
1968 1489 2067 1534 nauco
2094 1484 2178 1533 vindi

519 1593 670 1658 imputatne
689 1596 793 1656 quanto
812 1591 905 1656 sepius
924 1589 1003 1653 aquis
1023 1588 1197 1639 circumfusis
1219 1589 1357 1654 irrigatur,
1382 1595 1460 1639 tanto
1486 1588 1568 1639 citius
1595 1589 1677 1639 ramis
1702 1589 1891 1640 crescentibus
1917 1590 1946 1639 in
1970 1591 2095 1640 arborem
2122 1591 2176 1640 eri·

519 1700 602 1764 gitur.
648 1691 790 1769 Ecclesiae
818 1698 904 1763 igitur
930 1697 976 1747 dei
1003 1696 1205 1763 comparationi
1232 1696 1321 1747 eidem
1348 1711 1399 1746 nos
1427 1700 1691 1762 recompensantes⁸
1720 1696 1886 1762 ubicumque
1915 1695 2040 1748 locorum
2067 1699 2179 1749 noviter
2197 1712 2224 1753 ru

519 1804 666 1872 plantatas,
685 1806 709 1854 si
727 1805 807 1855 bonis
825 1805 926 1855 uostris
945 1802 1087 1868 aliquanto
1106 1803 1253 1870 benignius
1271 1803 1402 1854 adhibitis
1420 1802 1605 1864 sublevamus,
1631 1810 1709 1854 tauto
1729 1820 1776 1854 eas
1795 1805 1877 1855 citius
1896 1806 1925 1854 in
1944 1804 2039 1854 divina
2056 1803 2180 1855 feliciter

520 1911 602 1963 laude
621 1927 780 1962 excrescere
798 1918 931 1976 tantoque
956 1926 1007 1962 uos
1032 1910 1135 1960 firmius
1153 1911 1261 1977 imperii
1279 1911 1366 1961 nostri
1385 1909 1493 1961 culmen
1510 1908 1634 1960 stabilire
1654 1909 1772 1961 fideliter
1793 1911 1962 1962 confidimus
2000 1912 2180 1978 Quapropter

520 2021 642 2070 omnium
660 2019 706 2069 dei
724 2019 866 2084 nostrique
885 2016 1006 2068 fidelium
1025 2019 1198 2068 universitati
1216 2025 1311 2068 notum
1331 2033 1391 2069 esse
1411 2017 1546 2078 volumus,
1572 2016 1692 2083 qualiter
1709 2034 1760 2068 nos
1779 2019 1814 2069 ob
1833 2019 2015 2069 interventum
2040 2027 2081 2069 ac
2108 2021 2179 2087 peti·

519 2128 623 2178 tionem
648 2124 749 2197 dilecte
775 2126 902 2191 coniugis
927 2130 1019 2195 nostre
1039 2109 1258 2200 chunigunde
1282 2126 1464 2191 imperatricis
1483 2131 1600 2195 auguste
1617 2138 1634 2170 a
1655 2132 1683 2176 et
1701 2126 1838 2175 Bruuonis
1857 2125 2039 2190 Augustensis
2058 2126 2178 2196 ecclesie

518 2231 634 2304 presulis
661 2248 712 2284 uec
737 2249 794 2284 nou
819 2232 970 2284 Gotehsrdi
995 2231 1264 2283 Hildinisheiruensis
1290 2230 1456 2283 venerabilis
1480 2233 1604 2298 episcopi
1632 2239 1660 2283 et
1687 2240 1842 2283 ceterorum
1869 2231 1992 2283 fidelium
2017 2240 2177 2285 nostrorum
2196 2244 2223 2286 1⁸

521 2339 677 2392 Gebehardi
703 2340 932 2407 Redispouensis,
965 2340 1105 2390 Benuouis
1132 2340 1307 2390 Patauiensis
1339 2340 1532 2406 episcoporum
1563 2341 1598 2390 ad
1630 2339 1776 2409 ecclesiam
1806 2342 1888 2391 sitam
1918 2342 1947 2391 in
1978 2341 2089 2392 heremo
2120 2357 2176 2409 que

521 2454 637 2498 vocatur
662 2446 824 2498 Norduvald
849 2463 866 2496 a
888 2446 1040 2497 Guntherio
1064 2447 1198 2498 monacho
1223 2447 1293 2497 inibi
1317 2446 1443 2513 primitus
1467 2448 1656 2497 heremiticam
1680 2449 1765 2498 vitam
1790 2448 1910 2499 ducente
1935 2454 2121 2499 constructam
2148 2450 2179 2499 iu

519 2555 623 2605 honore
641 2555 866 2623 victoriosissime
886 2554 976 2604 crucis
994 2558 1144 2623 sancteque
1163 2553 1209 2604 dei
1234 2555 1376 2620 genitricis
1394 2554 1481 2623 Marte
1506 2570 1558 2604 nec
1584 2571 1640 2605 non
1663 2555 1737 2606 beati
1757 2554 1888 2606 Iohannis
1907 2557 2026 2625 baptiste
2046 2557 2075 2605 iu
2094 2571 2178 2605 usum

519 2662 631 2712 fratrum
657 2662 697 2711 ibi
722 2661 773 2713 deo
798 2662 850 2711 sub
876 2659 974 2727 regula
996 2661 1086 2711 sancti
1109 2660 1254 2711 Benedicti
1279 2661 1465 2722 servientium,
1491 2662 1623 2726 quicquid
1648 2661 1792 2713 habuimus
1811 2679 1828 2712 a
1857 2649 1946 2713 fonte
1979 2679 2078 2733 aque,
2113 2672 2178 2736 que

519 2765 657 2820 vocatur
686 2770 837 2836 Leipfliusa
864 2777 968 2841 nsque
998 2753 1042 2818 ad
1070 2754 1178 2818 locum
1208 2754 1264 2840 qui
1292 2764 1430 2819 vocatur
1460 2753 1796 2819 Suvarzahauviuchil
1829 2765 1862 2820 et
1890 2755 1967 2820 inde
1998 2778 2102 2842 usque
2135 2754 2178 2819 ad
2194 2779 2221 2820 u

520 2872 663 2927 montem
686 2863 743 2948 qui
765 2872 902 2927 vocatur
923 2859 1223 2925 Ekkirichisbuoch
1246 2862 1348 2925 etita
1374 2882 1479 2947 usque
1506 2860 1550 2925 ad
1579 2883 1699 2947 aquam
1728 2884 1792 2951 que
1816 2874 1954 2926 vocatur
1977 2877 2178 2927 forchenbach

521 2979 553 3033 et
576 2968 651 3033 inde
676 2968 719 3033 ad
740 2967 997 3051 Holerenberch,
1025 2989 1129 3054 usque
1153 2966 1231 3031 dum
1254 2968 1368 3033 venias
1391 2967 1688 3049 Plecheutenstein‚
1713 2978 1745 3032 et
1767 2968 1844 3033 inde
1867 2968 1911 3033 ad
1934 2967 2175 3034 Grazaenbaeh

521 3086 554 3141 et
577 3078 624 3140 sic
647 3074 689 3140 ad
712 3076 835 3140 fontem
857 3076 959 3161 ipsius
983 3097 1068 3163 aque
1092 3075 1192 3139 etita
1219 3096 1279 3161 per
1306 3097 1426 3162 aquam
1456 3097 1520 3164 que
1550 3074 1669 3139 dicitur
1690 3074 1870 3162 Flinspach
1894 3085 1926 3140 et
1948 3076 2036 3157 hinc,
2059 3100 2091 3140 ut
2111 3092 2177 3141 aab

519 3198 692 3247 terminatum
717 3202 765 3257 est,
791 3181 834 3246 ad
859 3196 958 3246 flumen
982 3196 1073 3261 Regin
1098 3202 1125 3246 et
1149 3213 1198 3262 per
1221 3197 1382 3247 descensum
1407 3196 1497 3263 Regin
1522 3196 1639 3246 fluminis
1665 3212 1751 3263 usque
1781 3199 1810 3247 iu
1839 3195 1914 3247 illam
1939 3199 2088 3263 Piperaba,
2123 3215 2176 3264 que

519 3304 636 3355 duarum
653 3298 812 3370 Pipera[ha]
834 3303 925 3354 media
942 3305 1084 3364 interfluit,
1110 3310 1139 3354 et
1163 3305 1203 3354 sic
1228 3319 1337 3354 sursum
1355 3320 1404 3369 per
1423 3303 1538 3354 eandem
1556 3303 1694 3370 Piperaha
1718 3320 1805 3370 usque
1830 3304 1865 3354 ad
1892 3303 1990 3366 laeum,
2017 3307 2065 3371 qui
2083 3308 2176 3357 estin
2193 3316 2221 3358 st

520 3418 613 3461 monte
632 3410 803 3471 Hauaavich,
824 3418 852 3461 et
870 3412 933 3462 inde
955 3419 1016 3484 per
1038 3396 1212 3461 decursum
1235 3419 1321 3484 aque
1344 3419 1408 3484 que
1430 3406 1567 3460 vocatur
1585 3395 1716 3461 Sebach
1736 3419 1764 3462 et
1781 3413 1823 3462 sic
1844 3412 2099 3473 *interemoto
2120 3420 2175 3465 ter-

521 3519 652 3568 minatum
670 3523 720 3578 est,
740 3534 827 3584 usque
846 3519 882 3569 ad
900 3516 1002 3578 locum,
1020 3519 1067 3568 ubi
1084 3517 1261 3584 Kelbiripacb
1278 3518 1354 3568 cadit
1368 3519 1398 3567 in
1414 3516 1514 3568 Album
1530 3518 1626 3583 Regin,
1643 3531 1661 3564 a
1682 3536 1769 3585 nsque
1786 3521 1814 3569 in
1830 3519 2047 3585 Alioltrcabergh
2065 3528 2093 3571 et
2111 3522 2177 3573 inde

521 3627 557 3676 ad
575 3640 703 3690 magnum
721 3624 848 3691 lapidem,
874 3626 975 3691 quiex
992 3624 1120 3676 orientali
1142 3624 1224 3692 plaga
1248 3641 1333 3692 prope
1356 3631 1469 3676 stratam
1487 3626 1569 3685 iacet,
1597 3641 1650 3696 que
1675 3627 1704 3677 in
1723 3628 1860 3678 Bauvarit
1883 3627 1980 3687 tendit,
2006 3634 2034 3679 et
2058 3630 2098 3678 sic
2128 3646 2178 3696 per

520 3738 634 3783 stratam
652 3741 755 3804 usque
774 3718 818 3783 ad
836 3734 950 3798 Nigrum
968 3734 1058 3799 Regin
1078 3730 1111 3783 et
1129 3719 1177 3783 sic
1196 3740 1324 3782 sursum
1341 3740 1402 3805 per
1420 3717 1561 3782 eundem
1578 3717 1714 3783 fluvium
1737 3719 1781 3784 ad
1802 3719 1920 3804 locum,
1943 3719 2000 3784 ubi
2018 3721 2178 3786 interfluit

521 3848 608 3912 aqua
624 3825 793 3908 Fladniza‚
818 3836 851 3890 et
873 3824 949 3890 inde
974 3824 1017 3889 ad
1039 3824 1163 3890 fontem
1184 3824 1330 3890 eiusdem
1353 3847 1438 3914 aque
1462 3826 1558 3889 etita
1574 3847 1679 3912 usque
1700 3827 1734 3890 in
1752 3826 1938 3909 Lauffiuna
1964 3858 2026 3891 eam
2046 3845 2176 3894 omnibus
2193 3852 2220 3893 aa

521 3944 692 4007 utensilibus,
718 3962 779 3997 cum
802 3948 873 3997 areis
899 3946 1014 4017 edificiis
1040 3948 1113 4012 agris
1137 3948 1218 3996 terris
1237 3945 1316 3996 cultis
1343 3952 1370 3997 et
1388 3944 1499 3998 incultis
1517 3948 1602 4013 pratis
1622 3949 1731 4013 pascuis
1748 3961 1765 3992 c
1785 3946 1863 3997 silvis
1882 3950 2075 3999 venationibus
2093 3952 2176 4016 aquis

521 4071 689 4120 aquarumve
715 4055 876 4106 decursibus
903 4055 1102 4121 piscationibus
1126 4052 1205 4105 molis
1231 4053 1394 4106 molendinis
1419 4055 1471 4104 viis
1497 4060 1525 4104 et
1549 4055 1631 4105 inviis
1656 4056 1775 4105 exitibus
1800 4062 1828 4105 et
1853 4056 1986 4121 reditibus
2012 4057 2129 4125 quesitis
2149 4064 2177 4109 et

520 4162 692 4229 inquirendis
714 4178 764 4213 seu
787 4177 848 4212 cum
867 4164 941 4212 omui
960 4160 1080 4213 utilitate
1106 4178 1160 4231 que
1186 4160 1244 4213 ullo
1263 4162 1345 4213 modo
1365 4162 1430 4212 iude
1449 4163 1593 4228 provenire
1613 4163 1715 4229 poterit
1736 4179 1785 4228 per
1804 4162 1856 4212 boc
1874 4168 1997 4213 nostrum
2016 4172 2177 4231 preceptum

520 4272 549 4320 iu
575 4270 716 4336 proprium
741 4270 903 4320 donavimus
929 4275 1012 4334 atque
1039 4268 1268 4328 confirmavimus,
1294 4286 1327 4319 ea
1352 4269 1484 4320 videlicet
1508 4271 1615 4320 ratione
1643 4275 1673 4319 ut
1697 4287 1777 4320 nemo
1796 4268 1911 4320 ulterius
1930 4270 2032 4335 absque
2051 4271 2177 4321 eiusdem

521 4371 653 4448 ecllesieb
672 4378 821 4442 provisoris
840 4392 1006 4441 suorumque
1024 4391 1216 4427 successorum
1242 4375 1355 4427 licentia
1379 4381 1544 4442 potestatem
1569 4378 1670 4427 habeat
1694 4376 1807 4427 novalia
1832 4377 1952 4427 faciendi
1977 4378 2102 4443 piscandi
2131 4383 2177 4429 aut
2193 4383 2220 4427 tt

521 4483 578 4535 ullo
603 4486 715 4550 iugenio
741 4485 813 4535 feras
838 4483 993 4549 decipiendi
1019 4491 1067 4534 aut
1092 4481 1241 4547 quamlibet
1266 4489 1431 4549 potestatem
1449 4484 1520 4534 inira
1538 4485 1716 4549 prescriptum
1734 4484 1878 4535 terminum
1898 4486 2053 4536 exercendi.
2089 4485 2127 4535 Et
2146 4492 2176 4536 ut

520 4592 572 4662 hec
598 4592 754 4643 donationis
780 4598 873 4659 nostre
900 4592 1050 4642 auctoritas
1075 4589 1182 4641 stabilis
1209 4597 1237 4640 et
1261 4588 1425 4640 inconvulsa
1450 4591 1524 4641 omui
1543 4598 1701 4656 permaneat
1726 4606 1787 4660 evo,
1813 4591 1884 4641 hauc
1903 4596 2005 4642 cartam
2024 4593 2088 4643 iude
2108 4609 2175 4644 con-

520 4700 650 4763 scriptam
668 4698 816 4765 subtusque
834 4713 917 4749 manu
935 4698 1048 4764 propria
1065 4699 1222 4749 roboratam
1240 4695 1324 4763 sigilli
1344 4698 1429 4747 nostri
1448 4698 1626 4763 impressione
1645 4699 1773 4747 iussimus
1792 4698 1926 4763 insigniri.

627 4860 645 4951 ᾗ
669 4862 806 4948 Signum
828 4861 939 4926 domni
960 4861 1111 4926 Heinrici
1133 4865 1199 4943 (M.)
1221 4862 1308 4948 regis
1330 4861 1546 4925 invictissimi.
1570 4858 1588 4949 ᾗ

628 5049 870 5139 {Guntberius
894 5048 1108 5114 cancellarius
1130 5050 1204 5113 vice
1228 5047 1395 5134 Unilligisi
1417 5046 1670 5134 archicapellani
1693 5046 1914 5138 recognovi}
1990 5054 2130 5133 (81.2.)ο
2191 5080 2220 5119 (ο

627 5239 718 5304 Data
738 5238 869 5303 V11.id.
893 5238 960 5303 iun.
991 5236 1169 5301 indictione
1194 5250 1264 5319 vn,
1295 5258 1380 5300 anno
1411 5234 1593 5300 dominicae
1621 5236 1853 5300 incarnationis
1883 5236 2055 5303 millesimo
2081 5252 2173 5320 VIIII,

521 5369 606 5412 anno
631 5369 709 5411 vero
734 5346 845 5410 domni
867 5345 1017 5410 Heinrici
1040 5342 1177 5408 secundi
1199 5344 1365 5429 regnantis
1383 5356 1465 5426 V1113
1493 5351 1602 5406 actum
1625 5341 1834 5430 Meuseburg3
1862 5343 2000 5409 feliciter
2022 5367 2128 5410 amen.

593 5648 657 5705 ele.
680 5646 823 5733 [Bresslsu]
860 5649 890 5732 (ι)Ι
906 5648 1085 5769 06pr
1110 5644 1167 5697 aad
1191 5644 1261 5698 woltl
1284 5645 1353 5697 auch
1372 5643 1666 5770 wakiluf
1680 5646 1775 5769 ἒῖειιν
1845 5645 1875 5713 1))
1914 5645 1961 5717 ‘lie
1978 5648 2004 5699 Δ
2076 5651 2102 5709 c)
2122 5648 2173 5698 dua

682 5718 860 5858 iiiiii}
878 5726 922 5843 ii
937 5732 1349 5854 toretttfttttt
1629 5719 1686 5771 ’'⁸“
1745 5719 1801 5782 “f
1815 5718 1873 5771 ω’
1914 5718 2114 5788 ‘'me
2131 5719 2173 5771 ὁ*
2189 5804 2217 5846 a
