4760 6512
802 462 1040 521 HEINRICH
1062 466 1100 522 Π.
1143 465 1238 524 1014.
1782 464 1845 527 327

307 663 384 732 susat
411 660 471 719 and
493 660 678 735 pmchriehen.
722 660 813 720 Unaer
834 660 1006 736 Exemplar,
1035 662 1089 722 das
1117 663 1149 723 in
1172 662 1361 724 schwarzach
1389 666 1552 740 pleichfahls
1580 666 1625 724 als
1650 664 1786 741 Oripind
1807 667 1849 727 he·

307 767 428 826 trachtet
449 766 509 826 and
530 768 576 826 als
596 766 703 827 solenes
725 768 797 827 auch
818 768 851 827 in
872 787 989 828 muner
1007 769 1072 829 Zeit
1093 771 1245 846 anpesehen
1268 772 1376 842 warde,
1399 771 1439 831 ier
1459 791 1517 831 nur
1538 772 1600 831 eine
1622 772 1680 831 alte
1697 772 1850 845 Abachrift

305 873 396 933 dieses
415 874 580 933 veriorenen
600 872 759 949 Ompinals
778 903 823 913 -
841 873 907 934 Das
924 874 965 935 D.
984 877 1079 946 scibat
1103 879 1156 948 fiir
1174 877 1271 937 dassen
1289 878 1392 938 Dictat
1409 879 1463 938 das
1479 878 1521 939 D.
1537 879 1577 938 34
1598 879 1669 939 noch
1691 879 1724 939 in
1745 880 1849 939 aeirem

305 980 536 1051 enemfhlachten
559 980 691 1040 mand
712 981 758 1039 aha
777 980 898 1056 Varlape
919 982 1029 1042 bmatet
1055 983 1170 1043 mortim
1191 984 1241 1054 iat,
1270 1002 1358 1056 mass,
1387 990 1518 1061 enipepen
1546 986 1600 1045 den
1628 1004 1684 1044 oen
1708 986 1850 1046 Brassica

305 1087 338 1146 in
360 1086 472 1146 Hirsch
493 1086 598 1147 Jahrb.
616 1088 679 1157 3,1
703 1087 780 1146 N.4
801 1093 980 1163 pausantes
1001 1089 1162 1160 Bedmlrnn,
1192 1092 1237 1150 nis
1263 1091 1324 1150 echt
1352 1092 1514 1151 amicant
1543 1092 1664 1152 werden
1704 1090 1764 1152 Die
1783 1093 1848 1153 Ver·

305 1193 486 1268 handlnnpen
506 1194 577 1252 iiber
597 1194 674 1253 aeine
695 1194 904 1270 Amfertipenp
931 1202 1043 1255 missen
1072 1196 1133 1255 sich
1161 1197 1230 1256 aher
1259 1197 1328 1257 iiber
1350 1198 1430 1257 enen
1459 1199 1593 1274 idapem
1615 1199 1766 1259 Zeitraam
1788 1201 1849 1260 hin-

305 1318 422 1375 9ezopen
451 1300 549 1359 hahes.
594 1300 721 1359 Bewes‘st
748 1300 795 1359 die
816 1299 1012 1361 Interumion
1034 1301 1188 1362 Heniberts
1215 1322 1271 1363 von
1297 1304 1388 1374 Ko'ln,
1417 1304 1470 1364 der
1496 1304 1640 1365 Heinrich
1668 1306 1748 1365 nicht
1776 1308 1850 1366 nach

305 1405 403 1465 Porcia
425 1406 551 1482 bepleitet
572 1406 662 1465 haben
683 1407 772 1476 hanan,
795 1406 863 1466 daca
884 1407 931 1466 die
952 1413 1045 1467 maten
1064 1408 1202 1468 Verasche
1223 1409 1357 1470 Werners
1378 1429 1434 1469 von
1452 1409 1633 1487 semare,
1657 1413 1711 1472 das
1730 1413 1850 1473 Klmter

307 1511 495 1572 Sehwaraach
522 1531 559 1572 zu
587 1513 739 1583 mwerhen,
769 1514 855 1573 schoa
882 1514 915 1573 in
936 1513 1134 1575 Deratschland
1161 1516 1288 1591 pennati
1317 1518 1432 1577 worden
1461 1518 1538 1589 sind
1567 1536 1598 1578 so
1627 1519 1696 1578 ham
1722 1519 1770 1579 die
1790 1521 1848 1579 An·

305 1619 473 1695 pelopenheit
494 1619 565 1678 doch
588 1620 660 1679 auch
682 1619 714 1678 in
729 1619 826 1680 Pavia
847 1621 918 1680 noch
939 1622 1017 1681 naht
1034 1639 1099 1681 eum
1113 1622 1282 1697 Abschlass;
1302 1624 1442 1683 rneirnehr
1459 1624 1537 1684 man
1556 1625 1658 1685 dacin
1678 1627 1732 1686 den
1750 1627 1849 1687 leteten

310 1725 405 1801 Tapen
431 1726 480 1785 dci
501 1724 671 1786 Decembera
693 1727 771 1788 1013
800 1727 869 1787 oder
897 1728 929 1787 in
950 1728 1002 1788 den
1028 1734 1120 1788 maten
1149 1729 1198 1789 dea
1219 1729 1353 1791 Jameara
1375 1731 1454 1792 1014
1475 1731 1539 1791 dem
1560 1732 1674 1808 Konipe
1695 1734 1850 1808 versane

307 1831 429 1907 Diplonr
451 1838 509 1892 erst
530 1852 579 1892 am
602 1834 649 1892 17.
666 1832 785 1893 Januor
807 1835 887 1894 1016
907 1853 963 1893 von
984 1835 1045 1894 ihm
1058 1836 1208 1911 'vollzopen
1230 1836 1346 1896 worden
1367 1837 1437 1896 sein.
1482 1836 1568 1897 Denn
1598 1857 1656 1898 nur
1677 1858 1717 1899 an
1745 1840 1849 1900 diesen

311 1938 387 2014 Tape
407 1940 538 1999 stimmen
559 1939 606 1998 die
627 1939 691 1999 drei
713 1939 849 2015 Anpaben
871 1941 955 2000 XVI.
972 1943 1039 2002 kal.
1055 1943 1213 2013 februarii,
1242 1944 1321 2002 feria
1339 1944 1397 2014 ΠΙ,
1425 1945 1502 2003 luna
1517 1944 1580 2003 1111
1602 1962 1779 2020 mammem
1807 1947 1849 2007 aie

307 2044 374 2105 sind
390 2046 550 2120 jedenfahla
571 2046 615 2105 ie·
632 2046 685 2106 der
704 2045 884 2123 Vollaiehunp
901 2048 950 2107 aci
964 2047 1006 2108 D.
1022 2048 1055 2108 in
1072 2049 1136 2109 mne
1154 2050 1317 2110 vmlcrenen
1335 2049 1471 2125 Onipinal
1492 2052 1697 2128 nachpetrapen
1719 2053 1849 2127 wordem

308 2153 353 2211 ein
368 2151 540 2223 Aufenthaht
554 2152 712 2212 Heinrich-r
734 2154 765 2212 in
780 2152 878 2213 Pania
899 2173 948 2213 am
971 2155 1018 2215 17.
1031 2156 1150 2217 Januar
1168 2157 1333 2223 leticie
1351 2157 1390 2217 ist
1407 2158 1480 2217 auch
1497 2176 1551 2218 aris
1570 2159 1696 2219 anderen
1712 2159 1848 2220 Grinden

307 2259 387 2318 nmht
407 2260 605 2318 anaunehmen.

307 2398 326 2489 ᾔ
354 2400 393 2465 In
427 2402 558 2465 nomine
592 2412 725 2466 sanctae
760 2412 794 2467 et
825 2403 1038 2469 individuae⁸
1066 2405 1228 2469 trinitatis.
1274 2404 1451 2469 Heinricus
1482 2404 1594 2470 divina
1622 2405 1755 2471 favente
1785 2406 1848 2472 cle-

199 2508 324 2573 mentia
345 2530 416 2572 rex.
439 2505 457 2596 3
564 2506 647 2572 Cum
671 2530 714 2572 ex
736 2508 921 2573 rationabili
943 2511 1057 2575 ordine
1081 2513 1310 2598 omnipotentis
1341 2510 1396 2575 dei
1419 2513 1564 2597 corporis
1587 2511 1721 2576 humani
1744 2512 1850 2578 forma

202 2636 241 2680 eo
262 2613 360 2679 modo
383 2615 426 2679 sit
448 2614 588 2696 condita,
618 2625 656 2679 ut
677 2613 823 2701 quelibet
850 2617 977 2681 minora
999 2616 1146 2682 membra
1168 2618 1268 2704 capiti
1298 2618 1363 2682 sint
1392 2616 1540 2683 subiecta
1562 2628 1595 2683 et
1617 2617 1660 2682 ab
1684 2641 1723 2684 eo
1746 2619 1849 2685 veluti

156 2748 185 2788 so
202 2719 263 2785 snb
286 2720 428 2807 quodam
451 2719 534 2786 duce
557 2731 723 2806 regantur,
746 2743 812 2786 non
834 2722 1050 2809 incongruum
1072 2724 1257 2811 putavimus
1280 2723 1324 2789 ad
1346 2723 1432 2788 hanc
1454 2725 1666 2790 imitationem
1690 2725 1848 2813 quasdam

201 2828 343 2892 minores
366 2826 522 2893 ecclesias
544 2828 580 2891 in
600 2850 701 2913 regno
725 2838 834 2893 nostro
858 2827 999 2895 subdere
1022 2830 1199 2895 maioribus
1227 2840 1260 2895 et
1282 2830 1317 2896 id
1339 2829 1498 2895 voluntati
1519 2833 1608 2918 regis
1631 2854 1745 2919 regum
1768 2832 1848 2897 nihil

202 2932 331 3000 obstare
364 2933 512 2998 arbitrati
543 2957 664 3017 sumus,
697 2936 754 3021 qui
785 2933 922 3025 celestes
953 2948 1052 3024 atque
1084 2948 1230 3002 terrenos
1262 2938 1465 3025 principatus
1497 2940 1579 3003 miro
1611 2938 1725 3004 ordine
1757 2941 1848 3003 novit

203 3039 413 3126 distinguere.
455 3054 574 3105 Proinde
597 3063 656 3105 nos
679 3041 788 3123 etiam,
812 3043 869 3129 qui
891 3041 935 3107 ad
957 3054 1085 3130 tempus
1108 3042 1169 3108 sub
1192 3054 1325 3109 aeterno
1348 3066 1427 3130 rege
1451 3043 1546 3109 electi
1569 3067 1681 3110 sumus
1699 3067 1847 3132 regnare,

202 3163 232 3213 in
255 3163 349 3228 primic
372 3170 432 3234 pro
459 3169 569 3211 amore
599 3146 653 3211 dei
683 3150 818 3235 eiusque
848 3150 1015 3234 genitricis
1044 3173 1106 3215 nec
1135 3172 1201 3214 non
1230 3173 1289 3237 pro
1320 3150 1459 3215 assiduis
1488 3150 1700 3239 petitionibus
1730 3152 1848 3241 dilecte

156 3278 185 3320 ss
203 3255 350 3340 coniugis
379 3266 509 3319 nostrae
533 3252 759 3343 Chunegurrde
788 3266 887 3341 atque
915 3255 990 3319 fidis
1019 3255 1284 3343 persuasionibus
1312 3256 1488 3322 Hereberti
1511 3256 1715 3323 Coloniensis
1744 3259 1849 3324 archi·

202 3362 350 3448 episcopi
364 3371 398 3426 et
411 3361 521 3425 fratris
536 3361 587 3425 sui
601 3360 778 3426 Hecelonis
797 3363 942 3449 episcopi
955 3361 1259 3449 Vvurceburgensis
1278 3374 1311 3428 et
1327 3363 1422 3427 simul
1440 3363 1550 3429 fratris
1568 3367 1670 3431 nostri
1685 3365 1848 3431 Brunonis

201 3468 418 3554 Augustensis
442 3480 584 3533 consitiis
610 3478 855 3555 ceterorumque
878 3467 1023 3533 fidelium
1045 3480 1228 3534 nostrorum
1250 3480 1367 3556 rogatu
1390 3482 1423 3534 et
1445 3473 1644 3555 assensione,
1668 3474 1747 3560 quin
1769 3496 1848 3538 vero

201 3585 335 3662 propter
361 3589 426 3653 inge
451 3589 594 3639 servitium
613 3588 804 3639 Werenharii
828 3574 1077 3661 Argentinensis
1106 3574 1277 3664 [e]piseopi
1300 3591 1437 3655 quandam
1457 3592 1599 3643 abbaciam
1618 3580 1849 3645 monachorum

202 3704 267 3768 qne
295 3680 415 3745 dicitur
437 3679 604 3746 Suarzaha
630 3692 762 3745 sanctam
785 3680 1054 3767 iirgentinensisb
1078 3682 1216 3770 ecclesie
1239 3697 1267 3746 in
1293 3698 1397 3749 honore
1423 3698 1469 3748 ‹iei
1494 3700 1635 3765 genitricis
1660 3685 1795 3774 firndatq
1820 3702 1849 3752 in

157 3812 185 3853 so
201 3807 323 3852 nostram
350 3808 576 3867 animorumque
600 3813 618 3845 a
648 3808 857 3852 successornm⁰
886 3804 1043 3853 memoriam
1070 3802 1232 3854 tradidimus
1264 3789 1497 3876 perpetualiter
1527 3791 1759 3878 possidendam
1786 3822 1848 3856 cum

202 3909 329 3959 omnibus
354 3893 398 3959 ad
423 3908 556 3959 eandem
582 3908 745 3959 abbaciam
766 3921 784 3953 s
812 3907 938 3975 legaliter
961 3910 1161 3975 pertinentibus
1183 3911 1212 3960 in
1231 3911 1451 3975 quibuscumque
1469 3898 1647 3983 provinciis
1663 3925 1680 3957 n
1700 3912 1848 3964 mobilibus

203 4022 231 4066 et
248 4014 426 4067 inmobilibus
444 4017 516 4066 areis
535 4015 667 4066 aediliciis
686 4017 772 4068 servis
791 4024 819 4067 et
837 4014 944 4067 ancillis
963 4017 1044 4067 terris
1063 4014 1145 4066 cultis
1164 4022 1192 4066 et
1210 4015 1323 4067 incultis
1342 4018 1416 4082 agris
1434 4019 1537 4083 campis
1555 4020 1641 4084 pratis
1660 4021 1771 4085 pascuis
1790 4021 1848 4071 sive

203 4124 367 4188 conpascuis
394 4124 482 4173 vineis
510 4121 553 4174 vel
581 4124 681 4173 vinetis
708 4122 785 4173 silvis
810 4124 919 4174 forestis
946 4123 1139 4173 vemtionibus
1170 4124 1255 4195 aquis
1280 4139 1468 4188 aquarumque
1495 4124 1657 4176 decursibus
1684 4125 1848 4177 molendinis

201 4230 400 4297 piscationibus
418 4230 469 4280 viis
488 4236 516 4280 et
534 4230 615 4280 inviis
634 4231 753 4280 exitibus
769 4236 797 4280 et
813 4230 945 4280 reditibus
964 4231 1137 4295 ceterisque
1157 4242 1174 4276 a
1191 4228 1355 4280 utensilibus
1372 4244 1400 4290 s,
1420 4246 1453 4281 eo
1469 4237 1564 4282 tenore
1580 4233 1711 4297 quatinus
1726 4233 1848 4298 prefatus

158 4344 186 4387 ti
204 4338 350 4403 episcopus
364 4336 559 4387 werenharius
581 4337 680 4403 suique
696 4348 713 4379 a
733 4352 907 4388 successores
934 4335 1047 4387 liberam
1073 4338 1106 4387 de
1133 4337 1228 4387 eadem
1251 4337 1368 4388 abbacia
1389 4337 1520 4405 deinceps
1542 4339 1662 4389 habeant
1684 4346 1849 4405 potestatem

204 4444 307 4508 absque
326 4446 400 4494 omni
417 4427 604 4510 personarum
614 4443 833 4495 contradictione
853 4450 881 4495 et
899 4442 1092 4495 molestatione
1111 4443 1268 4510 possidendi
1294 4450 1322 4494 et
1346 4445 1376 4495 in
1399 4460 1463 4495 nsua
1482 4444 1615 4515 aecclesie
1635 4447 1766 4511 quicquid
1785 4448 1849 4498 inde

203 4550 256 4600 sibi
282 4548 366 4600 libeat
388 4551 515 4601 omnibus
537 4551 626 4602 modis
648 4550 778 4601 faciendi.
814 4551 851 4601 Et
875 4557 907 4601 ut
931 4552 1000 4602 haec
1025 4556 1138 4602 nostrae
1163 4551 1319 4602 auditionis
1344 4553 1495 4603 auctoritas
1513 4551 1621 4603 cubilis
1640 4561 1668 4603 et
1687 4553 1850 4606 inconvulsa

202 4662 370 4723 permaneat,
388 4657 458 4708 hanc
477 4658 600 4724 precepti
619 4658 706 4707 nostri
724 4658 851 4723 paginam
874 4644 965 4730 regio
987 4666 1078 4709 more
1097 4642 1305 4708 dilatavimus
1328 4654 1362 4709 et
1383 4664 1446 4725 post
1464 4660 1666 4725 conscriptam
1686 4676 1767 4711 manu
1786 4677 1848 4728 pro·

202 4764 263 4829 pria
281 4763 442 4814 roborantes
461 4762 546 4829 sigilli
564 4765 650 4815 nostri
669 4765 839 4829 inpressione
858 4766 982 4831 insigniri
1001 4766 1137 4816 iussimus.

156 4912 185 4952 ro
309 4879 328 4970 ᾔ
350 4882 487 4969 Signum
510 4882 622 4949 domni
644 4882 794 4948 Heinrici
817 4882 888 4972 (M.)
912 4885 999 4970 regis
1022 4882 1294 4973 invictissimi}

309 5022 327 5113 ᾖ
350 5022 552 5090 Grmcelinus
575 5024 789 5090 cancellarius
811 5023 829 5114 ξ
852 5026 924 5090 vice
949 5026 1204 5114 archicapellani
1227 5026 1449 5093 Erchanbaldi
1471 5051 1580 5115 recog.

310 5166 398 5231 Data
413 5181 484 5231 xvi.
501 5167 567 5232 kal.
583 5167 750 5250 februarii,
767 5169 849 5232 feria
860 5182 912 5250 111,
929 5168 1006 5233 luna
1017 5183 1083 5251 1111,
1100 5192 1185 5233 anno
1201 5168 1243 5233 ab
1258 5170 1482 5235 incarnatione
1501 5169 1665 5237 dominica
1679 5170 1849 5238 millesimo

201 5287 293 5355 mii,
316 5273 492 5339 indictione
512 5288 550 5356 11,
575 5297 659 5339 anno
682 5297 761 5339 vero
785 5274 895 5339 domni
918 5276 1087 5341 Heinrici⁰
1111 5277 1197 5362 regis
1220 5290 1285 5360 XII3
1314 5288 1424 5341 actum
1446 5277 1576 5364 Papie.f

274 5468 338 5524 iit.
364 5467 509 5539 [Bresslau]
546 5472 571 5538 a)
591 5469 796 5523 indindividnae
808 5471 834 5523 Β
887 5471 916 5539 b)
938 5473 969 5536 B,
984 5480 1049 5525 matt
1062 5471 1266 5541 Argentinensi‚
1284 5488 1339 5524 was
1355 5475 1408 5524 seir
1418 5472 1492 5524 nicht
1507 5473 1620 5540 andans
1639 5475 1676 5527 da
1691 5474 1739 5528 der
1753 5476 1850 5542 alethe

156 5558 185 5600 ii
363 5540 460 5593 Fahler
476 5541 545 5593 auch
563 5544 594 5593 is
611 5545 715 5609 nnipan
736 5543 785 5595 der
802 5542 910 5595 Dmeee
931 5544 1104 5596 einamma
1122 5544 1179 5595 und
1196 5543 1340 5610 mhplichn·
1361 5544 1444 5596 Weiss
1464 5544 1546 5595 echos
1568 5547 1607 5596 s'ns
1626 5544 1754 5613 messal
1769 5548 1850 5600 nand

363 5614 389 5679 c)
409 5627 649 5681 mccessorumque
661 5614 699 5682 B;
717 5614 798 5665 nand
813 5614 869 5666 drea
883 5614 1009 5667 stateem
1026 5614 1107 5667 echon
1122 5617 1160 5666 im
1177 5614 1310 5681 OricinaI,
1330 5631 1359 5667 so
1373 5615 1492 5667 eritas-te
1507 5614 1565 5666 sich
1580 5616 1631 5668 das
1646 5617 1782 5671 nerheheta
1796 5635 1849 5687 que

362 5682 493 5747 March,
511 5684 575 5735 dass
590 5683 638 5737 der
650 5685 788 5738 Schneider
804 5685 855 5736 das
869 5687 900 5736 in
915 5686 964 5737 der
979 5686 1038 5740 VU.
1055 5686 1252 5751 mmmmm
1267 5701 1471 5753 praecessorum
1487 5688 1525 5736 sin
1537 5686 1620 5740 sisne
1635 5687 1707 5741 hatte
1721 5691 1779 5741 und
1793 5707 1850 5742 nur

362 5753 546 5807 msehentlich
563 5755 676 5808 cemes
729 5754 758 5824 d)
778 5754 948 5809 invictistimi
961 5757 986 5809 Β
1039 5758 1065 5825 e)
1085 5754 1236 5809 Heinricici
1250 5756 1275 5808 Β
1327 5756 1354 5824 i)
1373 5757 1438 5810 ther
1454 5756 1497 5809 dee
1509 5756 1600 5824 Fraus
1617 5760 1666 5811 dn·
1677 5760 1850 5829 Bess'epelrrnp

362 5824 412 5891 apl.
431 5825 560 5880 Zer‘tschr.
578 5827 631 5891 fite·
649 5827 741 5880 Geach.
758 5828 804 5880 des
823 5825 981 5881 Olane-haine
998 5845 1023 5882 a.
1036 5846 1062 5883 a.
1077 5828 1106 5882 0.
1120 5830 1155 5879 59
1173 5829 1207 5881 N.
1221 5830 1246 5880 1.
