4804 6498
1125 419 1588 478 KAISERURKUNDEN.

631 617 674 674 25
689 617 756 675 a⁰3
778 635 832 676 aas
852 617 889 676 A.
920 647 964 655 -
993 617 1037 675 W.
1061 637 1087 676 o.
1112 617 1283 693 Hoderberp
1310 617 1451 677 Verdeaer
1481 616 1753 692 Geecbicbtsqoellea
1781 618 1871 687 2,2o
1892 619 1960 675 22⁰5
1988 635 2041 676 aas
2064 618 2099 676 A.
2130 646 2175 655 -

633 721 757 798 Stampf
774 723 845 799 Rep.
871 724 957 782 1417.

631 874 689 933 Bia
711 876 771 945 aas
788 875 835 934 die
855 874 1035 934 Daennuetee
1057 875 1116 934 uad
1137 875 1228 950 einiqe
1248 874 1344 933 Worte
1372 875 1421 934 dea
1445 873 1594 934 &retentes
1623 875 1692 949 (opi.
1717 875 1792 934 Note
1813 876 1868 951 g),
1897 876 1998 934 welche
2026 874 2086 933 ΕΒ
2113 875 2174 933 iiia·

632 983 765 1056 euyesdpt
787 982 847 1051 bert,
870 982 1046 1058 pescbriebea
1069 1000 1124 1040 voa
1146 981 1246 1040 Ericb.
1299 981 1427 1040 Wieweit
1449 982 1510 1040 eicie
1532 981 1634 1052 dieser,
1657 982 1709 1040 der
1730 982 1784 1040 dea
1805 980 1846 1040 D.
1871 982 1943 1040 caele
1965 983 2093 1052 carcesi
2114 982 2173 1051 bat,

632 1087 715 1146 dabri
737 1089 844 1147 audie
871 1088 945 1158 VII,
967 1087 1037 1147 DO.
1062 1087 1108 1147 ΙΙ.
1133 1090 1182 1158 33,
1206 1089 1361 1158 brachione,
1384 1089 1456 1147 idest
1477 1088 1548 1158 oieb,
1578 1088 1617 1147 da
1645 1089 1702 1147 wir
1723 1107 1778 1147 voa
1807 1088 1899 1147 dieser
1921 1107 1978 1147 aar
1999 1089 2046 1148 eia
2074 1088 2209 1147 latrices

632 1193 737 1269 Repest
766 1194 895 1264 besitzem
927 1195 1004 1253 aiebt
1033 1195 1173 1253 beatimmt
1202 1195 1395 1267 medatem
1425 1195 1472 1254 die
1499 1194 1597 1254 Worte
1625 1196 1674 1254 des
1702 1194 1820 1271 Reperio
1848 1196 1953 1254 hebrea
1982 1196 2014 1253 ia
2043 1194 2084 1254 D.
2116 1197 2174 1255 107

633 1302 844 1376 prissteatbeiie
878 1301 992 1371 wieder,
1023 1302 1082 1360 aad
1114 1302 1205 1376 arripe
1232 1300 1412 1376 Weadaapea
1442 1302 1490 1361 des
1519 1302 1649 1361 btrtaea
1677 1302 1858 1376 erdsprecitea
1888 1303 1951 1362 dem
1981 1300 2038 1362 seit
2067 1303 2115 1361 des
2144 1304 2174 1360 ia

632 1406 705 1466 DD.
722 1408 811 1467 Bane
829 1410 846 1465 1
865 1408 924 1467 aad
941 1410 963 1467 2
981 1408 1047 1466 WB
1063 1414 1220 1483 perarmat
1238 1408 1360 1477 Notars,
1383 1409 1435 1467 der
1452 1409 1514 1467 aito
1533 1408 1606 1467 scobi
1624 1409 1668 1467 als
1687 1408 1840 1480 Verfasser
1861 1410 1913 1468 der
1935 1408 1996 1468 VU.
2021 1410 2175 1468 mute

633 1515 745 1573 werden
760 1515 841 1585 dors.
859 1544 903 1553 -
919 1514 982 1572 Zur
996 1513 1131 1589 Deatuap
1150 1515 1202 1573 der
1219 1514 1390 1573 Ortsrromea
1405 1515 1461 1591 uqi.
1478 1515 1549 1574 aucit
1566 1534 1591 1573 e.
1609 1515 1824 1574 Hammersteia
1837 1516 2014 1590 Bardeapate
2030 1516 2058 1574 7.
2077 1518 2133 1574 115
2149 1518 2173 1587 f.

634 1698 692 1771 (C.)
716 1689 733 1779 ξ
756 1691 796 1755 In
818 1692 948 1756 nomine
973 1702 1105 1755 sanctae
1129 1702 1162 1755 et
1184 1690 1374 1756 individuae
1397 1693 1561 1756 trinitatis.
1613 1692 1789 1757 Heinrious
1817 1693 1930 1757 divina
1958 1694 2089 1757 favente
2113 1693 2175 1758 cle·
2194 1720 2220 1757 ιο

526 1798 649 1862 mentia
671 1821 740 1862 rex.
848 1798 1008 1862 Noverint
1027 1820 1140 1862 omues
1159 1797 1273 1862 fideles
1293 1798 1394 1862 nostri
1416 1796 1433 1886 ξ
1456 1810 1523 1862 tam
1543 1810 1733 1885 praesentes
1756 1799 1880 1864 scilicet
1896 1822 1993 1886 quam
2015 1811 2047 1864 et
2066 1800 2174 1875 futuri,

527 1904 667 1991 qualiter
688 1904 910 1969 Bernhan'us‘
934 1914 1067 1969 sanctae
1089 1904 1266 1968 Fardensis
1289 1904 1469 1969 aecclesiae
1492 1904 1689 1970 venerabilis
1708 1907 1881 1993 episcopus
1899 1918 2043 1971 nostram
2063 1906 2176 1971 adiens

528 2010 754 2076 excellentiam
767 2010 941 2098 plurimum
953 2013 1115 2097 rogitavit,
1132 2013 1284 2097 quatinus
1299 2034 1358 2097 pro
1370 2023 1523 2076 aeternae
1536 2012 1695 2076 mercedis
1705 2014 1964 2078 remuneratione
1983 2030 2176 2079 nonasterium

526 2117 691 2204 quoddam
720 2120 851 2182 nomine
880 2130 1041 2183 Ultishunnn
1071 2119 1105 2181 in
1134 2118 1236 2204 ipsius
1267 2118 1433 2204 episcopio
1463 2120 1570 2200 situm,
1600 2120 1647 2204 pii
1676 2120 1820 2206 parentis
1847 2119 2176 2206 praedecessorisque

525 2225 628 2290 nostri
656 2226 766 2311 magni
794 2223 949 2289 videlicet
972 2222 989 2312 ᾖ
1015 2224 1142 2290 Ottonis
1166 2222 1410 2312 {imperatoris
1440 2227 1570 2311 augusti
1593 2226 1808 2290 auctoritateb
1831 2224 2018 2290 roboratum
2047 2240 2177 2291 nostrae
2196 2253 2220 2292 rs

526 2354 655 2417 quoque
672 2331 894 2396 auctoritatis⁰
916 2329 1123 2395 roboratione
1144 2331 1418 2396 confirmaremus.
1458 2332 1564 2413 Quem
1584 2331 1738 2397 videlicet
1760 2333 1866 2397 locum
1888 2349 1962 2398 Brun
1979 2332 2176 2398 venerabilis

527 2437 672 2502 eiusdem
694 2453 839 2503 Fardennn
856 2437 1017 2502 ecclesiae
1036 2453 1182 2518 eptseopus
1205 2439 1273 2502 iure
1295 2439 1491 2503 hereditario
1509 2438 1680 2525 possidens
1699 2439 1753 2504 dei
1772 2442 1904 2505 servitio
1923 2440 2058 2505 tradidit
2078 2452 2176 2526 atque

527 2545 649 2610 dicavit
685 2544 872 2631 ibidemque
912 2545 1143 2609 monasterium
1175 2560 1203 2608 in
1229 2560 1361 2609 honorem
1397 2558 1529 2609 sanctae
1564 2560 1669 2611 Mariae
1695 2561 1808 2627 virgnnin
1842 2548 2009 2634 sanctique
2044 2562 2175 2612 Iohannis

527 2668 662 2732 baptistae
692 2663 759 2716 tam
791 2674 850 2738 pro
887 2673 965 2715 suae
1003 2652 1131 2715 animae
1164 2651 1386 2738 redemptione
1420 2674 1517 2738 quam
1549 2675 1608 2738 pro
1643 2675 1753 2716 eorum
1789 2655 1844 2739 qui
1882 2653 2020 2718 eandem
2056 2655 2175 2718 recturi

527 2770 602 2823 sunt
632 2758 743 2823 sedem
773 2759 954 2823 animarum
985 2758 1131 2821 remedio
1161 2774 1189 2822 in
1214 2789 1287 2838 pago
1313 2773 1460 2837 Bnrdnngn
1487 2781 1546 2845 per
1577 2781 1611 2823 se
1638 2775 1717 2838 quasi
1743 2791 1759 2824 a
1782 2759 1992 2825 firndamento
2023 2777 2176 2826 construxit
2194 2783 2222 2822 so

527 2864 638 2952 ibique
669 2867 954 2951 congregationem
978 2863 1270 2929 sanctimonialium
1301 2865 1440 2950 collegit,
1471 2866 1505 2928 in
1536 2888 1674 2952 quarum
1703 2889 1797 2930 usum
1827 2868 2027 2932 cotidianum
2055 2868 2176 2931 xxxlld

526 2995 657 3036 mansos
681 2973 714 3035 in
737 2971 822 3035 villis
847 2973 893 3036 sic
916 2972 1109 3036 nominatis:
1141 2971 1174 3034 in
1197 2971 1453 3058 Emmanthorpe
1485 2994 1614 3036 mansos
1642 2986 1676 3051 V,
1707 2974 1741 3036 in
1770 2972 1955 3038 Hlutherrm
1988 2997 2118 3039 mansos
2141 2990 2175 3055 v,

527 3080 562 3143 in
581 3077 728 3143 Hristedi
751 3101 899 3142 mansum
921 3102 1032 3159 unum,
1055 3079 1090 3142 in
1109 3078 1340 3164 Haruothorpa
1361 3101 1510 3142 mansum
1533 3102 1643 3159 unum,
1667 3079 1701 3142 in
1721 3078 1900 3144 Budinsola
1921 3104 2051 3144 mansos
2074 3096 2175 3163 XVIII,

528 3186 633 3249 mansi
655 3185 786 3265 XXXIId,
811 3196 844 3248 et
867 3196 996 3249 eentum
1020 3196 1128 3248 aratra
1151 3185 1184 3248 in
1208 3184 1280 3248 aliis
1304 3184 1400 3249 locis:
1429 3184 1675 3272 Emmanthorp,
1700 3184 1920 3273 Tedanthorp,
1937 3187 2175 3275 Vuiganthorp‚

527 3291 860 3377 Rothuuardesthorp,
879 3291 1146 3378 Kmmganthorp,
1166 3289 1468 3377 Broohindbergrm,
1489 3291 1709 3373 Hauuohurst,
1734 3292 2000 3381 Krotillanthorp‚
2019 3294 2176 3379 Hn'stedi,
2194 3316 2221 3356 ss

527 3399 712 3479 Hlitherun,
742 3397 975 3483 Nitileampun‚
999 3396 1184 3477 Vurestedi,
1216 3396 1242 3462 C
1273 3410 1381 3463 aratra
1390 3408 1413 3461 θ.
1467 3397 1563 3462 Unde
1594 3421 1671 3483 ergo
1702 3421 1761 3462 nos
1791 3422 1891 3485 supra
1921 3400 1999 3465 dicti
2031 3402 2176 3487 episcopi

529 3507 700 3571 Bernharii
725 3506 873 3591 petitioni
900 3506 1114 3568 assentientes
1145 3527 1210 3569 non
1239 3514 1365 3569 tantum
1395 3504 1476 3569 haee
1506 3505 1579 3589 loca
1610 3528 1684 3569 cum
1714 3504 1905 3570 utensilibus
1937 3508 2110 3572 nominatis
2134 3507 2176 3572 ad

529 3613 699 3677 utilitatem
734 3611 880 3676 eiusdem
914 3611 1102 3674 monasterii
1138 3610 1400 3691 corroboramus,
1435 3634 1548 3675 verum
1588 3613 1685 3675 etiam
1724 3622 1825 3676 totum
1864 3613 2048 3699 praedium,
2089 3614 2176 3701 quod

529 3720 702 3784 Aetheluui
722 3719 791 3783 eius
810 3717 874 3782 loci
893 3716 1061 3782 abbatissa
1079 3740 1153 3781 cum
1172 3740 1281 3781 sorore
1302 3740 1362 3781 sua
1379 3716 1594 3804 Vualtburga,
1619 3720 1841 3783 consentiente
1860 3719 2020 3784 advocato
2041 3723 2175 3785 earum‘

528 3826 662 3891 Bodone
686 3837 784 3912 atque
807 3837 977 3912 patrono,ss
1008 3824 1113 3888 eidem
1138 3823 1276 3911 ecclesie
1300 3823 1433 3888 tradidit
1456 3834 1553 3910 atque
1585 3824 1727 3907 donavit,
1758 3825 1810 3890 vel
1840 3826 1997 3912 quicquid
2020 3826 2175 3914 deinceps
2194 3851 2220 3890 ao

528 3933 605 3997 illuc
635 3931 676 3997 ab
707 3931 815 4018 aliquo
846 3930 960 3995 donari
991 3931 1150 4009 videatur,
1182 3944 1311 3995 nostrae
1342 3930 1461 4016 regalis
1490 3933 1635 4018 potentia
1665 3933 1865 3997 auctoritatis
1894 3932 2104 4017 firmavimus,
2137 3957 2176 3999 ea

528 4040 601 4125 lege
625 4053 659 4104 ut
678 4038 815 4103 eandem
835 4039 868 4101 in
887 4036 1036 4102 omnibus
1056 4036 1276 4102 obedientiam
1296 4037 1499 4124 eandemque
1519 4040 1700 4103 orationum
1719 4040 1906 4103 instantiam
1926 4063 2025 4126 quam
2041 4053 2174 4106 sanctae

528 4146 704 4211 Fardensis
729 4145 886 4210 ecelesiae
912 4146 1121 4229 congregatio
1146 4167 1203 4208 suo
1227 4156 1322 4230 prout
1352 4146 1460 4209 norint
1490 4144 1666 4209 exhibeant
1697 4146 1850 4232 episcopo
1881 4146 2006 4211 scilicet
2029 4148 2175 4213 eiusdem

529 4253 615 4318 sedis
638 4264 786 4339 patrono,
817 4274 855 4315 ac
885 4274 926 4315 ne
958 4250 1037 4337 quid
1067 4252 1100 4314 in
1129 4250 1180 4314 his
1211 4273 1273 4337 que
1304 4250 1503 4315 firmavimus
1533 4250 1617 4315 ullus
1646 4251 1791 4316 eiusdem
1815 4252 1901 4316 sedis
1926 4255 2099 4341 episcopus
2122 4255 2176 4319 vel

529 4383 639 4425 comes
662 4359 714 4423 vel
738 4357 875 4422 alicuius
899 4380 1057 4443 personae
1080 4356 1183 4421 laicus
1207 4357 1411 4443 aliquatenus
1434 4359 1468 4421 in
1486 4357 1583 4422 rebus
1603 4360 1669 4421 suis
1688 4359 1833 4423 minuere
1852 4359 1905 4424 vel
1925 4382 2059 4425 censum
2077 4362 2176 4427 indeh
2194 4389 2221 4429 as

530 4468 661 4553 exigere
685 4465 738 4529 vel
762 4487 840 4528 suae
865 4465 1016 4549 potestati
1040 4476 1095 4527 aut
1116 4466 1190 4527 usui
1220 4486 1377 4551 usurpare
1407 4463 1537 4528 audeat.
1590 4464 1728 4551 Insuper
1758 4467 1856 4529 etiam
1887 4466 1992 4531 eidem
2023 4479 2175 4533 catervae

530 4571 822 4638 sanctimonialium
847 4572 1075 4653 concessimus,
1099 4580 1144 4652 ut,
1169 4571 1439 4657 quandocumque
1462 4592 1597 4634 necesse
1618 4571 1725 4653 fuerit,
1750 4571 1919 4637 arbitrium
1933 4572 2077 4638 habeant
2091 4577 2177 4640 inter

530 4704 565 4744 se
584 4704 658 4744 cum
678 4678 812 4744 consilio
831 4690 863 4742 et
882 4700 1042 4742 consensu
1061 4678 1206 4764 episcopi
1226 4675 1409 4741 abbatissas
1428 4676 1586 4762 eligendi3
1612 4679 1661 4741 sin
1680 4689 1789 4742 autem
1807 4680 1891 4743 inter
1910 4703 1944 4743 se
1964 4682 1998 4744 in
2017 4681 2176 4748 electione

529 4788 750 4867 dissenserint,
781 4786 815 4848 in
846 4784 1010 4871 episcopi¹
1036 4795 1197 4870 potestate
1229 4784 1393 4848 consistat.
1446 4783 1585 4869 Insuper
1614 4784 1834 4867 concedimus,
1866 4798 1901 4850 ut
1930 4787 2036 4852 nullus
2067 4811 2176 4854 eomes

529 4894 581 4958 vel
610 4893 719 4980 aliqua
753 4891 925 4956 iudiciaria
956 4904 1100 4977 potestas
1135 4889 1279 4954 bannum
1313 4901 1370 4953 aut
1403 4890 1546 4976 aliquam
1583 4902 1778 4977 potestatem
1815 4894 1850 4956 in
1884 4893 1982 4958 rebus
2016 4895 2177 4981 praedicti
2194 4925 2222 4963 eo

530 5000 716 5064 monasterii
740 5008 902 5079 exerceat,
927 5008 1066 5083 excepto
1091 4996 1249 5061 advocato
1273 4995 1315 5060 ab
1339 4998 1492 5083 episcopo
1517 4996 1630 5062 electo.
1669 4998 1713 5062 Et
1735 5010 1771 5062 ut
1793 4999 1855 5063 hoc
1878 5001 2002 5064 nostrik
2019 5024 2176 5089 praecep·

529 5120 598 5171 tum
620 5107 748 5171 firmum
772 5115 970 5191 permaneat,
994 5104 1078 5168 hane
1102 5116 1226 5167 cartam
1244 5103 1321 5167 inde
1343 5104 1559 5189 conscriptam
1578 5115 1774 5192 nostraeque
1793 5108 1944 5193 imaginis
1964 5109 2176 5194 impressione

531 5216 692 5299 signatam
714 5213 846 5298 propria
869 5234 976 5289 manu,
1001 5222 1037 5274 ut
1059 5209 1172 5274 subtus
1195 5222 1342 5296 apparet,
1367 5208 1657 5275 corroboravimus

601 5427 665 5481 lot.
691 5424 838 5495 [Bresslau]
876 5424 902 5481 al
918 5432 1008 5477 rueret
1026 5441 1084 5475 reor
1101 5420 1160 5476 Ben
1178 5423 1359 5489 pesebrieben,⁸
1377 5425 1451 5475 dana
1471 5426 1504 5476 iat
1521 5424 1607 5475 durch
1621 5426 1762 5477 Correctur
1779 5444 1831 5480 new
1847 5429 1905 5481 dem
1923 5435 2008 5482 astae
2024 5429 2115 5481 Str-ich
2132 5431 2178 5482 den

690 5515 708 5549 n
727 5498 802 5548 einr
819 5496 946 5562 pemaebt,
972 5497 1020 5547 der
1037 5497 1125 5548 merite
1142 5496 1206 5546 aber
1223 5495 1296 5546 niebt
1312 5497 1413 5560 petiipt,
1431 5511 1461 5546 eo
1479 5496 1543 5547 dees
1560 5497 1629 5547 anob
1649 5494 1826 5551 Berinharius
1841 5501 1941 5565 pelicea
1959 5501 2062 5554 «verdae
2080 5502 2177 5553 wrote
2194 5508 2223 5548 45

689 5567 720 5633 b)
740 5572 784 5620 ate
801 5583 872 5621 corr.
890 5583 942 5618 oue
959 5583 1005 5619 are
1089 5568 1114 5631 c)
1142 5581 1159 5617 o
1177 5581 1247 5619 corr.
1265 5582 1317 5617 area
1335 5582 1351 5617 a
1434 5564 1462 5633 d)
1487 5567 1529 5619 die
1548 5567 1653 5620 Summe
1670 5569 1718 5619 der·
1736 5569 1849 5622 Manain
1866 5573 1966 5623 stimmt
1983 5571 2056 5624 aredi
2073 5589 2109 5623 zu
2126 5574 2176 5625 den

691 5639 879 5691 Einzeizablen
963 5646 988 5703 e)
1016 5639 1059 5688 ein
1075 5637 1189 5689 Verbum
1214 5639 1261 5689 wie
1284 5635 1399 5689 tradidit
1423 5638 1487 5689 oder
1512 5636 1625 5690 donarit
1649 5639 1715 5701 sebit
1740 5642 1770 5692 ia
1794 5644 1820 5692 Α
1909 5642 1934 5709 1)
1963 5659 1979 5694 a
2001 5659 2071 5698 corr.
2090 5660 2177 5697 aueo

690 5712 719 5778 g)
738 5709 852 5762 Bodone
871 5713 953 5776 atque
970 5714 1086 5777 patrono
1105 5724 1154 5760 eon
1172 5708 1225 5759 ΕΒ
1243 5710 1272 5759 in
1290 5711 1346 5759 eine
1363 5709 1414 5771 fiir
1431 5710 1481 5760 dea
1500 5709 1605 5760 Numen
1621 5712 1753 5775 nebim
1771 5712 1858 5765 Lttebe
1880 5715 2045 5781 eiapetropea
2118 5714 2148 5784 h)
2167 5715 2177 5767 i

690 5798 759 5835 corr.
778 5797 863 5833 oreae
935 5778 955 5845 i)
984 5783 1012 5831 in
1031 5778 1076 5848 e'pi
1093 5780 1192 5831 aebeiat
1210 5780 1261 5831 dos
1278 5778 1287 5830 i
1306 5796 1357 5831 orie
1374 5795 1389 5832 c
1407 5782 1548 5846 corripiert
1565 5798 1600 5831 zu
1618 5784 1674 5833 adn
1745 5781 1775 5849 k)
1803 5783 1831 5835 A
