4836 6504
529 465 592 527 194
1127 476 1589 534 KAISERURKUNDEN.

544 680 549 689 ·
634 657 723 729 Data
740 659 807 723 kal.
827 682 902 725 nov.
921 659 1099 725 indictione
1115 677 1149 745 V,
1174 685 1260 727 anno
1283 662 1466 727 dominicae
1491 663 1723 726 incarnationis
1742 676 1835 743 MVII,
1860 683 1945 725 anno
1968 683 2047 725 vero
2068 661 2181 726 domni

527 764 677 829 Heinrici
702 766 856 830 seeundi¹
880 770 1047 852 regnantis
1062 783 1118 849 vlq
1149 782 1259 834 actum
1281 769 1540 851 Frankouofmt3
1571 768 1712 833 feliciter
1735 790 1840 832 amen.

1307 1025 1396 1111 164.

531 1173 708 1250 Heinrich
727 1174 873 1251 aebealct
889 1176 969 1250 dem
986 1203 1058 1251 voa
1081 1178 1154 1251 ilem
1170 1177 1417 1278 peprti'adetea
1435 1177 1599 1252 Biatbum
1617 1177 1801 1277 Bamberp
1825 1175 1884 1251 die
1901 1177 2006 1250 Atta·
2023 1176 2180 1278 Berqen.

1647 1323 1817 1395 stuaksurt
1834 1323 1916 1384 1007
1930 1323 2088 1383 November
2107 1323 2133 1382 1.
2206 1336 2221 1376 a

639 1501 882 1576 Oript'auldiplcm
904 1503 945 1561 im
967 1503 995 1562 lt.
1015 1502 1221 1563 Reieltsurrbiu
1243 1522 1279 1562 ra
1301 1503 1444 1562 Mantinea
1468 1502 1540 1570 (A).

639 1642 812 1702 Gescbicbts·
832 1645 891 1703 aad
911 1646 1175 1720 recblsnerlttsaiper
1193 1645 1496 1704 Ualeraicbt129u'l.
1513 1674 1557 1682 —
1574 1642 1702 1703 Seballes
1720 1643 1800 1702 Hisl.
1818 1641 1967 1714 Schriften
1988 1643 2030 1702 26
2048 1644 2080 1700 n⁰
2092 1643 2119 1701 3.
2136 1672 2182 1680 -

640 1749 849 1809 Oasterreieber
875 1752 905 1809 in
931 1751 1075 1826 Gedffaete
1101 1752 1226 1811 Arcbiee
1254 1753 1282 1822 3,
1303 1752 1364 1810 456
1389 1753 1459 1811 a⁰8
1481 1769 1534 1810 aas
1556 1751 1593 1811 A.
1616 1780 1660 1790 -
1678 1750 1759 1810 Mon.
1783 1750 1877 1809 Boicu
1899 1751 1967 1819 28⁰,
1991 1750 2049 1808 339
2071 1751 2103 1807 a⁰
2117 1751 2183 1809 220

638 1875 692 1915 aas
713 1856 750 1917 A.
774 1887 818 1896 -
841 1858 968 1917 Boumer
989 1858 1061 1933 Rey.
1079 1860 1166 1919 1001.
1192 1889 1236 1897 -
1260 1857 1384 1933 Stampf
1401 1858 1473 1933 Rep.
1491 1859 1579 1918 1458.

641 1999 827 2059 Gmcbuebea
849 2019 903 2059 oon
926 2000 982 2059 EC
1002 2000 1187 2060 aamittelbur
1210 2001 1282 2060 auch
1311 2002 1390 2060 eiua
1411 2002 1586 2073 certamen,
1609 2020 1662 2061 aas
1685 2000 1725 2060 D.
1749 2002 1809 2060 162
1831 2000 2008 2075 &pedatura
2035 2000 2181 2070 Urlrttade
2201 2021 2229 2060 so

637 2107 692 2181 vpl.
716 2107 763 2165 die
782 2106 1009 2182 Verbenacrlraap
1030 2126 1066 2166 za
1088 2106 1129 2167 D.
1148 2108 1215 2167 163.
1266 2108 1342 2167 (loa-
1365 2109 1424 2167 aad
1445 2107 1663 2180 Grafeaaamea
1684 2109 1735 2167 bul
1756 2108 1809 2168 der
1826 2108 1858 2167 ia
1880 2107 1932 2166 der
1952 2106 2179 2182 Vorbemerlcaaq

638 2232 673 2272 za
695 2212 735 2272 D.
754 2214 813 2274 160
835 2215 978 2273 mediata
1000 2214 1230 2286 Hilfsscbreiber
1252 2215 1466 2290 naebpelruqea.

641 2387 699 2465 (C.)
721 2380 739 2471 ξ
761 2382 801 2446 In
823 2384 954 2448 nomine
978 2395 1112 2447 sanctae
1137 2394 1170 2448 et
1191 2383 1381 2447 individuae
1406 2384 1569 2448 trinitatis.
1614 2383 1792 2448 Heinricus
1821 2384 1933 2450 divina
1959 2384 2090 2449 favente
2117 2382 2182 2446 cle·

532 2490 655 2554 mentia
677 2511 747 2553 rex·
856 2505 948 2554 Sacris
967 2505 1054 2570 igitur
1072 2492 1176 2554 sancti
1196 2504 1300 2569 eloquii
1319 2504 1538 2554 institutionibus
1558 2505 1697 2555 erudimur
1709 2512 1737 2555 et
1750 2507 1934 2565 admonemur,
1953 2512 1984 2555 ut
1995 2496 2183 2571 temporalia}

534 2609 719 2675 relinquentes
739 2611 811 2660 bona
834 2616 861 2661 et
880 2620 989 2661 terrena
1007 2618 1203 2677 postponentes
1223 2612 1358 2663 comoda⁸
1375 2626 1392 2656 s
1414 2619 1441 2662 et
1460 2613 1519 2662 sine
1538 2611 1590 2662 line
1611 2628 1737 2662 mansura
1756 2613 1785 2662 in
1804 2611 1870 2663 celis
1887 2613 2047 2662 studeamus
2065 2610 2182 2676 adipisci
2201 2625 2230 2666 ιι

535 2719 706 2769 consistoria.
743 2718 918 2782 Quapropter
936 2733 985 2768 uos
1005 2719 1148 2769 dominicis
1167 2735 1222 2768 non
1241 2718 1353 2769 surdum
1379 2719 1503 2769 auditum
1527 2720 1665 2785 preceptis
1691 2720 1837 2785 prebentes
1863 2726 1891 2769 et
1916 2719 2020 2770 deificis
2043 2719 2182 2783 obtempe-

534 2825 620 2875 rando
640 2824 813 2874 intendentes
833 2825 1007 2875 suasionibus
1026 2825 1162 2890 quendam
1181 2831 1291 2875 nostrae
1310 2832 1442 2891 paternae
1461 2826 1622 2876 hereditatis
1642 2825 1733 2877 locum
1746 2827 1906 2892 Babenperc
1923 2827 2025 2876 dictum
2044 2826 2072 2874 in
2090 2824 2183 2875 sedem

535 2940 562 2981 et
582 2929 690 2981 culmen
709 2931 885 2996 episcopatus
904 2930 1077 2982 sublimando
1104 2933 1278 2997 proveximus
1305 2940 1332 2982 et
1355 2933 1478 2983 Romana
1504 2934 1669 2983 auctoritate
1696 2950 1728 2982 ac
1754 2931 1920 2983 venerabilis
1944 2933 2067 2983 Heinrici
2084 2931 2182 2980 Wirci·

534 3038 678 3103 burgensis
698 3025 844 3109 episcopi
866 3054 899 3087 ac
921 3039 980 3103 pari
1004 3040 1194 3104 communique
1217 3040 1338 3089 omnium
1361 3041 1447 3090 nostri
1469 3039 1591 3091 fidelium
1613 3046 1669 3090 tam
1689 3041 1958 3105 archiepiscoporum
1978 3055 2059 3103 quam
2079 3039 2184 3102 episco-

534 3161 632 3212 porum
659 3162 711 3195 nee
737 3161 792 3195 non
817 3144 917 3195 dueum
944 3153 971 3195 et
998 3147 1127 3197 comitum
1156 3145 1284 3197 consultu
1310 3147 1476 3212 decretoque
1502 3148 1531 3197 in
1556 3149 1678 3197 honore
1703 3154 1814 3196 sanctae
1843 3147 1887 3196 dei
1912 3145 2054 3212 genitricis
2079 3145 2183 3195 Mariae
2201 3158 2230 3197 tu

535 3259 746 3317 sanctorumque
765 3251 951 3318 apostolorum
965 3254 1041 3303 Petri
1060 3260 1087 3304 et
1099 3252 1181 3304 Pauli
1200 3260 1282 3318 atque
1303 3260 1450 3318 martyrum
1463 3252 1567 3303 Kiliani
1581 3254 1675 3303 Georii
1694 3253 1876 3304 stabilivimus
1895 3259 1923 3303 et
1940 3253 2184 3312 corroboravimus,

535 3366 567 3409 ut
590 3365 617 3409 et
640 3360 708 3410 inibi
734 3366 856 3411 nostrum
881 3368 1081 3425 parentumque
1107 3368 1262 3411 nostrornm
1289 3366 1316 3411 et
1335 3361 1445 3410 Ottouis
1462 3374 1479 3405 s
1500 3362 1672 3425 imperatoris
1699 3362 1881 3412 antecessoris
1907 3368 1935 3411 et
1958 3361 2074 3411 senioris
2099 3360 2184 3410 nocui

536 3466 643 3518 celebre
669 3468 816 3519 baberetur
841 3468 999 3519 memoriale
1026 3474 1053 3519 et
1079 3470 1151 3534 iugis
1177 3485 1226 3534 pro
1254 3469 1380 3519 omnibus
1408 3469 1549 3518 ortodoxis
1576 3469 1666 3518 hostia
1693 3474 1858 3518 mactaretur
1886 3467 2021 3518 salutaris.
2066 3467 2184 3517 Proinde

536 3576 783 3625 noveritomnium
801 3577 887 3625 nostri
906 3573 1027 3626 fidelium
1046 3582 1101 3625 tam
1121 3592 1232 3641 presens
1252 3584 1310 3626 etas
1329 3591 1410 3640 quam
1430 3582 1458 3625 et
1475 3590 1638 3625 successura
1653 3577 1808 3641 posteritas,
1827 3576 1892 3639 quia
1908 3592 1959 3625 nos
1975 3582 2083 3625 nostrae
2100 3588 2185 3637 quan-

536 3682 598 3732 dam
621 3683 797 3747 proprietatis
820 3682 959 3733 abbatiam
976 3696 993 3727 s
1017 3668 1153 3753 Barlgln
1177 3667 1299 3732 dictam
1322 3683 1351 3732 iu
1374 3698 1446 3748 pago
1463 3695 1480 3726 e
1501 3667 1704 3753 Nortgouuil'
1730 3687 1759 3732 et
1783 3683 1812 3732 in
1838 3683 1971 3732 comitatu
1996 3665 2185 3752 Pel‘ingel'lb
2203 3695 2231 3734 tt

537 3789 645 3838 comitis
663 3790 743 3838 sitam
762 3790 797 3839 ad
817 3791 931 3839 eandem
949 3805 1034 3855 supra
1052 3791 1152 3840 dictam
1173 3787 1358 3855 episcopalem
1377 3790 1469 3840 sedem
1489 3804 1550 3839 cum
1569 3789 1695 3840 omnibus
1714 3791 1774 3839 eius
1793 3789 1966 3854 pertinentiis
1986 3789 2186 3853 proprietantes

537 3895 697 3946 donavimus
716 3911 749 3946 ac
768 3898 999 3962 perpetuavimus‚
1019 3898 1179 3947 nominatim
1200 3896 1281 3946 rebus
1300 3894 1446 3945 mobilibus
1465 3902 1493 3945 et
1511 3894 1688 3946 inmobilibus
1704 3897 1772 3945 vicia
1789 3893 1862 3945 villis
1881 3893 2024 3945 aecclesiis
2041 3894 2185 3945 decimaci-

536 4002 635 4052 onibus
655 4003 768 4066 quesitis
787 4005 929 4068 acquisitis
947 4002 991 4053 vel
1017 4004 1186 4069 inquirendis
1205 4005 1257 4053 viis
1280 4003 1360 4052 iuriis
1388 4002 1506 4052 exitibus
1524 3987 1579 4051 vel
1597 4002 1729 4053 reditibus
1748 4017 1797 4052 seu
1824 4003 1949 4052 omnibus
1969 4017 2040 4066 quae
2058 4001 2110 4051 rite
2128 4000 2184 4050 dici

535 4107 580 4159 vel
601 4109 683 4159 scribi
701 4117 816 4175 possunt
834 4108 1016 4174 quoquolibet
1034 4111 1116 4161 modo
1136 4109 1311 4170 utilitatibus,
1337 4110 1522 4175 precipientes
1541 4110 1633 4174 igitur,
1660 4116 1691 4158 ut
1716 4109 1795 4159 nobis
1817 4110 1846 4158 in
1873 4110 1924 4159 deo
1944 4107 2060 4159 dilectus
2079 4109 2185 4158 Baban-

535 4217 677 4281 pergcusis
692 4214 842 4266 aecclesiae
857 4216 1032 4266 Eberhardus
1048 4218 1193 4283 episcopus
1208 4218 1306 4281 suique
1321 4231 1495 4266 successores
1512 4214 1626 4265 liberam
1643 4217 1742 4266 dehinc
1756 4216 1875 4266 habeant
1891 4220 2054 4281 potestatem
2071 4215 2185 4265 eandem
2204 4224 2232 4264 tu

536 4330 600 4373 ante
620 4323 721 4372 dictam
740 4323 878 4372 abbatiam
898 4324 1008 4373 tenendi
1029 4325 1172 4374 ordinandi
1192 4322 1350 4373 stabiliendi
1369 4338 1418 4372 seu
1438 4323 1569 4387 quicquid
1593 4322 1646 4372 sibi
1672 4320 1758 4372 libeat
1782 4323 1811 4372 in
1837 4338 1916 4372 usum
1941 4329 2068 4373 aeternae
2093 4337 2185 4372 como·

537 4429 630 4480 ditatis
649 4429 712 4479 inde
731 4429 859 4480 faciendi.
896 4430 931 4479 Et
951 4438 982 4480 ut
1000 4432 1068 4481 haec
1091 4438 1202 4481 nostrae
1226 4430 1381 4480 traditionis
1400 4431 1551 4480 auctoritas
1570 4428 1677 4479 stabilis
1697 4436 1724 4479 et
1743 4428 1905 4479 inconvulsa
1924 4436 2089 4494 permaneat,
2115 4429 2186 4478 hanc

537 4544 639 4585 cartam
658 4537 721 4586 inde
742 4537 922 4602 conscriptam
942 4552 1023 4587 manu
1042 4539 1154 4603 propria
1173 4538 1334 4587 roborantes
1352 4535 1435 4601 sigilli
1454 4538 1540 4586 nostri
1559 4537 1728 4601 inpressione
1748 4537 1871 4601 insigniri
1890 4538 2026 4586 iussimus.

642 4652 660 4744 ξ
684 4654 820 4741 Signum
845 4655 956 4721 domni
978 4657 1126 4721 Heinrici
1151 4662 1216 4736 (M.)
1240 4656 1327 4742 regis
1351 4656 1566 4720 invictissimi.
1590 4653 1608 4745 ᾖ

642 4796 893 4886 {Eberhardus
918 4797 1132 4862 cancellarius
1154 4799 1229 4862 vice
1245 4797 1411 4883 Uuilligisi
1431 4796 1708 4884 archicappellani
1728 4797 1928 4883 recognovit
1952 4794 1970 4885 ᾖ
2019 4804 2076 4875 (sl.
2098 4803 2139 4874 2.)
2205 4828 2234 4869 ‚a

643 4942 732 5006 Data
754 4941 819 5006 kal.
839 4963 914 5006 nov.
934 4940 1111 5006 indictione
1127 4956 1162 5021 v,
1187 4963 1272 5005 anuo
1297 4938 1479 5004 dominicae
1502 4940 1735 5003 incarnationis
1754 4953 1845 5021 nvn,
1871 4961 1956 5004 anno
1979 4936 2187 5003 verodomni

535 5048 685 5113 Heinrici
708 5048 843 5113 secundi
866 5048 1033 5134 regnantis
1048 5061 1104 5131 V13
1136 5058 1245 5112 actum
1268 5045 1529 5130 Frankonofnrt3
1560 5046 1700 5110 feliciter
1723 5067 1828 5110 amen.

1312 5311 1395 5397 165.

536 5466 715 5542 Heinrich
731 5464 877 5541 achate
889 5465 969 5540 dan
982 5491 1054 5539 voa
1072 5465 1145 5539 tam
1156 5465 1402 5565 peperiadetca
1416 5465 1580 5539 Biatbam
1593 5465 1776 5562 Bamberp
1789 5463 1849 5538 die
1861 5464 1967 5538 Aeaei
1979 5463 2184 5565 Kitziupen.

1651 5603 1822 5675 stanbfitrt
1840 5603 1921 5663 1007
1935 5601 2094 5663 November
2112 5604 2139 5662 1.
2205 5631 2235 5671 ω

607 5772 670 5829 lffl.
695 5772 721 5838 s)
740 5771 807 5839 sedi,
826 5773 891 5825 ohne
909 5771 1204 5838 Abkdrzanoazciebea,
1222 5773 1256 5825 A.

607 5859 670 5917 let.
694 5860 843 5998 waltun]
879 5862 906 5927 a)
928 5861 1054 5913 debiater
1071 5864 1183 5913 aeterna
1200 5860 1369 5927 emptionem
1440 5860 1470 5927 b)
1491 5878 1540 5914 voa
1559 5862 1674 5913 andan
1691 5861 1776 5913 Hasd
1794 5863 1824 5914 in
1842 5861 1931 5926 dufer
1947 5861 2079 5927 aduam
2096 5861 2188 5914 Letcks

805 5949 896 5999 rayca.
