4836 6504
842 453 1081 511 HEINRICH
1102 453 1143 508 Π.
1184 452 1278 510 1007.
1827 449 1887 511 171

233 637 415 705 iacentibus
439 639 529 721 locis,
554 640 615 704 hoc
640 640 918 704 consentientibus
942 649 975 704 et
997 638 1271 727 perspicientibus
1290 638 1535 706 venerabilibus
1559 640 1716 727 patribus,
1740 643 1890 729 inprimis

233 746 388 811 videlicet
408 745 697 832 Vuirciburgensis
729 745 910 812 aecclesiae
946 748 1100 833 episcopo
1123 747 1281 812 Heinricc
1312 757 1345 811 et
1366 746 1538 832 Vuilligiso
1572 748 1755 812 reverendo
1786 749 1890 813 archi·

234 854 388 939 episcopo
412 852 602 938 Mogontino
626 862 659 917 et
681 852 872 918 Burchardo
893 853 1164 918 Vuormaciensid
1194 865 1227 917 et
1242 853 1421 918 Vualthero
1446 852 1596 940 Spirensi
1618 864 1651 918 et
1671 854 1889 920 Vnerinhario

235 957 504 1045 Straaburgensi⁰
529 970 562 1023 et
583 958 793 1024 Adalberone
817 958 978 1024 Basilensi
1009 970 1042 1023 et
1063 958 1230 1024 Lanberto
1255 958 1539 1025 Constantiaccnsi
1562 970 1596 1025 et
1618 938 1772 1026 ildalrico
1797 959 1889 1026 Ouri-

201 1093 216 1131 o
235 1068 304 1129 ensi
324 1079 356 1130 et
373 1065 526 1131 Liudolfo
545 1064 793 1152 archiepiscopo
812 1066 1010 1130 Treuerensi
1028 1079 1061 1130 et
1080 1066 1285 1131 Theoderico
1304 1067 1459 1132 Mettensi
1478 1078 1510 1131 et
1528 1066 1725 1132 Berahtoldo
1745 1067 1889 1133 Tollensi

234 1183 267 1237 et
290 1172 451 1237 Heirnone
467 1171 668 1236 Virdunensi
698 1184 731 1235 et
759 1170 942 1236 Hereberto
973 1172 1219 1259 archiepiscopo
1244 1171 1432 1238 Coloniensi
1464 1184 1496 1237 et
1522 1173 1669 1238 Notkero
1691 1174 1888 1239 Laodicensi

234 1290 267 1343 ct
289 1278 469 1343 Eraluuino
492 1278 729 1343 Kameracensi
753 1290 786 1343 et
803 1279 971 1364 Daginino
995 1278 1243 1366 archiepiscopo
1264 1277 1554 1365 Magideburgensi
1578 1290 1611 1344 et
1628 1279 1773 1345 Hildotfo
1798 1281 1889 1345 Man·

234 1385 364 1449 tuano‘.
423 1384 688 1449 Gloriosisimus⁸
717 1407 797 1449 vcro
832 1407 892 1449 rex
921 1385 1097 1449 Heinricus
1132 1397 1209 1450 tunc
1244 1388 1313 1449 voti
1348 1408 1480 1471 compos
1514 1385 1649 1450 effectus
1683 1389 1755 1473 pari
1790 1410 1890 1474 supra

235 1491 394 1557 dictorum
415 1503 544 1578 patrum
568 1491 717 1556 consultu
741 1492 821 1556 duos
846 1493 913 1555 suis
933 1515 976 1556 ox
995 1492 1183 1578 capellanis,
1203 1491 1395 1557 Albericum
1416 1492 1571 1557 videlicet
1593 1503 1625 1557 et
1642 1493 1886 1578 Ludouuikum,

190 1625 217 1662 ro
234 1598 396 1663 adiunctis
419 1599 568 1665 Heinrici
585 1596 874 1684 Vnirciburgensis
898 1600 1045 1685 episcopi
1067 1598 1179 1681 literis,
1210 1599 1347 1664 Romam
1371 1622 1474 1685 usqne
1498 1599 1628 1681 direxit,
1660 1602 1812 1686 quatinus
1834 1602 1888 1666 hic

233 1704 319 1770 bene
349 1707 481 1791 incepta
510 1706 544 1769 in
572 1704 689 1769 melius
721 1705 917 1792 proficerent
947 1707 1139 1770 auctoritate
1162 1705 1320 1770 Romana.
1373 1706 1539 1769 Romanus
1568 1728 1647 1771 vero
1677 1707 1826 1792 pontifex
1857 1719 1889 1772 et

234 1813 428 1876 universalis
455 1834 551 1898 papa·
565 1810 728 1876 Iohannes
758 1814 959 1898 precatorias
989 1811 1128 1898 predicti
1151 1812 1301 1877 Heinrici
1332 1813 1478 1899 episcopi
1507 1812 1617 1877 literas
1647 1814 1825 1899 inspiciens
1856 1826 1889 1880 et

236 1920 372 2004 piissimi
401 1920 490 2003 regis
513 1918 662 1982 Heinrici
693 1918 860 1984 devotioni
890 1918 1109 2005 congaudens,
1141 1918 1253 1983 habita
1282 1921 1316 1982 in
1347 1920 1452 1984 sancti
1474 1920 1565 1984 Petri
1594 1918 1733 1984 basilica
1763 1921 1887 2004 sinodo,

234 2048 293 2111 pro
324 2023 547 2089 confirmando
576 2022 846 2111 Babenbergensi
875 2028 1066 2113 episcopatu
1095 2025 1312 2112 pruilegium⁸
1342 2027 1421 2090 fecit
1451 2025 1614 2090 conscribi
1647 2037 1679 2091 et
1709 2027 1888 2113 apostolica

191 2163 217 2201 η
236 2132 428 2196 auctoritate
452 2128 666 2211 corroborari,
690 2133 852 2195 universis
877 2130 1004 2196 Galliae
1029 2144 1061 2197 et
1085 2130 1282 2196 Germaniae
1306 2133 1469 2219 episcopis
1493 2132 1688 2215 rescribens,
1712 2144 1747 2197 ut
1770 2146 1804 2198 et
1826 2136 1888 2221 ipsi

235 2238 308 2325 pari
326 2239 554 2323 communique
575 2238 766 2302 auctoritate
786 2238 926 2302 eundern
945 2240 1170 2325 episcopatum
1190 2237 1439 2303 corroborarent
1459 2250 1492 2303 et
1510 2239 1748 2305 confirmarent.
1791 2239 1888 2320 Quod

235 2344 390 2409 videlicet
412 2344 620 2431 privilegium
644 2343 849 2408 venerabiles
879 2356 990 2432 patres
1020 2347 1055 2409 in
1085 2368 1184 2437 supra
1214 2344 1302 2410 dicto
1326 2345 1571 2410 Frankonofurt
1600 2344 1712 2411 habito
1742 2346 1887 2433 generali

236 2451 374 2517 concilio
399 2452 613 2516 consistentes
637 2473 763 2515 summa
786 2452 996 2516 veneratione
1020 2451 1159 2538 legendo
1187 2453 1403 2538 suscipientes
1434 2463 1466 2516 ct
1496 2451 1673 2543 apostolice
1703 2455 1888 2519 auctoritati

236 2558 468 2623 obendientesss
501 2557 628 2622 devotis
660 2557 823 2624 mentibus
856 2556 1091 2622 subscribendo
1126 2559 1323 2622 unanimiter
1357 2557 1574 2623 laudaverunt
1609 2562 1887 2647 communiterque

190 2684 218 2723 νο
236 2663 537 2729 corroboraverunt.

342 2770 556 2857 †Willigisns
579 2781 692 2857 sancte
712 2771 947 2857 Mogontiensis
967 2771 1147 2836 aecclesiae
1168 2771 1445 2857 archiepiscopus,
1470 2772 1526 2858 qui
1545 2771 1651 2836 eidem
1671 2773 1796 2859 syuodo
1815 2775 1888 2838 vice

236 2879 402 2943 Romanae
419 2877 599 2942 aecclesiae
615 2877 834 2964 presideham,
851 2877 1045 2943 conlaudavi
1062 2889 1094 2942 et
1110 2877 1299 2964 subscripsi.
1357 2877 1574 2957 †Radherius
1590 2878 1889 2944 Podclbrunnensis

236 2984 417 3050 aecclesiae
437 2986 610 3071 episcopus
629 2984 762 3048 interfui
781 2995 813 3048 et
832 2983 1020 3070 subscripsi.
1082 2983 1356 3071 †lllegiugaudus
1368 2984 1585 3048 Eihstatensis
1603 2987 1775 3072 episcopus
1791 2968 1888 3051 inter-

236 3092 282 3156 fui
311 3101 344 3156 et
371 3089 560 3177 subscripsi.
617 3089 870 3155 Berenuuardus
898 3090 1218 3155 Hildinisheimensis
1249 3092 1423 3177 episcopus
1454 3091 1588 3156 interfui
1611 3104 1644 3156 et
1667 3090 1889 3181 subscripsi.†

191 3221 218 3260 as
236 3197 430 3263 Lambertus
450 3196 729 3263 Constantiensish
753 3199 926 3283 episcopus
945 3198 1077 3262 intertui
1099 3208 1132 3262 et
1152 3198 1376 3285 subscripsi.†
1435 3197 1592 3262 Amolfus
1610 3199 1889 3264 Halberstatensis

238 3305 369 3370 interfui
393 3316 426 3370 et
449 3304 671 3390 subscripsi.†
721 3281 895 3370 (idalricus
913 3303 1080 3368 Curieusis
1104 3306 1277 3391 episcopus
1301 3305 1434 3368 interfui
1458 3316 1490 3369 et
1514 3304 1737 3392 subscripsi.†
1788 3306 1889 3372 Burc-

237 3412 357 3477 hardus
381 3412 647 3477 Uuormaciensis
678 3412 851 3497 episcopus
881 3411 1014 3475 interfui
1044 3422 1076 3475 et
1100 3409 1323 3497 subscripsi.†
1385 3411 1622 3476 Uuerinharius
1640 3412 1889 3499 Argentinensis

238 3520 411 3605 episcopus
433 3518 566 3582 interfui
596 3531 628 3581 et
658 3516 881 3605 subscripsi.†
939 3516 1165 3582 Uualtherius¹
1192 3516 1356 3603 Spirensis
1387 3519 1560 3605 episcopus
1591 3520 1724 3583 interfui
1754 3531 1787 3584 et
1816 3520 1890 3585 suh·

238 3626 398 3711 scripsi.†
453 3624 544 3689 Brun
561 3624 779 3710 Augustensis
804 3625 976 3710 episcopus
996 3624 1128 3709 interfui
1147 3623 1332 3688 collaudavi
1352 3637 1385 3688 ct
1404 3624 1658 3711 subscripsi.¹‘†¹
1718 3626 1890 3692 Lindolfus

193 3752 220 3791 so
238 3731 451 3794 Treuerensis
480 3730 747 3817 archiepiscopus
777 3731 908 3795 interfui
939 3742 971 3795 et
1001 3729 1226 3817 subscripsi.†
1286 3730 1502 3796 Berahtoldus
1526 3731 1687 3797 Tollensis
1717 3735 1890 3820 episcopus

238 3837 370 3900 interfui
393 3847 425 3900 et
441 3836 663 3923 subscripsi.†
715 3838 833 3901 licimo
849 3837 1090 3902 Uuirdunensis
1114 3839 1288 3923 episcopus
1312 3838 1445 3901 interfui
1469 3851 1501 3902 et
1524 3838 1748 3926 subscripsi.†
1792 3841 1889 3905 Hart-

238 3945 356 4028 uuigus
386 3944 579 4008 quaucnsis
616 3945 912 4031 archiepiscopus¹11
942 3943 1075 4007 interfui
1105 3955 1138 4007 et
1168 3942 1398 4029 subscripsi.†
1471 3943 1654 4010 Cristianus
1684 3947 1890 4012 Patauiensis

238 4052 411 4136 episcopus
434 4050 567 4114 interfui
591 4062 623 4114 et
646 4050 834 4138 subscripsi.
847 4055 887 4132 †¹²
949 4049 1186 4114 Gebehardns⁰
1210 4049 1475 4136 Radesponensis
1506 4054 1679 4140 episcopus
1703 4054 1834 4119 interfui
1858 4067 1891 4119 et

238 4154 459 4243 subscripsi.†
518 4155 727 4242 Egssbertusv
750 4158 997 4243 Frigingensisq
1026 4158 1199 4243 episcopus
1222 4157 1355 4221 interfui
1386 4170 1418 4220 ct
1441 4157 1665 4246 subscripsi.†
1724 4160 1890 4226 Adalbero

193 4287 219 4326 ss
238 4264 438 4327 liriniensisr
464 4263 637 4349 episcopus
667 4264 798 4328 interfui
830 4277 862 4328 ct
890 4263 1113 4349 subscripsi.†
1172 4262 1366 4326 Heribertus
1397 4264 1663 4352 archiepiscopus
1687 4265 1890 4332 Coloniensis

237 4370 369 4434 interfui
388 4369 432 4433 ad
450 4381 562 4463 votum
580 4370 704 4433 sinodi·
730 4382 763 4433 ct
782 4369 971 4457 subscripsi.
1030 4369 1211 4455 Stridgerus
1231 4370 1579 4455 lllimigarduordensis
1601 4375 1774 4460 episcopus
1792 4376 1890 4440 inter-

236 4477 284 4540 fui
307 4489 340 4540 et
362 4475 585 4562 subscripsi.†
644 4476 819 4540 Aushidus
843 4477 1065 4541 Traiectensis
1097 4478 1271 4563 episcopus
1302 4478 1434 4541 interfui
1464 4490 1496 4542 et
1525 4478 1748 4566 subscripsi.†
1808 4483 1890 4547 Teo-

237 4584 347 4648 dricus
371 4582 553 4647 blindansis
577 4585 751 4669 episcopus
775 4584 908 4648 interfui
931 4596 964 4648 ct
988 4582 1211 4669 subscripsi.†
1272 4583 1479 4648 Thietmarus
1507 4588 1680 4673 episcopus
1705 4587 1890 4653 Osneburc·

237 4691 347 4776 gensis
377 4690 510 4754 interfui
541 4703 573 4753 et
603 4689 825 4776 subscripsi.†
884 4690 1066 4776 †Dagino¹
1100 4690 1364 4776 archiepiscopus
1395 4691 1728 4780 llagedeburcgensis
1759 4696 1890 4760 interfui

191 4820 219 4860 to
239 4809 271 4861 ct
289 4795 479 4883 subscripsi.
536 4796 806 4876 †Hildiuuardus
826 4797 1020 4862 Citicensis⁰
1040 4798 1214 4884 episcopus
1233 4798 1365 4862 interfui
1384 4808 1416 4862 et
1435 4797 1624 4886 subscripsi.
1682 4801 1890 4867 Burchardus

239 4904 507 4990 archiepiscopus
529 4902 758 4967 Laudunensis
781 4904 912 4968 interlui
943 4916 975 4968 et
998 4902 1221 4991 subscripsi.†
1281 4904 1450 4970 Baldolfus
1480 4907 1745 4994 archiepiscopus
1769 4890 1891 4974 Taren·

311 5097 376 5155 148.
401 5099 430 5166 (1)
450 5117 487 5150 aa
506 5100 583 5151 Sola
601 5116 650 5151 oon
668 5098 878 5153 Vuormaciensi
895 5102 977 5152 duod
995 5101 1191 5168 ursprrtaqlich
1210 5098 1342 5168 Spirensi,
1368 5102 1472 5153 welches
1496 5104 1587 5169 patht
1613 5106 1647 5155 ist
1719 5104 1745 5172 e)
1764 5105 1893 5158 dubitator

399 5174 455 5224 dno
473 5171 635 5237 Urrtoeldnpe
651 5173 808 5223 assedam
887 5171 912 5241 s)
938 5173 990 5223 dos
1014 5180 1082 5223 erate
1104 5187 1120 5223 a
1145 5188 1215 5225 corr.
1235 5189 1286 5224 aus
1303 5188 1320 5223 0
1392 5176 1421 5243 g)
1443 5175 1466 5225 Α
1539 5173 1569 5243 h)
1592 5176 1644 5227 das
1664 5179 1752 5227 aweitc
1776 5175 1785 5227 i
1810 5177 1892 5228 auch·

399 5242 514 5308 trupltct
533 5243 716 5307 rinpescbobcn
779 5242 799 5309 i)
820 5243 870 5295 das
888 5243 906 5295 h
925 5244 990 5296 aba·
1008 5245 1056 5296 der
1072 5243 1144 5295 Zeile
1162 5244 1357 5310 nacbpetrapcn
1420 5243 1449 5309 lr)
1467 5249 1496 5297 et
1513 5262 1546 5298 ss.
1563 5252 1643 5298 unm
1659 5247 1707 5299 der
1719 5248 1791 5299 Zeta
1802 5250 1892 5311 aofort

399 5314 577 5379 binzuqefrtyt
643 5313 663 5379 1)
684 5315 735 5366 dos
750 5314 844 5365 Kreas
859 5316 923 5366 siber
939 5313 1101 5380 collaudavi,
1119 5314 1155 5364 da
1168 5331 1212 5365 am
1226 5315 1303 5367 Euda
1314 5317 1363 5367 der
1375 5316 1446 5368 Zeto
1457 5317 1505 5369 der
1516 5316 1596 5368 Plutz
1612 5318 1694 5380 sebltc
1759 5319 1799 5386 m)
1816 5318 1891 5372 archi

399 5400 447 5436 aon
467 5386 582 5436 amierer
600 5385 685 5437 Hand
702 5385 768 5436 aber
785 5386 833 5436 der
851 5386 922 5437 Zoilo
940 5387 1135 5452 mtpuraqm
1207 5388 1236 5451 n)
1261 5388 1297 5437 do
1321 5389 1363 5438 eta
1385 5394 1466 5440 crates
1484 5389 1578 5439 Kreuz
1596 5389 1686 5440 tiator
1703 5406 1737 5443 ss.
1757 5391 1893 5443 veroum

398 5473 465 5519 war,
484 5463 561 5507 aetate
578 5457 627 5507 der
645 5457 758 5521 Bascbot
775 5459 818 5509 eia
835 5460 937 5509 medes
954 5458 1075 5508 dantber
1128 5458 1156 5513 ο)
1172 5455 1191 5509 b
1208 5458 1295 5521 soson
1313 5474 1382 5512 corr.
1401 5476 1453 5511 cus
1470 5476 1488 5510 u
1546 5461 1577 5527 p)
1596 5461 1646 5511 das
1664 5460 1673 5512 l
1693 5477 1745 5513 aus
1764 5460 1892 5516 Versehen

397 5528 717 5593 moderatiorem,
740 5534 806 5579 atati
823 5530 869 5580 dos
887 5527 914 5594 b,
942 5529 1048 5581 welches
1065 5529 1270 5581 durcbstrs'chm
1288 5530 1391 5581 wer-den
1409 5530 1491 5594 some,
1510 5548 1555 5581 um
1573 5532 1617 5583 die
1634 5531 1705 5584 Sillae
1723 5532 1774 5585 ber
1791 5534 1893 5585 dorass-

398 5600 486 5652 stellen
553 5602 582 5666 q)
598 5603 639 5659 A,·
657 5617 695 5668 ng
709 5616 779 5654 corr.
795 5616 846 5649 uus
863 5617 881 5651 u
898 5601 961 5652 oder
977 5617 996 5668 g
1062 5602 1086 5666 r)
1106 5601 1300 5668 ursprdnqls'cb
1316 5599 1474 5667 Bricuinsis,
1493 5619 1508 5653 c
1526 5602 1624 5668 pailet,
1644 5619 1660 5655 e
1678 5603 1743 5657 tiber
1758 5605 1806 5656 der
1822 5606 1893 5659 Zoilo

397 5670 593 5736 nocqurayen
672 5678 694 5737 s)
723 5670 757 5723 ad
781 5675 878 5723 votum
903 5670 993 5723 sinodi
1017 5687 1066 5723 voa
1088 5671 1204 5723 andero·
1222 5673 1306 5724 Hand
1323 5689 1347 5726 a.
1365 5673 1393 5725 T.
1413 5674 1477 5723 atter
1494 5673 1543 5724 der
1560 5674 1642 5737 Zeila,
1659 5692 1683 5729 z.
1702 5676 1732 5729 Τ.
1751 5676 1841 5729 bs'ntcr
1858 5694 1891 5732 ss.

398 5742 608 5808 nasicas-apem
626 5743 669 5794 dis
687 5743 773 5807 Stella,
793 5742 883 5793 roobia
902 5759 929 5795 cs
946 5744 1068 5795 kannam
1085 5742 1167 5805 sollte,
1185 5743 1271 5795 durch
1284 5743 1389 5795 nom
1408 5744 1551 5797 amimea
1612 5746 1635 5814 t)
1654 5747 1811 5800 ducKreaz
1828 5748 1894 5802 atbar

398 5813 579 5866 demNomen
651 5812 1073 5881 uldasnoeitcicorr.auso

1628 5928 1679 5978 2⁴2*
