4760 6512
541 459 606 521 322
1139 461 1596 519 KAISERURKUNDEN.

539 650 618 716 villa
641 649 890 736 Tittingesheim
920 649 1018 730 dicta,
1049 671 1113 737 que
1142 648 1176 712 in
1206 670 1291 736 pago
1320 648 1483 735 Nitigowe
1513 649 1547 713 in
1577 648 1732 713 comitatu
1759 646 1906 713 Ricberti
1935 649 2061 713 comitis
2092 649 2188 731 iacet,

540 780 616 823 cnm
639 754 787 822 omnibus
818 755 1064 843 appertinentiis
1087 756 1259 841 mancipiis
1282 756 1450 842 utriusque
1481 778 1579 820 sexus
1604 755 1700 819 terris
1726 754 1820 820 cultis
1846 765 1878 820 et
1902 754 2032 819 incultis
2058 756 2189 841 pascuis

540 865 642 953 pratis
666 861 879 948 omnibusque
903 862 1070 949 acquisitis
1093 860 1146 925 vel
1170 861 1377 947 acquirendis
1400 861 1462 926 deo
1485 871 1660 950 sancteque
1684 860 1831 948 predicte
1855 860 1906 925 dei
1932 861 2069 947 ecclesie
2091 861 2189 927 devo

540 972 628 1035 tione
651 970 792 1056 gratuita
815 967 1000 1050 oburlimus,
1031 966 1226 1054 ecquidem
1255 969 1380 1033 ratione
1410 969 1563 1055 quatinus
1586 967 1752 1054 predictus
1775 966 1879 1033 abbas
1902 967 2047 1033 ciusdem
2069 968 2134 1033 loci
2157 980 2191 1033 et

540 1076 658 1164 reliqui
681 1077 732 1141 sui
755 1097 960 1140 successores
984 1074 1070 1155 idern
1094 1074 1243 1160 predium
1263 1074 1484 1162 ecclesiastico
1504 1076 1574 1140 iure
1594 1073 1762 1140 obtineant
1779 1086 1813 1139 et
1830 1074 1918 1161 quod
1936 1074 2011 1139 inde
2029 1074 2191 1162 placuerit
2212 1103 2226 1143 s

541 1182 585 1248 ad
607 1206 685 1248 usus
708 1182 848 1271 ecclesie
871 1179 1107 1245 rationabiliter
1129 1180 1279 1245 vertendi
1302 1192 1411 1246 nostro
1435 1204 1592 1247 concessu
1615 1180 1720 1245 libera
1742 1181 1896 1247 facultate
1926 1183 2100 1269 potiantur.
2146 1182 2191 1247 Et

541 1312 600 1376 pro
630 1290 692 1354 hoc
722 1287 887 1375 quoddam
917 1287 1062 1352 eiusdem
1093 1287 1231 1373 ecclesie
1261 1288 1410 1374 predium
1432 1289 1562 1353 nomine
1586 1286 1840 1353 Honoldcsbacb
1863 1286 1957 1352 nobis
1979 1299 2091 1354 mutuo
2114 1312 2190 1354 con-

542 1395 766 1461 cambivimus.
812 1395 856 1459 Et
885 1406 922 1458 ut
944 1393 1005 1481 hec
1027 1405 1137 1479 nostre
1162 1395 1420 1459 commutationis
1443 1396 1619 1460 auctoritas
1643 1393 1769 1459 stabilis
1792 1406 1826 1459 et
1847 1394 2040 1460 inconvulsa
2062 1418 2189 1482 permar

541 1513 628 1585 neat,
658 1501 743 1567 hanc
772 1500 892 1587 regalis
922 1501 1068 1587 precepti
1098 1502 1253 1586 paginam
1282 1500 1359 1566 inde
1390 1500 1551 1566 conscribi
1586 1523 1625 1566 ac
1661 1524 1760 1565 manu
1794 1502 1927 1588 propria
1960 1501 2190 1568 confirmantes

542 1608 648 1695 sigillo
671 1620 781 1673 nostro
804 1610 1010 1695 precepimus
1034 1608 1193 1693 insigniri.
2210 1632 2235 1671 ro

651 1733 787 1819 Signum
810 1732 920 1797 domni
942 1731 1092 1795 Heinrici
1115 1731 1250 1797 secundi
1274 1733 1361 1818 regis
1384 1733 1598 1798 invictissimi.
1622 1738 1687 1815 (Μ.)

651 1856 850 1922 Guntherius
875 1856 1087 1922 cancellarius
1109 1857 1183 1920 vice
1206 1855 1415 1922 Ercambaldi
1440 1857 1694 1944 archicapellani
1717 1858 1904 1944 recognovi.

650 1982 738 2046 Data
753 1996 802 2046 VI.
822 2004 896 2046 non.
917 1979 1022 2046 octob.
1041 1980 1220 2045 indictione
1242 1995 1290 2064 XI,
1321 2004 1406 2045 anno
1430 1981 1592 2069 dominice
1615 1983 1848 2047 incarnationis
1870 1997 1975 2063 Mxm,
2002 2004 2088 2047 anno
2112 2005 2190 2048 vero

544 2088 654 2153 domni
676 2088 826 2153 Heinrici
851 2088 987 2153 secundi
1010 2088 1177 2173 regnantis
1200 2101 1268 2170 X113
1298 2098 1406 2153 actum
1429 2086 1637 2171 Babenbcrc;
1668 2088 1808 2177 feliciter
1830 2111 1936 2153 amen.

1315 2333 1409 2420 273.

544 2498 723 2573 Heinrich
750 2497 837 2571 latest
862 2495 941 2595 auf
959 2496 1080 2570 Bitten
1107 2496 1169 2570 das
1197 2496 1438 2569 Maratward
1464 2497 1587 2570 dassen
1613 2496 1758 2570 Kuecbt
1780 2496 1981 2571 Berrrbard
1994 2496 2091 2594 saei.

1682 2643 1864 2719 Repertsburq
1882 2645 1960 2704 1013
1980 2645 2100 2705 October
2116 2646 2146 2705 7.

651 2804 820 2879 Biduuper
839 2802 1011 2876 Gopiulbucb
1030 2821 1084 2861 aas
1102 2804 1154 2861 der
1169 2802 1255 2860 Mitte
1274 2802 1323 2861 des
1343 2804 1391 2861 12.
1408 2802 1436 2862 J
1435 2803 1463 2861 b.
1482 2804 1505 2873 s.
1522 2796 1555 2861 θ’
1576 2804 1617 2862 im
1636 2805 1664 2863 k.
1682 2803 1887 2863 Ruebsarcbiv
1905 2823 1940 2863 zu
1960 2803 2102 2864 Manates
2119 2806 2190 2873 (B).

652 2927 838 2987 Meicdelbeclc
868 2927 948 2985 Hist.
972 2927 1103 3002 Frisiuq.
1128 2929 1174 2997 1⁰,
1190 2928 1252 2987 209
1281 2944 1334 2985 aaa
1358 2926 1389 2986 G.
1414 2957 1458 2965 —
1481 2927 1561 2987 Mon.
1585 2928 1679 2987 Boieu
1701 2929 1768 2998 31⁰,
1783 2931 1848 2987 288
1875 2929 1979 2988 220149
2008 2948 2062 2989 aas
2083 2929 2122 2989 Β.
2146 2959 2192 2969 -

580 3063 584 3069 ·
652 3034 776 3108 Strtmpf
789 3033 859 3109 Ray.
877 3036 967 3092 1588.
2209 3044 2235 3083 ao

657 3158 789 3229 Versasst
817 3158 891 3216 narb
917 3158 1034 3216 altman
1057 3158 1338 3229 Kaazleisorrnulur,
1367 3159 1422 3233 apl.
1445 3158 1514 3217 DO.
1531 3158 1596 3218 ΙΙΙ.
1613 3160 1660 3218 94.
1707 3159 1766 3218 Die
1787 3160 1883 3219 Worte
1910 3162 1942 3218 in
1965 3162 2033 3219 vice
2061 3161 2114 3220 der
2136 3162 2191 3221 Re·

653 3265 914 3339 copnitioussorrnsl
938 3264 1007 3339 (apl.
1025 3263 1064 3323 D.
1082 3266 1136 3331 32)
1161 3265 1278 3323 rattrden
1296 3267 1356 3336 aus
1367 3266 1448 3324 aneu
1466 3265 1634 3340 Freisiuper
1651 3265 1801 3325 Sebreiber
1817 3268 1965 3326 schliessea
1983 3268 2086 3339 fascem
2109 3289 2191 3328 werra

654 3372 732 3430 nicbt
754 3376 826 3430 elwa
848 3371 901 3430 dus
924 3373 957 3428 in
979 3376 1039 3429 erat
1059 3389 1113 3429 sou
1137 3371 1199 3429 desa
1222 3370 1371 3430 Schreiber
1392 3372 1441 3430 des
1465 3370 1652 3445 Copialbucba
1674 3373 1704 3432 B
1726 3374 1909 3448 binzapesitpt
1931 3374 1978 3433 iat.

654 3528 712 3601 (C.)
736 3521 775 3585 In
797 3522 927 3585 nomine
950 3532 1063 3609 sancte
1086 3531 1119 3586 et
1142 3520 1310 3586 individue
1333 3522 1496 3586 trinitatis.
1534 3521 1710 3587 Heinricus
1730 3522 1842 3587 divina
1864 3523 1995 3589 favente
2018 3524 2192 3590 clementia

547 3651 617 3693 rex.
706 3627 826 3692 Notum
850 3629 892 3691 sit
914 3625 1063 3692 omnibus
1085 3626 1236 3692 fidelibus
1259 3629 1377 3691 nostris
1399 3627 1606 3715 presentibus
1630 3628 1755 3694 scilicet
1777 3639 1874 3716 atque
1897 3630 2024 3713 futuris,
2053 3631 2193 3718 qualiter
2208 3655 2234 3696 aa

547 3758 606 3800 nos
630 3733 671 3799 ob
694 3736 911 3799 interventum
929 3734 1148 3798 Marahwardi
1172 3734 1334 3820 quendam
1357 3736 1407 3798 sui
1426 3736 1505 3798 iuris
1525 3758 1654 3799 servum
1673 3737 1803 3800 nominc
1822 3736 2033 3802 Beranhard⁸
2052 3760 2191 3803 excusso

547 3841 588 3906 de
612 3864 710 3906 manu
731 3841 817 3905 illius
840 3852 951 3906 nostra
973 3863 1071 3905 manu
1094 3840 1227 3905 denario
1258 3840 1395 3905 liberum
1425 3842 1562 3906 fecimus
1591 3853 1623 3906 et
1653 3840 1694 3906 ab
1718 3844 1806 3907 omni
1829 3865 1902 3907 eum
1927 3845 2092 3909 servitutis
2114 3847 2191 3932 iugo

547 3947 755 4013 absolvimus.
800 3947 943 4012 Proinde
967 3947 1071 4033 regali
1101 3958 1210 4012 nostra
1240 3946 1388 4012 iubemus
1417 3949 1573 4034 potentia,
1603 3961 1640 4013 ut
1668 3948 1755 4014 idem
1785 3951 1852 4013 iam
1881 3949 1986 4014 dictus
2009 3951 2193 4017 Beranhart

547 4055 604 4120 tali
633 4055 788 4141 deinceps
817 4053 977 4119 libertatis
1006 4054 1078 4141 lege
1108 4065 1227 4137 utatur,
1258 4054 1347 4142 quali
1378 4056 1478 4144 ceteri
1508 4057 1698 4120 manumissi
1726 4055 1883 4121 hactenus
1906 4067 1981 4121 sunt
2002 4058 2053 4122 usi
2076 4057 2191 4123 eodem

547 4161 643 4227 modo
667 4185 687 4226 a
709 4160 842 4248 regibus
864 4162 918 4226 vel
940 4159 1189 4248 imperatoribus
1207 4160 1302 4226 liberi
1320 4161 1409 4226 facti.
1447 4161 1492 4226 Et
1509 4173 1545 4226 ut
1562 4161 1623 4251 bec
1641 4173 1751 4251 nostre
1769 4164 1989 4228 concessionis
2007 4165 2191 4250 ingenuitas
2208 4188 2235 4228 so

548 4268 672 4334 stabilis
692 4280 724 4333 et
742 4268 933 4333 inconvulsa
951 4279 1150 4355 permaneat,
1175 4268 1259 4332 hanc
1278 4278 1401 4333 cartam
1420 4267 1497 4332 inde
1516 4269 1733 4355 conscriptam
1752 4269 1851 4356 sigilli
1869 4271 1972 4335 nostri
1989 4272 2191 4358 inpressione

548 4377 699 4440 iussimus
723 4376 900 4461 insignirib.

655 4499 854 4565 Guntherius
878 4498 1091 4564 cancellarius
1115 4500 1150 4563 in
1172 4500 1246 4564 vice
1269 4497 1501 4564 Erchamboldi
1525 4499 1777 4586 archicapellani
1800 4478 2004 4587 recognovi.=

654 4623 743 4688 Data
771 4646 845 4688 non.
877 4621 983 4689 octob.
1014 4623 1192 4687 indictione
1222 4638 1269 4705 XI,
1300 4646 1385 4688 anno
1416 4622 1578 4714 dominice
1608 4626 1840 4690 incarnationis
1863 4640 1967 4707 Mxm,
1998 4648 2084 4690 anuo
2114 4648 2192 4691 vero

546 4730 657 4796 domni
680 4731 828 4795 Heinrici
851 4732 938 4816 regis
961 4728 1127 4816 regnantis
1150 4744 1216 4814 xn3
1248 4741 1356 4795 actum
1379 4729 1648 4816 Reganesburch3
1678 4731 1817 4796 feliciter
1840 4754 1945 4797 amen.
2208 4754 2235 4796 as

1320 4986 1415 5072 274.

547 5139 725 5214 Heinrich
751 5139 915 5239 bestdtipt
940 5138 1006 5212 der
1030 5138 1282 5238 biscbbflicltea
1304 5139 1441 5214 Kircbe
1464 5166 1509 5214 za
1529 5143 1651 5240 Aequi
1674 5142 1778 5216 ibren
1802 5142 1918 5217 Besitz
1942 5142 2023 5217 aad
2045 5143 2193 5217 vmlubt

546 5261 626 5335 deta
651 5256 815 5357 Biscbof
828 5257 1057 5358 perfcbtlz‘elre
1083 5257 1308 5357 Besapnisse.
1809 5289 1905 5349 Poeta
1927 5290 2005 5350 1013
2026 5318 2071 5329 -
2093 5320 2147 5349 ..,

652 5448 801 5507 Morioudi
819 5447 899 5505 Mea
917 5446 1062 5522 Aquensis
1085 5450 1113 5517 1,
1128 5449 1168 5506 21
1192 5450 1224 5506 a⁰
1240 5450 1280 5507 12
1300 5448 1359 5507 aad
1377 5449 1405 5518 1,
1422 5450 1479 5507 631
1498 5466 1552 5508 ates
1570 5449 1777 5520 ldclteubaftem
1796 5449 1986 5524 Tranasampt
2002 5450 2051 5509 das
2070 5450 2117 5509 15.
2134 5450 2162 5510 J
2162 5450 2188 5509 lt.

651 5555 693 5613 im
715 5553 941 5627 Capitelsorcbiv
959 5573 995 5613 zu
1016 5555 1108 5629 Aequi
1124 5546 1187 5629 (A)
1205 5576 1247 5602 =
1263 5555 1370 5629 Rieper
1384 5554 1738 5630 Immuuitdtrprivilept'eu
1759 5559 1812 5627 fiir
1830 5555 2006 5616 italieuiscbe
2023 5556 2191 5616 Bistbatraer
2206 5570 2233 5611 so

652 5663 693 5720 55
714 5661 768 5719 mit
790 5660 999 5735 Erpduzuupen
1021 5680 1056 5719 zu
1078 5661 1165 5720 1014.
1189 5691 1233 5699 -
1257 5660 1380 5736 Stumps
1397 5662 1469 5737 Ray.
1488 5663 1563 5722 1591
1585 5680 1620 5722 au
1643 5663 1729 5722 1014.

617 5828 682 5885 278.
708 5827 856 5898 [Bresslan]
893 5845 908 5881 a
938 5828 1099 5882 dviollcs'cht
1116 5845 1186 5884 corr.
1205 5833 1287 5882 aaut
1357 5830 1387 5897 b)
1406 5829 1534 5899 inssgniri
1553 5831 1584 5884 B.
