4798 6486
822 421 1059 480 HEINRIOH
1081 423 1119 477 Π.
1153 421 1249 481 1017.
1807 416 1868 480 481

222 619 384 672 molendinis
403 620 488 685 pratis
506 618 617 684 pascuis
635 617 687 667 viis
707 623 735 667 et
753 617 834 667 inviis
854 617 973 667 exitibus
989 630 1007 662 s
1027 616 1159 681 quaesitis
1185 622 1213 667 st
1230 616 1399 681 inquirendis
1421 617 1564 682 mancipiis
1582 618 1724 682 utriusque
1743 631 1825 667 sexus
1844 621 1872 667 et

223 727 347 778 omnibus
366 740 437 792 quae
457 724 714 790 quomodocumque
732 724 867 774 nominari
886 720 943 774 aut
960 723 1043 774 scribi
1063 729 1177 789 possunt
1195 722 1361 774 utilitatibus
1379 724 1414 774 ad
1428 724 1543 774 eandem
1556 729 1658 774 cortem
1672 723 1871 789 pertinentibus

224 833 259 885 ad
277 833 429 903 prqdictnm
447 832 642 882 monasterium
660 846 710 897 per
728 830 798 881 bano
816 836 938 881 nostram
956 828 1127 896 imperialem
1145 830 1273 896 paginam
1292 831 1468 881 concedimus
1494 836 1577 896 atque
1605 829 1742 895 largimur.
1779 829 1816 880 Et
1841 834 1872 880 ut

225 940 289 990 boc
320 945 429 989 nostram
454 938 651 989 auctoritatis
682 932 872 1012 preceptum
895 921 1024 987 firmum
1047 942 1075 988 et
1104 936 1316 989 inconvulsum
1340 951 1357 983 s
1389 938 1462 989 omni
1491 942 1650 1004 permaneat
1676 944 1768 1004 aevo,
1792 921 1872 987 illud

189 1058 305 1127 amana
330 1046 440 1112 propria
464 1028 654 1095 roborantes
672 1041 778 1109 sigilli
797 1044 902 1095 nostri
922 1029 1134 1116 impressione
1158 1030 1309 1095 iussimus
1334 1045 1470 1110 insigniri.

327 1172 345 1264 ξ
369 1174 505 1261 Signum
528 1172 639 1238 domni
661 1172 810 1237 Heinrici
832 1171 1052 1237 Romanorum
1074 1170 1289 1237 invictssimil'
1313 1181 1377 1251 (M.)
1401 1172 1607 1259 imperatoris
1630 1168 1803 1260 augustia

326 1314 345 1406 ξ
368 1315 569 1381 Guntherius
592 1313 808 1379 cancellarius
831 1314 904 1379 vice
927 1313 1131 1379 Erkeubaldi
1155 1313 1450 1402 archicappellaui⁰
1474 1310 1707 1402 recognovit}
1753 1320 1869 1393 (81.3.)

325 1458 422 1524 Anno
453 1457 637 1523 dominicae
667 1456 919 1521 incarnationis‘¹
941 1454 1111 1522 millesimo
1135 1445 1208 1541 illl,
1240 1455 1417 1521 indictione
1440 1444 1502 1539 fil,
1535 1478 1620 1520 anno
1649 1478 1728 1520 vero
1759 1455 1870 1522 domni

220 1567 369 1632 Heinrici
391 1564 527 1631 secundi
550 1564 716 1650 regnantis
739 1551 811 1645 iffi,
836 1563 963 1650 imperii
987 1573 1095 1627 autem
1118 1546 1189 1647 11⁴iI3
1213 1573 1321 1627 actum
1346 1561 1528 1646 thereua3
1556 1562 1695 1629 feliciter
1718 1585 1823 1637 amen.

176 1919 202 1960 ιο
990 1862 1079 1949 377.

221 2027 399 2103 Heinrich
424 2028 590 2128 bertdtiqt
613 2025 693 2101 datu
714 2024 1007 2100 Nouueukloster
1031 2050 1076 2098 zu
1095 2022 1343 2098 Nordbauseu
1368 2022 1439 2098 da
1464 2049 1537 2098 vou
1557 2025 1675 2099 seium
1700 2024 1867 2126 Urpross·

218 2161 357 2240 aunum,
385 2147 451 2221 der
477 2146 641 2247 Kbuipiu
669 2144 857 2237 Maeotide,
882 2141 1117 2245 pescleulcten
1141 2142 1234 2242 Hof
1253 2140 1399 2220 Gemeu.

1389 2289 1580 2350 Mitltlltauseu
1603 2291 1682 2350 1017
1703 2319 1745 2330 -
1768 2320 1821 2352 -.

328 2470 500 2547 Oopiolbucb
514 2471 564 2529 des
578 2470 729 2530 Bietbums
743 2469 877 2529 Mttueter
891 2486 944 2529 ores
958 2469 1021 2529 dem
1037 2469 1083 2528 14.
1096 2468 1124 2529 J
1125 2468 1153 2528 lt.
1165 2487 1197 2543 p.
1211 2467 1269 2526 171
1284 2468 1328 2526 im
1344 2468 1373 2527 k.
1387 2466 1587 2528 Stoooeorcltiu
1601 2487 1636 2528 zu
1650 2468 1785 2529 Mtuster
1801 2468 1865 2539 (0).

176 2627 203 2668 rs
326 2615 502 2689 Kiudliuper
523 2613 732 2673 Mamaeae
760 2613 854 2672 Reor.
880 2604 927 2683 3⁶,
950 2613 970 2670 5
997 2613 1068 2671 6⁰3
1096 2630 1150 2672 oue
1171 2611 1324 2683 Absclsrt'ft
1352 2630 1407 2671 von
1439 2610 1464 2671 0
1490 2630 1525 2671 zu
1548 2613 1636 2673 1016.
1660 2641 1704 2652 —
1726 2612 1868 2673 Wilmous

332 2722 434 2793 vars.
455 2720 524 2781 su.
545 2721 574 2790 1,
589 2720 650 2779 447
671 2719 835 2779 esaum.
854 2747 899 2757 -
916 2719 1216 2793 vonam-mum
1237 2718 1339 2790 vars.
1359 2718 1429 2779 su.
1449 2720 1480 2788 2,
1497 2720 1557 2777 176
1578 2721 1611 2778 η’
1626 2719 1684 2777 149
1702 2736 1755 2779 uo
1774 2718 1807 2780 6.
1822 2749 1868 2759 —

332 2828 433 2899 uass.
463 2827 526 2887 ua.
559 2825 660 2901 Sappl.
685 2827 744 2885 116
773 2827 806 2885 η’
828 2826 888 2884 746
917 2825 988 2901 aa.
1018 2844 1054 2885 a
1084 2826 1171 2886 1616.
1195 2854 1240 2864 -
1268 2824 1450 2885 mameae
1479 2825 1551 2901 aa.
1574 2827 1643 2885 655.
1675 2855 1719 2866 -
1748 2825 1872 2902 sumps

325 2934 397 3010 aq.
414 2934 501 2994 1694.

330 3076 462 3149 Versasst
483 3095 538 3136 vou
559 3074 617 3136 GR
638 3076 708 3135 oder
722 3080 808 3134 auter
828 3075 926 3134 &meu
941 3074 1073 3145 Eialluss
1094 3093 1150 3134 vou
1170 3075 1235 3135 GF.
1261 3104 1304 3113 -
1323 3075 1384 3150 Vpl.
1407 3074 1549 3135 Wilruous
1570 3095 1598 3135 o.
1616 3096 1644 3138 a.
1664 3076 1865 3152 0.1,446ff.

324 3183 384 3243 aud
400 3184 432 3242 iu
448 3183 586 3242 musar.
605 3184 659 3254 fitr
675 3181 774 3242 Gescls.
791 3201 820 3241 a.
832 3181 1102 3242 Altertbonulusnde
1118 3182 1291 3253 Westsolats
1306 3183 1375 3252 32⁰,
1388 3183 1447 3243 140
1459 3185 1483 3254 f.
1491 3205 1501 3256 ;
1523 3183 1635 3243 donam
1652 3184 1700 3259 loq
1717 3184 1770 3244 der
1787 3182 1868 3244 1263

326 3310 364 3351 aa
378 3290 432 3350 das
446 3289 582 3349 Mbam
596 3289 730 3348 distanter
743 3288 896 3360 vukoafie
917 3287 1110 3364 Kbuiqiutos,
1131 3288 1184 3348 der
1202 3289 1256 3347 mit
1274 3288 1337 3347 doru
1356 3289 1388 3348 iu
1403 3287 1443 3348 D.
1461 3289 1521 3348 377
1542 3291 1705 3351 acumen
1726 3291 1866 3352 mma

325 3398 386 3457 aaa
414 3414 502 3467 meus,
531 3396 610 3455 uiclu
638 3395 670 3455 iu
694 3394 798 3455 Gerucu
827 3395 921 3466 albu,
950 3395 1074 3455 maara
1101 3395 1238 3455 raama
1262 3394 1367 3455 Quen
1395 3396 1456 3455 und
1477 3395 1657 3472 Rauudors;
1689 3416 1719 3458 es
1747 3399 1787 3458 iat
1815 3398 1867 3458 der

325 3504 434 3580 limace
456 3502 649 3574 Sebalzeubos
666 3501 871 3578 Mttpqercborp,
893 3500 945 3560 der
966 3506 1050 3561 auter
1071 3501 1175 3561 diesm
1196 3501 1310 3561 Nomen
1332 3503 1416 3562 colcu
1438 3503 1480 3562 im
1503 3504 1550 3563 14.
1567 3503 1595 3564 J
1595 3503 1622 3563 b.
1648 3505 1784 3581 bcchuet.

325 3689 365 3754 In
399 3690 529 3754 nomine
564 3697 675 3753 sancte
710 3699 743 3753 et
776 3686 945 3752 individue
980 3687 1142 3752 trinitatis.
1191 3687 1347 3753 Hinricus
1382 3688 1494 3753 divina
1527 3688 1658 3755 favente
1693 3690 1866 3758 clementia

175 3816 203 3858 se
218 3797 438 3863 Romanorum
464 3797 641 3882 imperator
669 3807 836 3881 augustus.
943 3792 998 3859 Ad
1032 3794 1094 3860 hoc
1128 3794 1298 3859 divinitate
1332 3796 1473 3882 propitia
1505 3795 1540 3860 in
1572 3797 1701 3884 imperii
1734 3797 1866 3886 fastigia

219 3902 428 3970 sublimatos·
456 3925 516 3968 nos
546 3924 617 3966 esse
648 3902 885 3988 cognoscimus,
915 3912 951 3965 ut
980 3900 1171 3965 donationes
1200 3899 1442 3966 venerabilibus
1472 3901 1685 3968 ecclesiarum
1708 3904 1762 3970 dei
1784 3904 1864 3971 locis

219 4010 260 4076 ab
284 4007 544 4076 antecessoribus
571 4009 690 4073 nostris
721 4007 875 4073 collatasb
898 4006 1059 4094 imperiali
1082 4008 1273 4073 auctoritate
1296 4006 1485 4074 roboremus
1509 4020 1682 4097 nostreque
1706 4010 1864 4098 largitatis

218 4117 439 4183 munificentia
461 4117 604 4203 gratuita
630 4115 870 4201 ampliaremus.
917 4113 1125 4201 Quapropter
1153 4115 1281 4179 noverit
1311 4116 1454 4180 omnium
1483 4115 1537 4181 dei
1566 4116 1712 4183 fidelium
1741 4130 1864 4185 nostro·

217 4246 354 4310 rumque
384 4223 589 4305 universitas,
619 4221 759 4310 qualiter
787 4244 846 4286 nos
876 4243 935 4308 pro
965 4220 1109 4285 remedio
1139 4221 1247 4286 anime
1276 4232 1385 4287 nostre
1415 4234 1651 4311 parentumque
1682 4235 1865 4291 nostrorum

174 4351 202 4394 so
218 4353 280 4396 nec
302 4354 369 4396 non
390 4331 576 4395 interventu
597 4327 777 4394 venerandi
798 4327 994 4393 Aldahensis
1024 4326 1162 4392 ecclesie
1193 4324 1321 4392 abbatis
1346 4326 1536 4393 Godehardi
1558 4332 1754 4397 monasterio
1776 4332 1866 4420 apud

218 4437 404 4503 Northusen
432 4438 467 4501 in
497 4436 618 4501 honore
647 4445 758 4500 sancte
788 4433 843 4499 dei
872 4433 1039 4520 genitricis
1062 4433 1166 4499 Maria
1190 4443 1223 4499 et
1245 4436 1351 4501 sancti
1373 4435 1527 4501 Iohannis
1550 4435 1691 4523 baptiste
1714 4461 1753 4503 ac
1776 4436 1865 4505 beati

218 4545 359 4610 martiris
388 4543 557 4609 Eustachii
587 4541 629 4607 ab
660 4553 771 4607 attava
799 4551 910 4606 nostra
939 4538 1034 4605 beate
1064 4542 1219 4606 memorie
1249 4543 1363 4627 regina
1392 4542 1552 4608 Mathilda
1583 4556 1778 4629 constructo,
1811 4546 1865 4611 cui

218 4649 415 4717 venerabilis
431 4648 597 4715 abbatissa
612 4649 674 4713 Bia
691 4670 822 4735 preesse
838 4647 977 4730 videtur,
1002 4646 1166 4734 quandam
1185 4657 1309 4713 curtem
1326 4645 1458 4713 Gemini
1477 4648 1608 4733 dictam,
1632 4674 1730 4737 quam
1749 4652 1864 4718 eadem

218 4760 333 4845 regina
354 4756 499 4845 predicte
524 4756 661 4822 ecclesie
692 4753 836 4837 contulit,
869 4755 965 4819 sitam
996 4755 1031 4817 in
1062 4776 1148 4841 pago
1174 4753 1403 4820 Wesualorum
1434 4756 1468 4820 in
1500 4758 1655 4822 comitatu
1683 4758 1864 4824 Hermanni

175 4884 201 4926 rs
219 4866 346 4932 comitis
379 4886 419 4929 ea
449 4862 622 4950 legalitatis
654 4862 849 4948 integritate,
882 4883 947 4949 qua
979 4859 1021 4925 ab
1050 4861 1123 4947 ipsa
1151 4883 1303 4948 possessa
1332 4873 1382 4927 est
1410 4874 1508 4950 atque
1538 4863 1646 4930 eidem
1668 4867 1863 4932 monasterio

218 4971 347 5053 tradita,
378 4993 452 5036 cnm
482 4967 631 5035 omnibus
661 4969 815 5034 videlicet
844 4966 1036 5033 utilitatibus
1066 4968 1151 5032 areis
1174 4968 1305 5033 edifitiis
1328 4971 1422 5033 terris
1446 4969 1540 5036 cultis
1564 4981 1597 5036 et
1619 4972 1749 5037 incultis
1773 4973 1864 5038 silvis

217 5076 445 5144 venationibus
468 5076 603 5142 decimis
625 5077 720 5163 aquis
743 5098 942 5163 aquarumve
972 5072 1163 5140 decursibus
1193 5074 1386 5140 molendinis
1408 5076 1643 5163 piscationibus
1666 5079 1808 5145 exitibus
1831 5092 1865 5146 et

218 5183 376 5250 reditibus
399 5184 534 5271 quesitis
557 5182 610 5248 vel
632 5181 834 5270 inquirendis
852 5183 1020 5269 utriusque
1040 5182 1139 5246 etiam
1157 5204 1255 5246 sexus
1273 5182 1405 5246 familiis
1424 5194 1456 5247 et
1477 5183 1550 5268 hiis,
1574 5207 1655 5272 quos
1674 5185 1863 5253 rnalherbon

218 5290 341 5372 dicunt,
365 5291 547 5378 ceterisque
571 5312 634 5376 que
657 5288 958 5377 quomodocumque
978 5289 1137 5353 nominari
1155 5299 1291 5376 possunt
1308 5288 1499 5355 utensilibus
1518 5290 1561 5355 sd
1579 5291 1717 5357 eandem
1739 5305 1863 5361 curtem

174 5414 203 5454 ω
218 5396 455 5485 pertinentibus
470 5396 628 5485 perhanc
643 5407 787 5461 nostram
802 5394 1004 5482 imperialem
1023 5396 1177 5483 paginam
1193 5395 1402 5461 concedimus
1417 5408 1515 5483 atque
1534 5397 1700 5485 largimur,
1720 5403 1864 5468 omnium

288 5610 353 5668 876.
377 5612 404 5678 c)
421 5616 486 5663 aaa
504 5626 550 5664 arc
567 5627 627 5663 soor
644 5625 690 5663 are
707 5610 886 5676 pertinetem
903 5608 1246 5663 &sarabattarum
1264 5610 1316 5663 dor
1333 5626 1348 5662 e
1367 5610 1491 5679 lediplicb
1508 5614 1557 5664 mit
1574 5613 1633 5667 dem
1650 5613 1693 5667 ber·
1708 5632 1724 5668 c
1742 5616 1864 5671 wishes

378 5683 496 5745 Aufsots
512 5681 648 5747 excedem-
668 5681 719 5734 das
736 5680 843 5733 Metus
861 5696 877 5732 a
895 5683 930 5732 ist
947 5696 1017 5735 corr.
1037 5697 1120 5734 auae
1191 5678 1221 5749 d)
1242 5681 1292 5733 dos
1311 5681 1385 5735 lum
1401 5681 1412 5735 i
1429 5698 1498 5739 corr.
1516 5698 1569 5737 oue
1585 5701 1607 5740 s.

288 5781 353 5837 877.
376 5778 521 5850 [Bm-uu]
557 5781 584 5847 a)
604 5778 756 5832 sublimitas
769 5779 792 5831 C
860 5778 890 5847 b)
909 5778 1014 5832 collatis
1027 5778 1050 5832 0

273 5903 468 5946 mnmrknnden
481 5903 527 5945 111.
1597 5896 1630 5947 tl
