4836 6504
520 441 585 503 226
1120 448 1581 506 KAISERURKUNDEN.

519 647 604 705 atque
623 641 790 692 firmaremus
818 650 898 693 etex
922 650 1017 692 nostra
1040 643 1237 707 benignissima
1264 640 1412 709 largitione
1438 637 1639 693 conderemusb
1665 648 1694 692 et
1720 640 1935 693 deliberaremus
1959 645 1988 693 iu
2014 650 2175 709 perpetuum

520 748 735 799 confirmandum
755 766 804 815 per
822 750 873 800 boc
893 752 980 800 nostri
1005 751 1129 817 precepti
1154 758 1238 814 atque
1263 749 1425 816 pragmatici
1445 754 1570 814 semper⁰
1591 748 1779 800 inviolabilem
1806 751 1933 816 paginam
1959 766 2053 800 omnes
2080 766 2122 800 ree
2149 760 2175 800 et

521 857 720 920 possessiones,
744 873 932 922 quascumque
958 858 1064 922 prelata
1090 856 1227 907 aecclesia
1245 855 1375 921 prelibati
1394 851 1568 918 mo[uasterii
1593 856 1813 921 quibuscumque
1838 857 2014 908 cantionibus
2032 851 2087 920 vel]
2108 855 2175 907 deli-

522 964 710 1013 berationibus
728 966 817 1014 visum
836 972 878 1014 est
896 965 1038 1030 possidere
1056 965 1085 1014 in
1104 966 1250 1029 integrum.
1294 962 1380 1013 Cuius
1405 964 1490 1013 saeris
1510 964 1691 1028 petitionibus
1710 965 1846 1028 iustisque
1866 964 2010 1014 desideriis
2030 964 2129 1013 devoto
2149 970 2177 1013 et

522 1069 640 1121 libenter
658 1078 809 1121 annuentes
828 1078 855 1121 et
874 1087 1016 1121 assensum
1040 1072 1186 1137 prebentes
1213 1071 1448 1121 corroboramus
1475 1076 1557 1134 atque
1583 1069 1800 1120 confirmamus
1828 1067 1861 1120 el
1886 1087 1919 1121 ex
1943 1078 2037 1121 nostro
2063 1072 2123 1121 iure
2148 1078 2177 1121 et
2200 1086 2215 1124 a

522 1178 643 1228 dominio
662 1179 691 1228 in
710 1179 769 1228 eins
788 1179 832 1228 ius
852 1186 891 1228 ae
911 1179 1062 1228 dominium
1081 1178 1296 1228 transfundimus
1317 1173 1459 1241 [videlicet
1478 1193 1667 1242 quaecumque
1694 1178 1840 1227 coniaceut
1859 1171 1914 1239 res]
1942 1179 2101 1228 monasterii
2119 1184 2176 1228 tam

522 1286 550 1333 in
569 1279 749 1336 monarchia‘¹
769 1301 924 1349 quamque
944 1301 993 1351 per
1010 1284 1120 1350 singule
1139 1284 1201 1334 loca
1220 1286 1307 1334 nostri
1327 1285 1404 1349 regni
1423 1286 1451 1333 in
1470 1286 1603 1334 comitatu
1621 1285 1741 1333 Faneusi
1760 1290 1788 1334 ct
1806 1284 1990 1334 Pensaurenei
2008 1301 2059 1335 seu
2077 1286 2175 1334 Arimi-

522 1393 609 1451 nensi,
628 1389 722 1442 villam
742 1407 812 1456 quae
832 1391 933 1441 dicitnr
952 1390 1018 1441 Sala
1037 1407 1099 1441 cnm
1118 1392 1176 1441 suis
1196 1391 1367 1458 appendiciis
1393 1392 1422 1440 in
1447 1392 1584 1456 integrum
1609 1398 1636 1441 et
1660 1389 1770 1440 titulum
1790 1388 1943 1441 aecclesiae
1970 1393 2057 1457 ipsius
2083 1408 2175 1441 mona·

522 1500 599 1548 sterii
618 1499 647 1547 in
666 1497 751 1549 latere
770 1499 883 1564 parietis
902 1499 985 1549 eitum
1004 1499 1032 1548 in
1051 1499 1155 1548 honore
1175 1506 1288 1549 sanctae
1306 1496 1449 1549 Feliculue
1471 1504 1498 1548 et
1519 1494 1687 1561 [sanctornm
1706 1505 1855 1564 martyrum
1873 1492 1971 1561 Marci]
1993 1504 2021 1549 et
2038 1497 2175 1548 Marcelli·

523 1607 568 1655 ani
588 1611 616 1655 et
638 1605 802 1655 aecclesiam
828 1613 940 1655 sanctae
966 1606 1070 1656 hieriae
1097 1605 1141 1655 dei
1166 1606 1308 1670 genitricis
1334 1606 1363 1655 in
1389 1606 1513 1670 predicta
1537 1604 1605 1655 villa
1631 1612 1659 1655 et
1684 1604 1826 1656 corticella
1853 1604 1934 1656 Salae
1961 1612 1988 1655 et
2014 1604 2178 1656 aecclesiam
2198 1622 2227 1660 ιο

522 1715 610 1763 sancti
630 1712 741 1762 Martini
761 1728 832 1777 quae
851 1713 1054 1762 nominatoria
1073 1711 1246 1777 aqualonga,
1272 1712 1340 1761 baec
1368 1713 1459 1761 omnia
1485 1714 1513 1761 in
1538 1713 1675 1777 integrum
1700 1729 1763 1762 cum
1782 1714 1909 1763 omnibus
1927 1714 1985 1762 suis
2005 1714 2177 1779 pertiuentiis

524 1828 552 1870 et
577 1821 743 1871 coherentiis
769 1827 853 1884 atque
879 1820 1058 1870 subiacentiis
1082 1845 1116 1852 -
1143 1820 1187 1869 cni
1213 1825 1374 1885 pretaxatas
1398 1818 1478 1869 Salae
1505 1819 1667 1869 coherentes
1697 1815 1775 1882 su[nt
1806 1814 2060 1884 nnd]iqnesec[us]:
2090 1822 2177 1886 primo

526 1927 611 1978 latere
637 1929 737 1977 fluvius
765 1929 812 1992 qni
839 1928 940 1977 dicitur
959 1924 1143 1987 Pisciatellus,
1169 1928 1291 1977 secundo
1318 1925 1397 1976 lateri
1415 1926 1536 1976 Vedrcta
1555 1932 1582 1976 et
1601 1926 1780 1985 Fauentinus,
1807 1928 1893 1977 tercio
1920 1926 1999 1976 lateri
2026 1926 2103 1977 limes
2130 1929 2177 1992 qui

524 2035 625 2085 dieitur
637 2035 722 2084 Aruer
734 2050 895 2100 percurrens
913 2034 1097 2084 aPaueriano
1117 2049 1204 2097 usqne
1223 2034 1252 2083 in
1270 2031 1441 2083 stratellum0
1462 2040 1489 2083 et
1508 2034 1583 2082 rivus
1602 2034 1650 2097 qui
1668 2039 1785 2083 vocatur
1803 2034 1837 2084 de
1856 2034 1975 2084 Fabrica
1993 2034 2124 2084 deliniens
2144 2050 2176 2083 ac

524 2137 670 2193 deriveusf
689 2158 776 2206 usqne
793 2142 821 2191 iu
838 2157 911 2191 mare
930 2148 957 2191 et
973 2142 1062 2206 ipsum
1081 2139 1145 2190 litus
1163 2141 1245 2190 marie
1261 2166 1302 2199 -,
1322 2139 1602 2205 quantulumcumque
1619 2141 1688 2190 inibi
1705 2141 1841 2206 pertinere
1857 2141 1967 2191 videtur
1984 2142 2014 2190 iu
2031 2142 2177 2206 integrum.
2197 2155 2226 2195 ra

525 2250 708 2300 Concedimus
727 2250 815 2299 eciam
834 2246 926 2298 Salam
946 2264 1045 2299 novam
1070 2250 1099 2298 in
1124 2250 1261 2313 integrum
1281 2265 1343 2298 curu
1362 2248 1489 2298 omnibus
1508 2247 1680 2314 appendiciis
1699 2248 1756 2297 suis
1777 2255 1804 2298 et
1824 2248 1957 2313 quicquid
1976 2247 2069 2313 regale
2089 2249 2178 2298 estin

524 2358 674 2408 Castaneto
693 2362 721 2407 et
740 2358 767 2406 in
781 2355 914 2421 Bulgaria
932 2362 959 2405 et
973 2355 1124 2405 Branchisi.
1156 2356 1259 2405 Iterum
1278 2355 1462 2415 concedimus,
1483 2362 1513 2404 nt
1532 2354 1615 2405 liceat
1632 2356 1684 2406 sibi
1704 2356 1733 2404 in
1749 2356 1862 2405 civitate
1878 2356 1969 2405 facere
1986 2371 2057 2420 quae
2076 2355 2179 2405 dicitur

525 2465 619 2515 Phano
640 2462 808 2531 posterulam
834 2464 861 2513 iu
889 2461 1000 2529 publico
1027 2478 1104 2513 muro
1124 2464 1152 2512 in
1173 2461 1235 2513 loco
1255 2460 1312 2522 illo,
1332 2463 1380 2511 ubi
1398 2463 1537 2528 propriam
1556 2469 1657 2513 terram
1675 2463 1747 2513 inira
1766 2469 1793 2512 et
1812 2468 1890 2512 extra
1908 2463 2035 2522 habeant,
2055 2468 2083 2513 ct
2101 2464 2178 2513 iuxta

525 2588 631 2621 murum
651 2573 699 2636 qui
717 2576 833 2621 vocatur
850 2570 985 2636 Dapenna
1004 2568 1167 2620 aecclesiam
1187 2569 1323 2619 edificare.
1361 2568 1544 2619 concedimus
1571 2570 1658 2619 eciam
1683 2571 1941 2635 precipientesque
1967 2571 2121 2629 statuimus,
2147 2576 2178 2619 ut

525 2677 617 2751 nullus
637 2679 692 2727 dux
712 2684 759 2727 ant
778 2676 1001 2743 archiepiscopus
1021 2677 1143 2726 marchio
1163 2691 1255 2725 comes
1275 2677 1430 2726 vicecomes
1456 2675 1594 2726 sculdatio
1620 2675 1758 2741 gastaldio
1785 2683 1833 2726 ant
1858 2675 1961 2741 aliquis
1986 2675 2113 2742 publicus
2132 2694 2178 2727 ex·
2198 2690 2226 2730 so

525 2794 603 2838 actor
622 2787 649 2836 in
669 2785 808 2849 aliquibus
828 2784 930 2850 prediis
949 2790 977 2833 et
996 2785 1218 2849 possessionibus
1246 2800 1294 2849 per
1320 2800 1511 2848 quaecumque
1529 2786 1617 2833 nostri
1643 2785 1721 2849 regni
1748 2784 1810 2834 loca
1836 2785 2044 2835 coniacentibns
2064 2790 2092 2834 ct
2110 2785 2176 2833 resi·

525 2894 652 2944 dentibus
672 2900 720 2941 aut
739 2892 894 2942 bominibus
913 2892 1158 2956 suprasedeutibus
1179 2891 1222 2942 vel
1241 2892 1458 2942 inhabitantibus
1474 2891 1632 2941 theloneum
1650 2897 1699 2940 ant
1716 2890 1836 2956 aliquam
1852 2890 1991 2958 publicam
2008 2891 2178 2941 functionem

525 3017 573 3066 per
592 2999 710 3050 alicuius
729 2997 804 3048 tituli
823 2999 1023 3048 districtionem
1042 3000 1144 3049 audeat
1161 3001 1270 3064 exigere
1284 2997 1327 3048 vel
1342 3000 1485 3063 exquirere
1499 3015 1549 3048 nce
1563 2997 1683 3062 aliquam
1697 3000 1867 3048 invasionem
1881 2996 1925 3048 vel
1939 2999 2177 3049 diminurationem

525 3112 574 3157 ant
592 3107 765 3156 temerariam
784 3107 1016 3171 presumptionem
1036 3105 1080 3155 vel
1100 3101 1337 3170 depred[atiouem
1357 3101 1481 3170 quo]quo
1502 3106 1585 3155 modo
1609 3122 1691 3171 agere
1711 3105 1754 3156 vel
1781 3107 1881 3156 inferre
1907 3105 2090 3173 presumeudo
2116 3122 2176 3171 per-

525 3220 649 3279 temptet.
682 3209 722 3276 [si
742 3207 814 3277 quis]
835 3213 920 3278 igitur
938 3213 1008 3262 hanc
1027 3219 1137 3263 nostrae
1157 3228 1264 3278 semper
1277 3220 1305 3263 et
1318 3214 1420 3278 ubique
1434 3212 1611 3263 inviolandae
1625 3215 1762 3263 cautionis
1775 3207 1959 3276 lir[ma]tionie
1972 3212 2178 3264 deliberationis
2197 3224 2225 3263 ab

526 3325 554 3370 et
573 3321 760 3370 concessionis
780 3326 807 3369 et
819 3318 994 3369 voluntariae
1007 3319 1208 3369 distributionis
1222 3321 1359 3385 paginam,
1379 3319 1452 3384 quod
1466 3320 1547 3379 absit,
1567 3321 1772 3385 quoquomodo
1788 3322 1932 3372 temerario
1947 3336 2015 3369 ausu
2029 3320 2177 3385 infringere

526 3434 641 3477 conatus
661 3428 752 3487 luerit,
778 3429 848 3477 sciat
867 3444 896 3477 se
917 3429 1132 3493 compositurum
1152 3434 1262 3477 centum
1283 3425 1366 3477 libras
1391 3428 1451 3477 auri
1477 3434 1526 3477 aut
1552 3426 1636 3488 mine,
1662 3427 1837 3478 medietatem
1864 3444 1989 3478 camerae
2015 3434 2124 3478 nostrae
2151 3434 2178 3477 ct

526 3534 700 3584 medietatem
721 3534 856 3600 prelibato
876 3536 1042 3585 monasterio
1062 3536 1150 3585 sancti
1162 3533 1339 3601 Apollinaris.
1371 3535 1452 3595 Quod
1472 3541 1502 3584 ut
1515 3533 1612 3584 melius
1626 3535 1755 3585 credatur
1768 3532 1982 3599 diligentiusque
2000 3535 2034 3584 ab
2053 3535 2178 3585 omnibus

442 3638 445 3643 ’
526 3643 697 3701 observetur,
724 3658 819 3691 manu
845 3643 976 3708 propria
1001 3648 1155 3707 presentem
1180 3643 1309 3707 paginam
1335 3642 1497 3691 roborantes
1516 3643 1603 3692 nostri
1622 3640 1707 3707 sigilli
1726 3642 1897 3707 inpressione
1916 3642 2031 3692 iuferius
2050 3642 2179 3691 iussimus

526 3749 659 3813 insigniri.
2198 3759 2226 3798 so

632 3848 649 3938 ξ
674 3850 811 3935 Signum
835 3850 945 3915 domni
969 3850 1119 3914 Heinrici
1142 3858 1206 3931 (M.)
1230 3851 1317 3936 regis
1340 3851 1558 3914 invictissimi.
1582 3848 1599 3938 ξ

632 3973 883 4063 ξΕῢοῑΙιατᾶιιε
908 3974 1124 4039 cancellarius
1148 3976 1221 4039 vice
1245 3974 1409 4061 Uuilligisi
1434 3974 1712 4062 archicappellani
1735 3977 1935 4060 recognovit.
1960 3973 1977 4064 ᾖ
2011 3978 2067 4058 (SI.
2084 3977 2133 4059 1).)

632 4100 722 4164 Data
738 4114 800 4163 Vll.
824 4099 889 4168 kal.
914 4100 990 4166 mai.
1015 4100 1276 4183 indictionem,
1307 4122 1392 4163 anno
1424 4098 1607 4163 dominicae
1637 4100 1871 4163 incarnationis
1894 4099 2177 4181 millesim0V1111‚

525 4230 611 4272 anno
634 4230 713 4271 vero
738 4207 848 4270 domni
872 4206 1021 4270 Heinrici
1044 4206 1181 4271 secundi
1204 4206 1371 4293 regnantis
1388 4221 1454 4289 VII3
1485 4218 1594 4269 actum
1618 4204 1871 4294 Niuonblurc]³;
1903 4206 2042 4271 feliciter
2071 4229 2177 4271 anien.

1304 4436 1392 4523 192.

526 4580 704 4655 Heinrich
729 4579 875 4654 scbenlct
899 4580 980 4653 don
1004 4579 1152 4655 Kloster
1176 4580 1295 4656 Reli
1319 4584 1397 4654 eine
1423 4580 1527 4679 Hafa
1551 4608 1596 4655 za
1623 4579 1784 4655 Genetal
1811 4582 1860 4654 im
1887 4581 2111 4681 Donoupaa.

1633 4718 1817 4795 Reponbarq
1839 4748 1884 4758 -
1899 4720 1978 4781 1009
1996 4719 2063 4779 Mai
2081 4722 2131 4779 20.

634 4863 825 4937 Transeampt
855 4862 905 4922 dee
926 4863 1065 4934 Bischoss
1094 4862 1195 4922 Alteri
1225 4882 1281 4922 voa
1302 4862 1488 4938 Reqansbarp
1518 4882 1583 4922 com
1611 4862 1643 4923 J.
1669 4863 1746 4920 1414
1778 4862 1819 4921 im
1850 4863 1879 4922 1.
1903 4862 2111 4922 Mmsarcbiv
2143 4881 2178 4921 aa

630 4970 772 5029 Miinchen
797 4970 869 5037 (A).

596 5103 660 5159 lar.
687 5104 716 5172 b)
736 5106 771 5166 A,
789 5104 966 5156 macretas
987 5105 1038 5168 far
1056 5104 1276 5171 concederemus,
1300 5106 1349 5156 wia
1365 5105 1408 5156 die
1424 5104 1483 5159 VU.
1503 5104 1551 5155 bat
1640 5105 1666 5169 cl
1692 5111 1740 5169 sep
1759 5104 1793 5167 A,
1820 5119 1876 5155 roos
1895 5102 2043 5169 jedmfalls
2061 5103 2112 5166 far
2130 5109 2177 5168 sep
2196 5121 2224 5160 ro

685 5175 863 5228 masmana
887 5179 930 5229 ist.
968 5176 1002 5227 In
1019 5176 1068 5227 der
1087 5176 1144 5230 VU.
1164 5179 1200 5228 iet
1224 5193 1261 5228 aa
1286 5178 1372 5228 dieser
1390 5176 1466 5228 Stella
1491 5179 1546 5228 eine
1564 5175 1661 5237 [ababa
1687 5175 1751 5226 aber
1768 5175 1837 5226 acels
1857 5175 1916 5225 bier
1935 5177 1970 5226 iet
1987 5190 2096 5241 semper
2113 5181 2178 5226 atatt

684 5246 779 5315 scripti
795 5264 830 5298 zu
846 5253 986 5313 erpdnzen,
1006 5247 1099 5298 mmai
1112 5249 1155 5300 die
1171 5248 1346 5315 Verbindanp
1361 5246 1562 5316 pragmaticum
1578 5246 1711 5313 scriptum
1728 5249 1758 5298 ia
1775 5246 1835 5300 DD.
1850 5246 1933 5298 Otto'e
1944 5245 2000 5300 ΙΙΙ.
2016 5251 2089 5298 roam
2104 5247 2178 5297 nicht

683 5336 718 5369 aa
744 5319 846 5385 delapsa
871 5320 914 5385 ist,
940 5318 1141 5387 pragmaticum
1167 5321 1249 5372 allata
1273 5320 1337 5371 aber
1361 5321 1400 5383 ost
1426 5319 1581 5372 oorlcommt.
1618 5318 1652 5369 In
1677 5319 1725 5370 der
1744 5318 1807 5371 Nc,
1827 5318 1942 5384 Stampf
1956 5316 2019 5383 Rea.
2033 5320 2114 5383 2037,
2138 5334 2178 5370 wo

685 5391 829 5442 Mitterelli
846 5389 940 5457 scripti
958 5391 1064 5455 drrwlrt,
1083 5392 1119 5442 iet
1136 5391 1206 5442 noch
1225 5391 1355 5443 Collatino
1374 5390 1540 5442 Bathinum
1557 5390 1710 5456 pleicbsalla
1728 5406 1836 5456 semper
1853 5406 1888 5439 aa
1908 5390 1991 5450 lesam
2014 5404 2051 5439 zu
2069 5404 2178 5456 semper

685 5461 873 5514 inviolabilem
892 5463 942 5528 apl.
962 5462 1031 5513 caele
1049 5468 1130 5515 unua
1148 5463 1181 5517 Z.
1194 5465 1229 5513 25
1248 5478 1357 5530 semper
1374 5466 1403 5514 et
1421 5460 1523 5528 ubique
1542 5460 1715 5513 inviolandae
1796 5459 1825 5524 dl
1844 5461 1916 5512 naht
1935 5460 2109 5526 Eipersncms,
2130 5462 2178 5510 wie
2194 5476 2224 5516 ae

684 5536 721 5585 im
740 5533 836 5585 Druck
853 5534 901 5584 der
920 5532 977 5587 VU.
995 5550 1183 5599 unpeaommen
1202 5536 1245 5599 set,
1271 5535 1387 5586 eoadem
1404 5559 1441 5577 .-
1459 5531 1590 5597 marchia,
1615 5534 1664 5583 wia
1687 5532 1846 5584 nummtlicb
1865 5533 1961 5584 Pano
1979 5532 2113 5583 Damam
2128 5531 2179 5583 dae

692 5605 768 5657 Wort
790 5605 930 5669 mahrfocb
952 5605 1106 5670 pebrarwbt,
1129 5604 1709 5670 091.MmareusAnn.Cama1d.1,msf.
1766 5604 1790 5671 e)
1809 5604 1882 5655 nicht
1896 5604 2044 5667 Οήωιαυιι,
2062 5602 2178 5655 condere

686 5676 870 5741 Bezablmunp
888 5676 936 5727 der
954 5676 1062 5727 Str-assa
1079 5692 1128 5728 von
1146 5678 1275 5729 namna
1297 5677 1366 5728 noch
1386 5676 1499 5739 armans,
1521 5675 1570 5741 apl.
1590 5676 1752 5738 (Funtuzzi)
1769 5675 1842 5730 Mon.
1860 5675 1926 5728 Rae.
1944 5677 1970 5739 2,
1990 5680 2125 5742 praepetis
2144 5678 2179 5726 63

685 5747 710 5814 f)
729 5750 754 5799 A
770 5773 800 5790 =
815 5748 892 5808 NU.‚·
915 5746 972 5801 VU.
986 5745 1122 5799 deriviens
1193 5750 1221 5817 g)
1242 5746 1353 5800 Niuonb
1373 5789 1379 5801 .
1400 5790 1406 5801 .
1427 5790 1433 5801 .
1459 5748 1523 5799 oder
1540 5747 1666 5799 veneat
1684 5745 1794 5799 Niueub
1815 5789 1821 5800 .
1841 5788 1847 5800 .
1869 5788 1875 5800 .
1893 5747 1936 5806 A;
1953 5747 1996 5797 die
2008 5746 2178 5813 ararem

684 5836 732 5871 urc
750 5819 813 5870 sehr
829 5818 1059 5883 wabrscbaiab'clr,
1078 5819 1142 5872 aber
1159 5820 1231 5871 nieht
1248 5835 1320 5887 ponz
1336 5819 1438 5880 arbim
1462 5820 1511 5870 der
1530 5818 1671 5871 erasm
1689 5817 1909 5871 matrissantes
1926 5817 2131 5883 aucbpatropea.
2196 5833 2224 5873 ω
