4760 6512
790 459 1028 516 HEINRICH
1051 462 1097 517 II..
1133 460 1229 518 1012.

964 646 1059 733 242.

191 806 368 880 Heituaclt
399 805 544 880 schatltt
577 806 643 880 der
678 807 988 906 erabiscbofliclteu
1023 808 1161 883 Kirclte
1194 835 1238 882 zu
1264 808 1493 908 *Mopdeburp
1528 807 1598 881 den
1626 805 1843 908 Kouiqsltof

190 926 270 999 ond
294 926 353 999 die
377 922 485 1000 Stude
509 925 633 1000 Frose.
1316 954 1493 1029 nquam
1512 956 1591 1014 1012
1609 954 1729 1014 Janaar
1745 955 1795 1013 21.

299 1131 541 1208 quinaldiplom
570 1133 611 1190 im
640 1133 667 1191 lc.
691 1131 891 1193 Slootsorcbio
919 1152 954 1192 zu
984 1133 1161 1208 affapdebarp
1186 1135 1256 1200 (A).
1282 1163 1325 1171 —
1349 1133 1439 1191 Liber
1457 1134 1537 1206 pria
1563 1131 1593 1191 S.
1617 1132 1760 1191 illouricii
1790 1151 1842 1191 aus

295 1240 358 1297 ἄρηι
380 1239 463 1297 Euda
486 1240 535 1297 des
558 1239 604 1297 11.
621 1239 649 1299 J
652 1240 678 1299 b.
697 1242 721 1311 f.
738 1232 791 1298 48'
814 1241 919 1300 charada
944 1240 1008 1308 (C).

295 1381 418 1440 Melbom
443 1380 497 1439 SS.
519 1383 551 1451 2,
568 1383 628 1440 376
655 1400 708 1440 aus
732 1383 763 1440 F
787 1405 828 1431 =
859 1384 957 1459 Lit‘rtt'y
980 1384 1047 1443 ΒΑ,
1070 1376 1133 1453 16⁶,
1156 1385 1197 1442 29
1221 1386 1252 1441 n⁰
1268 1384 1317 1452 79,
1341 1404 1382 1429 =
1411 1383 1570 1453 Leuckseld
1592 1384 1660 1441 Ant.
1685 1382 1840 1441 Praenwtt·

294 1493 378 1547 strat.
402 1489 421 1546 6
444 1509 486 1535 τε
512 1487 629 1563 (Hupo)
654 1489 729 1548 Anu.
750 1483 1192 1560 Praemoustrut.2⁶,107.-
1216 1489 1394 1565 Sapittart'as
1415 1490 1448 1548 io
1469 1489 1585 1562 Boyseo
1608 1489 1683 1563 Alq.
1701 1488 1841 1564 Maqazin

296 1596 324 1664 1,
339 1596 399 1653 261
422 1612 476 1653 aas
498 1593 539 1654 D.
562 1625 606 1633 -
629 1596 786 1655 Facsimile
808 1598 839 1655 ia
862 1598 1120 1657 Kaiserorlcaudeu
1143 1598 1175 1656 io
1198 1597 1269 1655 Aba.
1294 1596 1375 1667 Lief.
1395 1597 1425 1666 4,
1453 1595 1521 1667 Tus.
1540 1597 1568 1654 7.
1593 1625 1637 1633 -
1659 1594 1842 1655 Dobenecker

294 1702 365 1777 Req.
384 1703 454 1761 626.
479 1731 523 1740 -
545 1702 672 1762 Bo'ltmer
696 1703 767 1778 Ray.
786 1706 874 1763 1080.
899 1735 943 1743 -
967 1705 1091 1779 Stamps
1109 1705 1179 1779 Ray.
1198 1704 1284 1763 1554.
1330 1701 1332 1705 ’
1879 1696 1885 1709 ’

145 1861 171 1898 ιο
301 1845 431 1917 l⁷ersosst
454 1845 513 1903 arna
534 1845 711 1919 yescbriebeu
734 1865 787 1905 vora
810 1846 912 1916 Ericlt,
935 1848 987 1907 der
1008 1848 1069 1906 siclt
1091 1848 1155 1907 bier
1176 1849 1262 1907 selbst
1284 1848 1329 1906 als
1352 1845 1501 1906 Scltreiber
1524 1851 1618 1906 acuat.

296 2020 353 2091 (C.)
381 2010 398 2101 ξ
425 2013 464 2077 In
494 2014 625 2078 nomine
656 2025 788 2078 sanctae
822 2027 854 2079 et
886 2014 1120 2104 [individu]ae⁸
1150 2016 1313 2081 trinitatis.
1360 2016 1535 2080 Heinrieus
1566 2014 1678 2079 divina
1707 2015 1838 2079 favente

189 2120 361 2185 clementia
383 2143 452 2183 rex.
477 2117 494 2209 ᾖ
603 2120 764 2186 Omnibus
787 2120 938 2185 fidelibus
960 2124 1078 2186 nostris
1107 2121 1334 2209 praesentibus
1365 2122 1490 2186 scilicet
1519 2144 1559 2187 ac
1589 2122 1705 2187 futuris
1728 2131 1840 2187 notum

189 2250 260 2291 esse
279 2227 438 2307 volumus,
458 2227 597 2313 qualiter
615 2251 673 2291 nos
692 2251 752 2314 pro
771 2228 916 2293 remedio
934 2231 1021 2293 vitae
1041 2241 1219 2316 perpetuae
1238 2229 1378 2294 feliciter
1396 2253 1470 2293 cum
1490 2230 1610 2293 sanetis
1629 2252 1668 2293 ac
1687 2226 1840 2292 fidelibus

188 2334 400 2421 adipiscendo
423 2358 462 2399 ac
487 2358 545 2420 pro
569 2337 725 2399 memoria
748 2337 849 2422 patris
874 2338 974 2400 nostri
999 2348 1031 2400 et
1054 2338 1198 2400 omnium
1228 2348 1399 2423 parentum
1429 2347 1612 2400 nostrorum
1644 2348 1767 2399 curtem
1791 2359 1840 2400 re·

145 2441 295 2529 regalem
318 2466 375 2506 seu
406 2444 503 2506 etiam
535 2443 699 2507 civitatem
723 2443 827 2507 Frasa
857 2466 931 2507 eum
962 2441 1111 2508 omnibus
1141 2466 1225 2530 quae
1257 2443 1299 2507 ad
1330 2465 1402 2507 eam
1432 2444 1596 2529 pertinent
1627 2444 1762 2529 quesitis
1792 2443 1839 2505 in-

190 2549 420 2636 quirendisque
452 2549 537 2613 villis
568 2551 652 2613 areis
682 2549 841 2614 aedificiis
871 2551 1042 2637 mancipiis
1072 2551 1239 2637 utriusque
1270 2573 1368 2614 sexus
1399 2551 1493 2614 terris
1523 2549 1618 2615 cultis
1650 2561 1682 2613 et
1712 2549 1840 2615 incultis

189 2657 278 2721 silvis
302 2655 528 2721 venationibus
552 2658 653 2743 pratis
677 2659 808 2744 pascuis
839 2659 932 2744 aquis
962 2680 1162 2743 aquarumve
1191 2655 1437 2722 decursionibus
1461 2655 1696 2743 piseationibus
1719 2655 1840 2720 molen-

189 2763 273 2827 dinis
298 2764 359 2827 viis
390 2776 422 2828 et
452 2764 548 2827 inviis
580 2763 722 2828 exitibus
753 2778 785 2829 et
816 2762 974 2829 reditibus
1005 2765 1191 2829 interuentu
1221 2763 1410 2839 contectalis
1434 2776 1564 2828 nostrae
1588 2763 1839 2828 dilectissimaeb

189 2870 426 2956 Chunigundae
457 2872 589 2955 reginae
620 2893 660 2935 ac
691 2894 837 2936 sororum
867 2882 1050 2936 nostrarum
1081 2871 1305 2936 Aedelheidae
1335 2869 1521 2936 abbatissae
1553 2882 1650 2958 atque
1676 2871 1839 2958 Sophiaee

145 3001 171 3039 ao
189 2976 385 3060 abbatissae,
410 2978 507 3042 immo
528 2980 627 3047 etiam
645 3001 704 3065 pro
724 2980 971 3043 strennuissime
993 3003 1032 3044 ac
1051 2978 1240 3044 fidelissima
1260 2980 1415 3043 servitute
1440 2979 1677 3066 archiepiscopi
1698 2979 1840 3065 Tagino-

189 3084 259 3148 nisd
282 3086 374 3148 tercii
400 3083 473 3172 [deo
497 3095 674 3171 sanctoque
698 3086 847 3175 martlyri
869 3086 1028 3150 Mamicio
1058 3087 1093 3150 in
1122 3088 1289 3173 proprium
1313 3086 1515 3168 donavimus,
1546 3098 1655 3151 nostro
1686 3085 1841 3150 videlicet

189 3190 323 3278 speciali
358 3204 508 3277 patrono,
545 3215 584 3256 ea
616 3192 741 3257 scilicet
773 3194 898 3257 ratione
932 3195 1084 3280 quatinus
1116 3193 1221 3258 fidelis
1255 3206 1365 3257 noster
1397 3193 1585 3280 praedictus
1618 3193 1840 3280 archipraesul

189 3299 302 3384 suique
326 3321 531 3363 successores
555 3298 691 3363 liberam
714 3298 871 3387 hlabeant
893 3299 939 3363 ibi
959 3300 1167 3389 advocatu]m
1192 3301 1345 3386 eligendi,
1369 3301 1571 3388 praedictam
1590 3312 1715 3365 curtem
1737 3302 1839 3386 possi-

189 3404 287 3469 dendi
318 3429 376 3469 seu
405 3407 504 3469 etiarn
534 3407 567 3469 in
597 3430 691 3470 usum
721 3407 902 3472 aecclesiae
933 3406 1269 3494 Magadaeburgensis
1300 3407 1521 3472 commutandi
1553 3418 1756 3494 potestatem.
1804 3407 1840 3472 si

144 3534 171 3574 as
189 3513 261 3598 quis
291 3527 399 3576 autem
430 3513 464 3576 in
494 3524 659 3598 postermn
683 3513 767 3577 hanc
797 3524 940 3578 nostram
972 3514 1179 3579 traditionem
1209 3514 1405 3603 inq[uictare
1435 3516 1678 3602 presumpserit,
1710 3514 1839 3603 slummi

189 3618 304 3683 iudicis
327 3618 492 3682 vindictae
515 3618 698 3705 puniendus
723 3618 900 3684 subiaceat.
941 3620 1008 3685 Sed
1031 3632 1067 3685 ut
1089 3621 1170 3686 haec
1194 3634 1306 3686 nostra
1327 3622 1459 3686 traditio
1485 3646 1572 3686 nunc
1592 3623 1677 3686 etin
1695 3622 1839 3687 futurum

190 3724 380 3790 inconvulsa
409 3740 609 3812 permaneat,
640 3725 724 3791 hanc
755 3740 879 3791 cartam
909 3751 968 3814 per
998 3752 1129 3793 manum
1152 3729 1243 3793 Erici
1268 3710 1427 3817 [episcopi
1450 3741 1560 3793 nostra
1583 3730 1726 3793 iussione
1750 3727 1839 3817 clon-

190 3834 342 3918 scriptam
366 3847 477 3896 nostra
499 3834 642 3920 imagine
666 3833 802 3919 sigillari
824 3836 1061 3921 praecepimus,
1084 3836 1218 3921 insuper
1241 3837 1339 3900 etiam
1358 3859 1447 3901 more
1466 3848 1639 3923 parentum
1657 3848 1839 3900 nostrorum

189 3962 302 4025 regum
327 3939 480 4004 videlicet
503 3953 535 4003 et
558 3941 789 4026 imperatorum
812 3964 911 4005 manu
935 3944 1077 4028 propria,
1101 3953 1136 4006 ut
1158 3942 1244 4006 infra
1267 3943 1419 4031 videtulr,
1444 3942 1748 4031 corroboravimus]

145 4106 171 4145 ao
295 4079 312 4170 ξ
336 4084 472 4168 Signum
496 4083 605 4147 domni
630 4082 779 4171 H[cnrici
802 4082 1021 4172 in]victissimi
1045 4086 1132 4170 regis
1156 4086 1302 4150 secundi.
1327 4084 1344 4174 ᾖ
1367 4088 1430 4173 (Μ)

295 4223 312 4313 ᾖ
336 4224 549 4313 (ἱνηῒὴεῐὶψ
569 4226 795 4314 canclellarius
815 4228 887 4292 vice
907 4225 1162 4292 Hercanballdie
1182 4228 1456 4314 archicappellani
1477 4230 1663 4315 recognovi.
1680 4226 1697 4316 ξ
1721 4232 1776 4311 (sl.
1790 4230 1839 4315 D.)

296 4368 383 4431 Data
405 4383 466 4432 ΧΗ.
490 4368 556 4433 kal.
580 4368 751 4451 februarii,
783 4392 868 4433 anno
894 4369 1067 4458 [dominice
1091 4370 1337 4458 incarnlationis
1361 4385 1455 4453 Mxll,
1483 4371 1661 4435 indictione
1685 4385 1723 4453 x,
1754 4394 1838 4436 anno

189 4488 297 4538 autem
320 4474 563 4560 gloriosissimi‘
588 4477 674 4561 regis
698 4477 845 4541 Heinrici
870 4477 1004 4541 secundi
1028 4479 1195 4563 regnantis
1218 4493 1255 4560 x3
1286 4490 1397 4542 actum
1420 4477 1656 4565 llagadeburg.

970 4776 1065 4863 243.

143 4968 169 5008 a
189 4935 366 5010 Heinrich
391 4936 557 5037 besto‘tipt
582 4937 647 5011 der
674 4938 810 5012 Kircbe
838 4966 906 5011 oon
934 4938 1104 5037 Aquilejo
1131 4939 1190 5012 die
1215 4936 1342 5015 Stude
1369 4939 1515 5014 Pedana
1539 4941 1620 5015 aad
1644 4941 1771 5016 Pisino
1797 4944 1837 5016 iu

188 5053 320 5129 Istriae
358 5055 439 5129 und
472 5056 620 5130 verleiltt
656 5057 716 5130 ihr
752 5057 999 5132 oer’scbicdeae
1034 5055 1285 5136 Gereclttsome
1319 5059 1409 5133 iiber
1443 5060 1523 5134 aad
1548 5058 1626 5158 sat‘r
1659 5062 1718 5135 die
1755 5062 1840 5136 dort

189 5174 409 5248 wodaeudeu
429 5173 558 5272 freieu
586 5176 706 5250 Lente.
1376 5208 1520 5283 Bamberq
1539 5209 1618 5269 1012
1637 5208 1726 5283 Apta
1744 5210 1791 5270 30,

293 5384 444 5455 Abscltrist
467 5402 520 5443 aus
541 5385 604 5443 deta
628 5386 674 5443 15.
691 5385 718 5445 J
719 5385 746 5444 a.
771 5385 812 5444 im
834 5385 970 5461 Rapistro
997 5387 1102 5455 critico,
1132 5386 1253 5459 diplomi
1283 5387 1430 5461 impericdi
1459 5388 1521 5446 olla
1549 5388 1643 5448 chiesa
1672 5389 1837 5466 d’Aquilct'a

295 5492 355 5560 βῆ
378 5491 419 5549 im
441 5491 469 5550 lc.
487 5489 687 5550 Stoalsarchio
709 5511 744 5551 zu
764 5492 886 5567 Venediq
910 5492 974 5560 (C).

140 5689 169 5728 ιο
258 5673 321 5729 242.
349 5675 704 5748 [Bloch-Broedau·Pertz]
742 5680 768 5744 a)
784 5680 855 5732 dicae
872 5680 930 5730 und
946 5680 989 5732 die
1006 5681 1146 5747 folpeaden
1165 5681 1366 5747 maumam·
1384 5683 1430 5733 des
1446 5683 1532 5735 durch
1551 5683 1669 5737 maiorm
1686 5685 1789 5738 Μῶα·
1807 5689 1837 5739 in

347 5751 372 5800 A
391 5749 596 5801 cernammolten
616 5749 776 5803 Wortlaatca
792 5750 862 5803 nacla
880 5752 904 5803 C
973 5752 1002 5813 b)
1023 5751 1144 5805 tissimac
1161 5753 1249 5816 sofort
1266 5768 1335 5807 corr.
1354 5770 1406 5805 aas
1423 5753 1486 5806 talis
1557 5756 1582 5823 c)
1601 5757 1728 5809 dahinter
1743 5758 1837 5810 Raam·

347 5818 376 5877 dt
393 5836 412 5883 c
428 5835 498 5873 corr.
517 5836 568 5872 aus
585 5824 597 5871 t
669 5824 695 5888 e)
714 5825 740 5874 A
813 5822 837 5883 f)
854 5823 982 5875 :semelen
1002 5840 1018 5874 0
1037 5824 1093 5875 and
1111 5840 1124 5875 s
1141 5826 1184 5875 cin
1202 5826 1304 5876 zucam
1322 5840 1334 5875 s
1353 5825 1517 5880 ααεναάίιή.
