<?xml version="1.0" encoding="UTF-8"?>
<!DOCTYPE html PUBLIC "-//W3C//DTD XHTML 1.0 Transitional//EN"
    "http://www.w3.org/TR/xhtml1/DTD/xhtml1-transitional.dtd">
<html xmlns="http://www.w3.org/1999/xhtml" xml:lang="en" lang="en">
 <head>
  <title>
</title>
<meta http-equiv="Content-Type" content="text/html;charset=utf-8" />
  <meta name='ocr-system' content='tesseract 3.04.00' />
  <meta name='ocr-capabilities' content='ocr_page ocr_carea ocr_par ocr_line ocrx_word'/>
</head>
<body>
  <div class='ocr_page' id='page_1' title='image "./monumentagerman01gescgoog/monumentagerman01gescgoog_0615.png"; bbox 0 0 4836 6492; ppageno 0'>
   <div class='ocr_carea' id='block_1_1' title="bbox 526 446 1588 512">
    <p class='ocr_par' dir='ltr' id='par_1_1' title="bbox 526 446 1588 512">
     <span class='ocr_line' id='line_1_1' title="bbox 526 446 1588 512; baseline 0.001 -3"><span class='ocrx_word' id='word_1_1' title='bbox 526 446 594 509; x_wconf 81' lang='lat'><strong>580</strong></span> <span class='ocrx_word' id='word_1_2' title='bbox 1121 453 1588 512; x_wconf 80' lang='lat' dir='ltr'><strong>KAISERURKUNDEN.</strong></span> 
     </span>
    </p>
   </div>
   <div class='ocr_carea' id='block_1_2' title="bbox 632 648 2182 834">
    <p class='ocr_par' dir='ltr' id='par_1_2' title="bbox 632 648 2182 834">
     <span class='ocr_line' id='line_1_2' title="bbox 637 648 2182 726; baseline 0.002 -18"><span class='ocrx_word' id='word_1_3' title='bbox 637 648 698 725; x_wconf 77' lang='lat' dir='ltr'><strong>Vpl.</strong></span> <span class='ocrx_word' id='word_1_4' title='bbox 723 649 770 708; x_wconf 82' lang='lat' dir='ltr'><strong>die</strong></span> <span class='ocrx_word' id='word_1_5' title='bbox 796 649 1023 726; x_wconf 76' lang='lat' dir='ltr'><strong>Verbemerlurup</strong></span> <span class='ocrx_word' id='word_1_6' title='bbox 1052 668 1088 709; x_wconf 81' lang='lat' dir='ltr'><strong>ra</strong></span> <span class='ocrx_word' id='word_1_7' title='bbox 1116 648 1158 709; x_wconf 88' lang='lat' dir='ltr'><strong>D.</strong></span> <span class='ocrx_word' id='word_1_8' title='bbox 1175 650 1243 709; x_wconf 72' lang='lat'><strong>456.</strong></span> <span class='ocrx_word' id='word_1_9' title='bbox 1273 680 1317 690; x_wconf 88' lang='lat'><em>-</em></span> <span class='ocrx_word' id='word_1_10' title='bbox 1343 650 1403 715; x_wconf 83' lang='lat' dir='ltr'><strong>Vou</strong></span> <span class='ocrx_word' id='word_1_11' title='bbox 1429 650 1568 710; x_wconf 75' lang='lat' dir='ltr'><strong>Udalricb</strong></span> <span class='ocrx_word' id='word_1_12' title='bbox 1597 669 1650 711; x_wconf 83' lang='lat' dir='ltr'><strong>nou</strong></span> <span class='ocrx_word' id='word_1_13' title='bbox 1680 650 1826 726; x_wconf 73' lang='lat' dir='ltr'><strong>Bamberq</strong></span> <span class='ocrx_word' id='word_1_14' title='bbox 1855 669 1919 710; x_wconf 80' lang='lat' dir='ltr'><strong>eum</strong></span> <span class='ocrx_word' id='word_1_15' title='bbox 1948 650 2109 711; x_wconf 80' lang='lat' dir='ltr'><strong>Formalur</strong></span> <span class='ocrx_word' id='word_1_16' title='bbox 2136 672 2182 711; x_wconf 79' lang='lat' dir='ltr'><strong>za·</strong></span> 
     </span>
     <span class='ocr_line' id='line_1_3' title="bbox 632 755 1599 834; baseline 0.001 -18"><span class='ocrx_word' id='word_1_17' title='bbox 632 774 874 832; x_wconf 62' lang='lat' dir='ltr'><strong>commemorem</strong></span> <span class='ocrx_word' id='word_1_18' title='bbox 896 757 956 816; x_wconf 80' lang='lat' dir='ltr'><strong>aad</strong></span> <span class='ocrx_word' id='word_1_19' title='bbox 977 775 1009 816; x_wconf 87' lang='lat' dir='ltr'><strong>so</strong></span> <span class='ocrx_word' id='word_1_20' title='bbox 1030 758 1063 816; x_wconf 84' lang='lat' dir='ltr'><strong>iu</strong></span> <span class='ocrx_word' id='word_1_21' title='bbox 1085 758 1161 817; x_wconf 83' lang='lat' dir='ltr'><strong>seiae</strong></span> <span class='ocrx_word' id='word_1_22' title='bbox 1184 755 1352 833; x_wconf 66' lang='lat' dir='ltr'><strong>Somnum</strong></span> <span class='ocrx_word' id='word_1_23' title='bbox 1374 761 1599 834; x_wconf 74' lang='lat' dir='ltr'><strong>auspersommea.</strong></span> 
     </span>
    </p>
   </div>
   <div class='ocr_carea' id='block_1_3' title="bbox 524 923 2229 2718">
    <p class='ocr_par' dir='ltr' id='par_1_3' title="bbox 524 923 2229 2718">
     <span class='ocr_line' id='line_1_4' title="bbox 633 923 2182 1013; baseline 0.003 -25"><span class='ocrx_word' id='word_1_24' title='bbox 633 923 691 1011; x_wconf 79' lang='grc' dir='ltr'><strong>(Ο.)</strong></span> <span class='ocrx_word' id='word_1_25' title='bbox 709 923 727 1013; x_wconf 56' lang='grc' dir='ltr'><strong>ᾖ</strong></span> <span class='ocrx_word' id='word_1_26' title='bbox 745 924 785 989; x_wconf 86' lang='lat' dir='ltr'><strong>ln</strong></span> <span class='ocrx_word' id='word_1_27' title='bbox 807 926 937 990; x_wconf 89' lang='lat' dir='ltr'><strong>nomine</strong></span> <span class='ocrx_word' id='word_1_28' title='bbox 962 936 1074 991; x_wconf 88' lang='lat' dir='ltr'><strong>sancte</strong></span> <span class='ocrx_word' id='word_1_29' title='bbox 1098 937 1131 990; x_wconf 90' lang='lat' dir='ltr'><strong>et</strong></span> <span class='ocrx_word' id='word_1_30' title='bbox 1152 925 1322 1013; x_wconf 77' lang='lat' dir='ltr'><strong>individue</strong></span> <span class='ocrx_word' id='word_1_31' title='bbox 1341 926 1506 990; x_wconf 72' lang='lat' dir='ltr'><strong>minitatis.</strong></span> <span class='ocrx_word' id='word_1_32' title='bbox 1545 926 1721 991; x_wconf 89' lang='lat' dir='ltr'><strong>Heinricus</strong></span> <span class='ocrx_word' id='word_1_33' title='bbox 1742 926 1855 991; x_wconf 89' lang='lat' dir='ltr'><strong>divina</strong></span> <span class='ocrx_word' id='word_1_34' title='bbox 1874 926 2047 991; x_wconf 88' lang='lat' dir='ltr'><strong>clementia</strong></span> <span class='ocrx_word' id='word_1_35' title='bbox 2066 927 2182 992; x_wconf 86' lang='lat' dir='ltr'><strong>Roma-</strong></span> 
     </span>
     <span class='ocr_line' id='line_1_5' title="bbox 524 1033 2183 1118; baseline 0.002 -22"><span class='ocrx_word' id='word_1_36' title='bbox 524 1054 641 1096; x_wconf 84' lang='lat' dir='ltr'><strong>nomm</strong></span> <span class='ocrx_word' id='word_1_37' title='bbox 663 1033 840 1118; x_wconf 73' lang='lat' dir='ltr'><strong>imperator</strong></span> <span class='ocrx_word' id='word_1_38' title='bbox 862 1042 1030 1118; x_wconf 76' lang='lat' dir='ltr'><strong>augustus.</strong></span> <span class='ocrx_word' id='word_1_39' title='bbox 1118 1048 1221 1099; x_wconf 85' lang='lat' dir='ltr'><strong>Notum</strong></span> <span class='ocrx_word' id='word_1_40' title='bbox 1239 1048 1276 1097; x_wconf 89' lang='lat' dir='ltr'><strong>sit</strong></span> <span class='ocrx_word' id='word_1_41' title='bbox 1294 1048 1420 1098; x_wconf 88' lang='lat' dir='ltr'><strong>omnibus</strong></span> <span class='ocrx_word' id='word_1_42' title='bbox 1439 1052 1551 1098; x_wconf 83' lang='lat' dir='ltr'><strong>sanctae</strong></span> <span class='ocrx_word' id='word_1_43' title='bbox 1572 1048 1615 1098; x_wconf 89' lang='lat' dir='ltr'><strong>dei</strong></span> <span class='ocrx_word' id='word_1_44' title='bbox 1628 1040 1643 1113; x_wconf 65' lang='grc' dir='ltr'><strong><em>Ε</em></strong></span> <span class='ocrx_word' id='word_1_45' title='bbox 1655 1046 1828 1116; x_wconf 69' lang='lat' dir='ltr'><strong>aecclesiae*</strong></span> <span class='ocrx_word' id='word_1_46' title='bbox 1847 1046 1974 1099; x_wconf 85' lang='lat' dir='ltr'><strong>fidelibus</strong></span> <span class='ocrx_word' id='word_1_47' title='bbox 1993 1050 2183 1115; x_wconf 88' lang='lat' dir='ltr'><strong>praesentibus</strong></span> 
     </span>
     <span class='ocr_line' id='line_1_6' title="bbox 525 1151 2218 1223; baseline 0.001 -21"><span class='ocrx_word' id='word_1_48' title='bbox 525 1151 634 1203; x_wconf 87' lang='lat' dir='ltr'><strong>scilicet</strong></span> <span class='ocrx_word' id='word_1_49' title='bbox 661 1158 744 1218; x_wconf 88' lang='lat' dir='ltr'><strong>atque</strong></span> <span class='ocrx_word' id='word_1_50' title='bbox 771 1153 885 1213; x_wconf 80' lang='lat' dir='ltr'><strong>futuris,</strong></span> <span class='ocrx_word' id='word_1_51' title='bbox 917 1152 1037 1220; x_wconf 87' lang='lat' dir='ltr'><strong>qualiter</strong></span> <span class='ocrx_word' id='word_1_52' title='bbox 1068 1169 1119 1204; x_wconf 89' lang='lat' dir='ltr'><strong>nos</strong></span> <span class='ocrx_word' id='word_1_53' title='bbox 1152 1155 1261 1205; x_wconf 68' lang='lat' dir='ltr'><strong>divium</strong></span> <span class='ocrx_word' id='word_1_54' title='bbox 1295 1154 1484 1205; x_wconf 72' lang='lat' dir='ltr'>retributionis</span> <span class='ocrx_word' id='word_1_55' title='bbox 1516 1171 1566 1220; x_wconf 89' lang='lat' dir='ltr'><strong>spe</strong></span> <span class='ocrx_word' id='word_1_56' title='bbox 1599 1155 1735 1219; x_wconf 89' lang='lat' dir='ltr'><strong>quendam</strong></span> <span class='ocrx_word' id='word_1_57' title='bbox 1767 1161 1859 1223; x_wconf 77' lang='lat' dir='ltr'><strong>nostre</strong></span> <span class='ocrx_word' id='word_1_58' title='bbox 1888 1156 2064 1221; x_wconf 68' lang='lat' dir='ltr'>proprietatis</span> <span class='ocrx_word' id='word_1_59' title='bbox 2092 1154 2218 1206; x_wconf 82' lang='lat' dir='ltr'><strong>locumt</strong></span> 
     </span>
     <span class='ocr_line' id='line_1_7' title="bbox 527 1260 2181 1326; baseline 0.002 -17"><span class='ocrx_word' id='word_1_60' title='bbox 527 1260 686 1310; x_wconf 81' lang='lat' dir='ltr'><strong>Baveuberc</strong></span> <span class='ocrx_word' id='word_1_61' title='bbox 713 1260 817 1310; x_wconf 88' lang='lat' dir='ltr'><strong>dictum</strong></span> <span class='ocrx_word' id='word_1_62' title='bbox 843 1261 878 1311; x_wconf 90' lang='lat' dir='ltr'><strong>ad</strong></span> <span class='ocrx_word' id='word_1_63' title='bbox 903 1260 1035 1311; x_wconf 83' lang='lat' dir='ltr'><strong>honorem</strong></span> <span class='ocrx_word' id='word_1_64' title='bbox 1061 1261 1106 1312; x_wconf 90' lang='lat' dir='ltr'><strong>dei</strong></span> <span class='ocrx_word' id='word_1_65' title='bbox 1132 1262 1326 1326; x_wconf 88' lang='lat' dir='ltr'><strong>omnipotentis</strong></span> <span class='ocrx_word' id='word_1_66' title='bbox 1353 1268 1381 1310; x_wconf 90' lang='lat' dir='ltr'><strong>et</strong></span> <span class='ocrx_word' id='word_1_67' title='bbox 1399 1268 1512 1317; x_wconf 83' lang='lat' dir='ltr'><strong>sanctae</strong></span> <span class='ocrx_word' id='word_1_68' title='bbox 1530 1261 1635 1312; x_wconf 85' lang='lat' dir='ltr'><strong>Mariae</strong></span> <span class='ocrx_word' id='word_1_69' title='bbox 1654 1261 1748 1310; x_wconf 88' lang='lat' dir='ltr'><strong>matris</strong></span> <span class='ocrx_word' id='word_1_70' title='bbox 1768 1260 1872 1311; x_wconf 89' lang='lat' dir='ltr'><strong>domini</strong></span> <span class='ocrx_word' id='word_1_71' title='bbox 1891 1262 1978 1312; x_wconf 85' lang='lat' dir='ltr'><strong>nostri</strong></span> <span class='ocrx_word' id='word_1_72' title='bbox 1997 1262 2063 1312; x_wconf 84' lang='lat' dir='ltr'><strong>Iesu</strong></span> <span class='ocrx_word' id='word_1_73' title='bbox 2082 1261 2181 1313; x_wconf 75' lang='lat' dir='ltr'>Christi</span> 
     </span>
     <span class='ocr_line' id='line_1_8' title="bbox 525 1364 2183 1432; baseline 0.001 -14"><span class='ocrx_word' id='word_1_74' title='bbox 525 1374 739 1431; x_wconf 87' lang='lat' dir='ltr'><strong>sanctorumque</strong></span> <span class='ocrx_word' id='word_1_75' title='bbox 758 1366 948 1432; x_wconf 87' lang='lat' dir='ltr'><strong>apostolorum</strong></span> <span class='ocrx_word' id='word_1_76' title='bbox 967 1367 1042 1418; x_wconf 86' lang='lat' dir='ltr'><strong>Petri</strong></span> <span class='ocrx_word' id='word_1_77' title='bbox 1062 1375 1090 1418; x_wconf 90' lang='lat' dir='ltr'><strong>et</strong></span> <span class='ocrx_word' id='word_1_78' title='bbox 1108 1366 1188 1418; x_wconf 85' lang='lat' dir='ltr'><strong>Pauli</strong></span> <span class='ocrx_word' id='word_1_79' title='bbox 1215 1374 1243 1418; x_wconf 88' lang='lat' dir='ltr'><strong>et</strong></span> <span class='ocrx_word' id='word_1_80' title='bbox 1268 1369 1389 1418; x_wconf 90' lang='lat' dir='ltr'><strong>omnium</strong></span> <span class='ocrx_word' id='word_1_81' title='bbox 1414 1374 1579 1427; x_wconf 84' lang='lat' dir='ltr'><strong>sanctorum,</strong></span> <span class='ocrx_word' id='word_1_82' title='bbox 1606 1369 1797 1418; x_wconf 74' lang='lat' dir='ltr'><strong>consentiente</strong></span> <span class='ocrx_word' id='word_1_83' title='bbox 1823 1364 2021 1419; x_wconf 80' lang='lat' dir='ltr'><strong>dilectissimab</strong></span> <span class='ocrx_word' id='word_1_84' title='bbox 2045 1382 2061 1412; x_wconf 70' lang='lat' dir='ltr'><strong>r</strong></span> <span class='ocrx_word' id='word_1_85' title='bbox 2089 1376 2183 1421; x_wconf 88' lang='lat' dir='ltr'><strong>nostra</strong></span> 
     </span>
     <span class='ocr_line' id='line_1_9' title="bbox 526 1473 2181 1541; baseline 0.002 -18"><span class='ocrx_word' id='word_1_86' title='bbox 526 1473 707 1538; x_wconf 72' lang='lat' dir='ltr'><strong>Chunigvnda</strong></span> <span class='ocrx_word' id='word_1_87' title='bbox 726 1480 754 1524; x_wconf 91' lang='lat' dir='ltr'><strong>et</strong></span> <span class='ocrx_word' id='word_1_88' title='bbox 772 1475 894 1525; x_wconf 88' lang='lat' dir='ltr'><strong>omnium</strong></span> <span class='ocrx_word' id='word_1_89' title='bbox 912 1475 990 1539; x_wconf 80' lang='lat' dir='ltr'><strong>regni</strong></span> <span class='ocrx_word' id='word_1_90' title='bbox 1009 1476 1096 1525; x_wconf 78' lang='lat' dir='ltr'><strong>nostri</strong></span> <span class='ocrx_word' id='word_1_91' title='bbox 1116 1476 1278 1541; x_wconf 81' lang='lat' dir='ltr'><strong>principum,</strong></span> <span class='ocrx_word' id='word_1_92' title='bbox 1301 1476 1329 1524; x_wconf 92' lang='lat' dir='ltr'><strong>in</strong></span> <span class='ocrx_word' id='word_1_93' title='bbox 1356 1473 1466 1525; x_wconf 88' lang='lat' dir='ltr'><strong>culmen</strong></span> <span class='ocrx_word' id='word_1_94' title='bbox 1486 1481 1514 1525; x_wconf 93' lang='lat' dir='ltr'><strong>et</strong></span> <span class='ocrx_word' id='word_1_95' title='bbox 1532 1473 1625 1524; x_wconf 89' lang='lat' dir='ltr'><strong>sedem</strong></span> <span class='ocrx_word' id='word_1_96' title='bbox 1644 1475 1821 1540; x_wconf 73' lang='lat' dir='ltr'><strong>episcopatus</strong></span> <span class='ocrx_word' id='word_1_97' title='bbox 1840 1476 2022 1540; x_wconf 75' lang='lat' dir='ltr'><strong>proteximus,</strong></span> <span class='ocrx_word' id='word_1_98' title='bbox 2049 1483 2079 1526; x_wconf 87' lang='lat' dir='ltr'><strong>ut</strong></span> <span class='ocrx_word' id='word_1_99' title='bbox 2097 1483 2125 1526; x_wconf 87' lang='lat' dir='ltr'><strong>et</strong></span> <span class='ocrx_word' id='word_1_100' title='bbox 2143 1478 2181 1527; x_wconf 89' lang='lat' dir='ltr'><strong>ibi</strong></span> 
     </span>
     <span class='ocr_line' id='line_1_10' title="bbox 525 1580 2181 1646; baseline 0.002 -16"><span class='ocrx_word' id='word_1_101' title='bbox 525 1582 628 1646; x_wconf 76' lang='lat' dir='ltr'><strong>ingiter</strong></span> <span class='ocrx_word' id='word_1_102' title='bbox 647 1580 737 1632; x_wconf 85' lang='lat' dir='ltr'><strong>hostia</strong></span> <span class='ocrx_word' id='word_1_103' title='bbox 755 1581 808 1631; x_wconf 93' lang='lat' dir='ltr'><strong>deo</strong></span> <span class='ocrx_word' id='word_1_104' title='bbox 828 1587 994 1632; x_wconf 74' lang='lat' dir='ltr'><strong>mactaretur</strong></span> <span class='ocrx_word' id='word_1_105' title='bbox 1012 1580 1142 1631; x_wconf 81' lang='lat' dir='ltr'><strong>salutaris</strong></span> <span class='ocrx_word' id='word_1_106' title='bbox 1162 1588 1190 1631; x_wconf 92' lang='lat' dir='ltr'><strong>et</strong></span> <span class='ocrx_word' id='word_1_107' title='bbox 1208 1588 1303 1633; x_wconf 86' lang='lat' dir='ltr'><strong>nostra</strong></span> <span class='ocrx_word' id='word_1_108' title='bbox 1318 1588 1530 1646; x_wconf 90' lang='lat' dir='ltr'><strong>nostrorumque</strong></span> <span class='ocrx_word' id='word_1_109' title='bbox 1543 1588 1748 1632; x_wconf 87' lang='lat' dir='ltr'><strong>antecessorum</strong></span> <span class='ocrx_word' id='word_1_110' title='bbox 1761 1580 1836 1631; x_wconf 89' lang='lat' dir='ltr'><strong>salus</strong></span> <span class='ocrx_word' id='word_1_111' title='bbox 1849 1582 1996 1633; x_wconf 79' lang='lat' dir='ltr'><strong>haberetur</strong></span> <span class='ocrx_word' id='word_1_112' title='bbox 2008 1582 2181 1633; x_wconf 87' lang='lat' dir='ltr'><strong>memorialis.</strong></span> 
     </span>
     <span class='ocr_line' id='line_1_11' title="bbox 525 1687 2229 1755; baseline 0.001 -19"><span class='ocrx_word' id='word_1_113' title='bbox 525 1687 568 1737; x_wconf 86' lang='lat' dir='ltr'><strong>Ad</strong></span> <span class='ocrx_word' id='word_1_114' title='bbox 595 1689 674 1737; x_wconf 89' lang='lat' dir='ltr'><strong>cuius</strong></span> <span class='ocrx_word' id='word_1_115' title='bbox 701 1689 878 1754; x_wconf 89' lang='lat' dir='ltr'><strong>episcopatus</strong></span> <span class='ocrx_word' id='word_1_116' title='bbox 904 1695 1080 1754; x_wconf 79' lang='lat' dir='ltr'><strong>augmentum</strong></span> <span class='ocrx_word' id='word_1_117' title='bbox 1105 1689 1152 1753; x_wconf 85' lang='lat' dir='ltr'><strong>pia</strong></span> <span class='ocrx_word' id='word_1_118' title='bbox 1178 1687 1324 1754; x_wconf 78' lang='lat' dir='ltr'><strong>largitione</strong></span> <span class='ocrx_word' id='word_1_119' title='bbox 1352 1688 1491 1753; x_wconf 77' lang='lat' dir='ltr'><strong>quoddam</strong></span> <span class='ocrx_word' id='word_1_120' title='bbox 1519 1696 1612 1753; x_wconf 71' lang='lat' dir='ltr'><strong>nostre</strong></span> <span class='ocrx_word' id='word_1_121' title='bbox 1641 1689 1836 1739; x_wconf 87' lang='lat' dir='ltr'><strong>dominationis</strong></span> <span class='ocrx_word' id='word_1_122' title='bbox 1864 1687 2031 1739; x_wconf 88' lang='lat' dir='ltr'><strong>contulimus</strong></span> <span class='ocrx_word' id='word_1_123' title='bbox 2058 1690 2182 1755; x_wconf 82' lang='lat' dir='ltr'><strong>predium</strong></span> <span class='ocrx_word' id='word_1_124' title='bbox 2202 1700 2229 1738; x_wconf 83' lang='lat' dir='ltr'><strong>rc</strong></span> 
     </span>
     <span class='ocr_line' id='line_1_12' title="bbox 525 1779 2182 1868; baseline 0.002 -24"><span class='ocrx_word' id='word_1_125' title='bbox 525 1780 638 1845; x_wconf 77' lang='lat' dir='ltr'><strong>Vraha</strong></span> <span class='ocrx_word' id='word_1_126' title='bbox 657 1794 759 1845; x_wconf 88' lang='lat' dir='ltr'><strong>dictum</strong></span> <span class='ocrx_word' id='word_1_127' title='bbox 779 1796 807 1846; x_wconf 94' lang='lat' dir='ltr'><strong>in</strong></span> <span class='ocrx_word' id='word_1_128' title='bbox 826 1810 899 1860; x_wconf 75' lang='lat' dir='ltr'><strong>pago</strong></span> <span class='ocrx_word' id='word_1_129' title='bbox 919 1781 1118 1868; x_wconf 72' lang='lat' dir='ltr'><strong>Raugovve⁰</strong></span> <span class='ocrx_word' id='word_1_130' title='bbox 1138 1796 1221 1845; x_wconf 88' lang='lat' dir='ltr'><strong>situm</strong></span> <span class='ocrx_word' id='word_1_131' title='bbox 1240 1802 1268 1846; x_wconf 89' lang='lat' dir='ltr'><strong>et</strong></span> <span class='ocrx_word' id='word_1_132' title='bbox 1291 1796 1470 1846; x_wconf 85' lang='lat' dir='ltr'><strong>incomitata</strong></span> <span class='ocrx_word' id='word_1_133' title='bbox 1491 1779 1626 1845; x_wconf 80' lang='lat' dir='ltr'><strong>Albvinl</strong></span> <span class='ocrx_word' id='word_1_134' title='bbox 1651 1796 1768 1855; x_wconf 88' lang='lat' dir='ltr'><strong>comitis,</strong></span> <span class='ocrx_word' id='word_1_135' title='bbox 1794 1811 1856 1845; x_wconf 89' lang='lat' dir='ltr'><strong>cum</strong></span> <span class='ocrx_word' id='word_1_136' title='bbox 1880 1797 2006 1847; x_wconf 89' lang='lat' dir='ltr'><strong>omnibus</strong></span> <span class='ocrx_word' id='word_1_137' title='bbox 2025 1799 2084 1847; x_wconf 87' lang='lat' dir='ltr'><strong>eius</strong></span> <span class='ocrx_word' id='word_1_138' title='bbox 2106 1797 2182 1847; x_wconf 81' lang='lat' dir='ltr'><strong>adia·</strong></span> 
     </span>
     <span class='ocr_line' id='line_1_13' title="bbox 527 1900 2182 1954; baseline 0.001 -1"><span class='ocrx_word' id='word_1_139' title='bbox 527 1903 652 1953; x_wconf 85' lang='lat' dir='ltr'><strong>centibus</strong></span> <span class='ocrx_word' id='word_1_140' title='bbox 671 1903 739 1952; x_wconf 86' lang='lat' dir='ltr'><strong>vicis</strong></span> <span class='ocrx_word' id='word_1_141' title='bbox 757 1900 830 1953; x_wconf 83' lang='lat' dir='ltr'><strong>villis</strong></span> <span class='ocrx_word' id='word_1_142' title='bbox 850 1903 937 1952; x_wconf 84' lang='lat' dir='ltr'><strong>servis</strong></span> <span class='ocrx_word' id='word_1_143' title='bbox 956 1900 1065 1952; x_wconf 85' lang='lat' dir='ltr'><strong>ancillis</strong></span> <span class='ocrx_word' id='word_1_144' title='bbox 1084 1902 1166 1952; x_wconf 88' lang='lat' dir='ltr'><strong>rebus</strong></span> <span class='ocrx_word' id='word_1_145' title='bbox 1186 1901 1332 1953; x_wconf 80' lang='lat' dir='ltr'><strong>mobilibus</strong></span> <span class='ocrx_word' id='word_1_146' title='bbox 1352 1900 1396 1952; x_wconf 83' lang='lat' dir='ltr'><strong>vel</strong></span> <span class='ocrx_word' id='word_1_147' title='bbox 1415 1902 1603 1953; x_wconf 79' lang='lat' dir='ltr'><strong>immobilibus</strong></span> <span class='ocrx_word' id='word_1_148' title='bbox 1623 1904 1702 1953; x_wconf 87' lang='lat' dir='ltr'><strong>terris</strong></span> <span class='ocrx_word' id='word_1_149' title='bbox 1721 1901 1804 1952; x_wconf 87' lang='lat' dir='ltr'><strong>cultis</strong></span> <span class='ocrx_word' id='word_1_150' title='bbox 1822 1901 1865 1952; x_wconf 83' lang='lat' dir='ltr'><strong>vel</strong></span> <span class='ocrx_word' id='word_1_151' title='bbox 1886 1902 1997 1954; x_wconf 86' lang='lat' dir='ltr'><strong>incultis</strong></span> <span class='ocrx_word' id='word_1_152' title='bbox 2017 1905 2136 1954; x_wconf 83' lang='lat' dir='ltr'><strong>exitibus</strong></span> <span class='ocrx_word' id='word_1_153' title='bbox 2154 1912 2182 1954; x_wconf 86' lang='lat' dir='ltr'><strong>et</strong></span> 
     </span>
     <span class='ocr_line' id='line_1_14' title="bbox 526 2006 2182 2075; baseline 0.002 -16"><span class='ocrx_word' id='word_1_154' title='bbox 526 2009 661 2060; x_wconf 84' lang='lat' dir='ltr'><strong>reditibus</strong></span> <span class='ocrx_word' id='word_1_155' title='bbox 680 2017 707 2059; x_wconf 89' lang='lat' dir='ltr'><strong>et</strong></span> <span class='ocrx_word' id='word_1_156' title='bbox 726 2010 852 2060; x_wconf 90' lang='lat' dir='ltr'><strong>omnibus</strong></span> <span class='ocrx_word' id='word_1_157' title='bbox 872 2025 942 2075; x_wconf 91' lang='lat' dir='ltr'><strong>qnae</strong></span> <span class='ocrx_word' id='word_1_158' title='bbox 962 2007 1018 2061; x_wconf 91' lang='lat' dir='ltr'><strong>ullo</strong></span> <span class='ocrx_word' id='word_1_159' title='bbox 1046 2009 1126 2059; x_wconf 90' lang='lat' dir='ltr'><strong>modo</strong></span> <span class='ocrx_word' id='word_1_160' title='bbox 1152 2010 1235 2059; x_wconf 83' lang='lat' dir='ltr'><strong>scribi</strong></span> <span class='ocrx_word' id='word_1_161' title='bbox 1262 2006 1318 2059; x_wconf 83' lang='lat' dir='ltr'><strong>aut</strong></span> <span class='ocrx_word' id='word_1_162' title='bbox 1343 2010 1478 2060; x_wconf 87' lang='lat' dir='ltr'><strong>nominari</strong></span> <span class='ocrx_word' id='word_1_163' title='bbox 1504 2018 1619 2075; x_wconf 85' lang='lat' dir='ltr'><strong>possunt</strong></span> <span class='ocrx_word' id='word_1_164' title='bbox 1646 2008 1819 2068; x_wconf 70' lang='lat' dir='ltr'><strong>utilitatibus,</strong></span> <span class='ocrx_word' id='word_1_165' title='bbox 1844 2026 1877 2059; x_wconf 88' lang='lat' dir='ltr'><strong>ea</strong></span> <span class='ocrx_word' id='word_1_166' title='bbox 1902 2011 1931 2059; x_wconf 91' lang='lat' dir='ltr'><strong>in</strong></span> <span class='ocrx_word' id='word_1_167' title='bbox 1957 2011 2008 2061; x_wconf 87' lang='lat' dir='ltr'><strong>hac</strong></span> <span class='ocrx_word' id='word_1_168' title='bbox 2034 2010 2182 2062; x_wconf 85' lang='lat' dir='ltr'><strong>donatione</strong></span> 
     </span>
     <span class='ocr_line' id='line_1_15' title="bbox 526 2115 2181 2183; baseline 0.001 -17"><span class='ocrx_word' id='word_1_169' title='bbox 526 2117 569 2167; x_wconf 89' lang='lat' dir='ltr'><strong>usi</strong></span> <span class='ocrx_word' id='word_1_170' title='bbox 595 2122 741 2182; x_wconf 73' lang='lat' dir='ltr'><strong>potestate,</strong></span> <span class='ocrx_word' id='word_1_171' title='bbox 768 2132 823 2181; x_wconf 85' lang='lat' dir='ltr'><strong>qua</strong></span> <span class='ocrx_word' id='word_1_172' title='bbox 848 2117 934 2167; x_wconf 86' lang='lat' dir='ltr'><strong>nostri</strong></span> <span class='ocrx_word' id='word_1_173' title='bbox 960 2122 1149 2167; x_wconf 78' lang='lat' dir='ltr'><strong>antecessores</strong></span> <span class='ocrx_word' id='word_1_174' title='bbox 1176 2132 1255 2181; x_wconf 78' lang='lat' dir='ltr'><strong>reges</strong></span> <span class='ocrx_word' id='word_1_175' title='bbox 1281 2115 1412 2166; x_wconf 78' lang='lat' dir='ltr'><strong>videlicet</strong></span> <span class='ocrx_word' id='word_1_176' title='bbox 1438 2123 1466 2167; x_wconf 88' lang='lat' dir='ltr'><strong>et</strong></span> <span class='ocrx_word' id='word_1_177' title='bbox 1491 2118 1670 2183; x_wconf 88' lang='lat' dir='ltr'><strong>imperatores</strong></span> <span class='ocrx_word' id='word_1_178' title='bbox 1697 2116 1813 2167; x_wconf 89' lang='lat' dir='ltr'><strong>antehac</strong></span> <span class='ocrx_word' id='word_1_179' title='bbox 1832 2124 1897 2166; x_wconf 88' lang='lat' dir='ltr'><strong>sunt</strong></span> <span class='ocrx_word' id='word_1_180' title='bbox 1916 2119 1959 2167; x_wconf 88' lang='lat' dir='ltr'><strong>usi</strong></span> <span class='ocrx_word' id='word_1_181' title='bbox 1978 2119 2005 2167; x_wconf 92' lang='lat' dir='ltr'><strong>in</strong></span> <span class='ocrx_word' id='word_1_182' title='bbox 2025 2128 2181 2168; x_wconf 82' lang='lat' dir='ltr'><strong>sanctarum</strong></span> 
     </span>
     <span class='ocr_line' id='line_1_16' title="bbox 527 2221 2228 2290; baseline -0.001 -17"><span class='ocrx_word' id='word_1_183' title='bbox 527 2221 724 2273; x_wconf 75' lang='lat' dir='ltr'><strong>aecclesiarum</strong></span> <span class='ocrx_word' id='word_1_184' title='bbox 751 2224 894 2274; x_wconf 88' lang='lat' dir='ltr'><strong>ditatione.</strong></span> <span class='ocrx_word' id='word_1_185' title='bbox 939 2224 1114 2289; x_wconf 84' lang='lat' dir='ltr'><strong>Quapropter</strong></span> <span class='ocrx_word' id='word_1_186' title='bbox 1138 2239 1188 2288; x_wconf 90' lang='lat' dir='ltr'><strong>per</strong></span> <span class='ocrx_word' id='word_1_187' title='bbox 1213 2230 1333 2274; x_wconf 87' lang='lat' dir='ltr'><strong>nostram</strong></span> <span class='ocrx_word' id='word_1_188' title='bbox 1359 2222 1529 2288; x_wconf 78' lang='lat' dir='ltr'><strong>imperialem</strong></span> <span class='ocrx_word' id='word_1_189' title='bbox 1554 2222 1752 2274; x_wconf 77' lang='lat' dir='ltr'><strong>iuviolabiliter</strong></span> <span class='ocrx_word' id='word_1_190' title='bbox 1777 2225 1943 2289; x_wconf 86' lang='lat' dir='ltr'><strong>precipimus</strong></span> <span class='ocrx_word' id='word_1_191' title='bbox 1968 2226 2127 2290; x_wconf 89' lang='lat' dir='ltr'><strong>potentiam,</strong></span> <span class='ocrx_word' id='word_1_192' title='bbox 2153 2236 2183 2275; x_wconf 91' lang='lat' dir='ltr'><strong>ut</strong></span> <span class='ocrx_word' id='word_1_193' title='bbox 2203 2232 2228 2271; x_wconf 77' lang='lat' dir='ltr'><strong>st</strong></span> 
     </span>
     <span class='ocr_line' id='line_1_17' title="bbox 526 2329 2181 2398; baseline 0.001 -18"><span class='ocrx_word' id='word_1_194' title='bbox 526 2331 607 2380; x_wconf 90' lang='lat' dir='ltr'><strong>nobis</strong></span> <span class='ocrx_word' id='word_1_195' title='bbox 626 2332 654 2381; x_wconf 92' lang='lat' dir='ltr'><strong>in</strong></span> <span class='ocrx_word' id='word_1_196' title='bbox 674 2330 726 2380; x_wconf 89' lang='lat' dir='ltr'><strong>deo</strong></span> <span class='ocrx_word' id='word_1_197' title='bbox 746 2329 864 2380; x_wconf 87' lang='lat' dir='ltr'><strong>dilectus</strong></span> <span class='ocrx_word' id='word_1_198' title='bbox 883 2330 1057 2381; x_wconf 81' lang='lat' dir='ltr'><strong>Eberhardus</strong></span> <span class='ocrx_word' id='word_1_199' title='bbox 1076 2331 1180 2396; x_wconf 87' lang='lat' dir='ltr'><strong>primns</strong></span> <span class='ocrx_word' id='word_1_200' title='bbox 1200 2331 1340 2397; x_wconf 73' lang='lat' dir='ltr'><strong>praedicte</strong></span> <span class='ocrx_word' id='word_1_201' title='bbox 1365 2330 1439 2381; x_wconf 87' lang='lat' dir='ltr'><strong>sedis</strong></span> <span class='ocrx_word' id='word_1_202' title='bbox 1467 2333 1612 2397; x_wconf 88' lang='lat' dir='ltr'><strong>episcopus</strong></span> <span class='ocrx_word' id='word_1_203' title='bbox 1639 2329 1752 2381; x_wconf 87' lang='lat' dir='ltr'><strong>liberam</strong></span> <span class='ocrx_word' id='word_1_204' title='bbox 1776 2331 1875 2381; x_wconf 88' lang='lat' dir='ltr'><strong>dehinc</strong></span> <span class='ocrx_word' id='word_1_205' title='bbox 1900 2331 2000 2382; x_wconf 77' lang='lat' dir='ltr'><strong>babeat</strong></span> <span class='ocrx_word' id='word_1_206' title='bbox 2018 2338 2181 2398; x_wconf 82' lang='lat' dir='ltr'><strong>potestatem</strong></span> 
     </span>
     <span class='ocr_line' id='line_1_18' title="bbox 527 2436 2182 2503; baseline 0.001 -16"><span class='ocrx_word' id='word_1_207' title='bbox 527 2438 641 2502; x_wconf 89' lang='lat' dir='ltr'><strong>eiusque</strong></span> <span class='ocrx_word' id='word_1_208' title='bbox 667 2452 841 2487; x_wconf 87' lang='lat' dir='ltr'><strong>successores</strong></span> <span class='ocrx_word' id='word_1_209' title='bbox 867 2438 1003 2503; x_wconf 83' lang='lat' dir='ltr'><strong>prelatum</strong></span> <span class='ocrx_word' id='word_1_210' title='bbox 1029 2436 1154 2503; x_wconf 89' lang='lat' dir='ltr'><strong>predium</strong></span> <span class='ocrx_word' id='word_1_211' title='bbox 1180 2437 1293 2487; x_wconf 89' lang='lat' dir='ltr'><strong>tenendi</strong></span> <span class='ocrx_word' id='word_1_212' title='bbox 1318 2437 1478 2503; x_wconf 88' lang='lat' dir='ltr'><strong>possidendi</strong></span> <span class='ocrx_word' id='word_1_213' title='bbox 1505 2439 1691 2488; x_wconf 88' lang='lat' dir='ltr'><strong>commutandi</strong></span> <span class='ocrx_word' id='word_1_214' title='bbox 1717 2453 1766 2488; x_wconf 91' lang='lat' dir='ltr'><strong>seu</strong></span> <span class='ocrx_word' id='word_1_215' title='bbox 1786 2439 1917 2502; x_wconf 89' lang='lat' dir='ltr'><strong>quicquid</strong></span> <span class='ocrx_word' id='word_1_216' title='bbox 1936 2439 1988 2488; x_wconf 91' lang='lat' dir='ltr'><strong>sibi</strong></span> <span class='ocrx_word' id='word_1_217' title='bbox 2008 2437 2076 2489; x_wconf 90' lang='lat' dir='ltr'><strong>libet</strong></span> <span class='ocrx_word' id='word_1_218' title='bbox 2094 2439 2182 2489; x_wconf 88' lang='lat' dir='ltr'><strong>modis</strong></span> 
     </span>
     <span class='ocr_line' id='line_1_19' title="bbox 527 2543 2183 2609; baseline 0.002 -16"><span class='ocrx_word' id='word_1_219' title='bbox 527 2544 653 2594; x_wconf 88' lang='lat' dir='ltr'><strong>omnibus</strong></span> <span class='ocrx_word' id='word_1_220' title='bbox 673 2545 701 2593; x_wconf 93' lang='lat' dir='ltr'><strong>in</strong></span> <span class='ocrx_word' id='word_1_221' title='bbox 721 2560 799 2593; x_wconf 90' lang='lat' dir='ltr'><strong>usum</strong></span> <span class='ocrx_word' id='word_1_222' title='bbox 819 2544 996 2609; x_wconf 87' lang='lat' dir='ltr'><strong>episcopatus</strong></span> <span class='ocrx_word' id='word_1_223' title='bbox 1014 2544 1078 2594; x_wconf 90' lang='lat' dir='ltr'><strong>inde</strong></span> <span class='ocrx_word' id='word_1_224' title='bbox 1097 2543 1224 2594; x_wconf 75' lang='lat' dir='ltr'><strong>faciendi.</strong></span> <span class='ocrx_word' id='word_1_225' title='bbox 1262 2545 1300 2594; x_wconf 86' lang='lat' dir='ltr'><strong>L&#39;t</strong></span> <span class='ocrx_word' id='word_1_226' title='bbox 1325 2545 1410 2609; x_wconf 78' lang='lat' dir='ltr'><strong>igitur</strong></span> <span class='ocrx_word' id='word_1_227' title='bbox 1435 2545 1503 2594; x_wconf 85' lang='lat' dir='ltr'><strong>baec</strong></span> <span class='ocrx_word' id='word_1_228' title='bbox 1530 2552 1640 2594; x_wconf 89' lang='lat' dir='ltr'><strong>nostrae</strong></span> <span class='ocrx_word' id='word_1_229' title='bbox 1667 2544 1825 2595; x_wconf 87' lang='lat' dir='ltr'><strong>donationis</strong></span> <span class='ocrx_word' id='word_1_230' title='bbox 1845 2544 2032 2596; x_wconf 81' lang='lat' dir='ltr'><strong>munificentia</strong></span> <span class='ocrx_word' id='word_1_231' title='bbox 2056 2561 2129 2596; x_wconf 85' lang='lat' dir='ltr'><strong>nunc</strong></span> <span class='ocrx_word' id='word_1_232' title='bbox 2154 2554 2183 2596; x_wconf 86' lang='lat' dir='ltr'><strong>et</strong></span> 
     </span>
     <span class='ocr_line' id='line_1_20' title="bbox 526 2649 2181 2718; baseline 0.001 -17"><span class='ocrx_word' id='word_1_233' title='bbox 526 2652 555 2701; x_wconf 91' lang='lat' dir='ltr'><strong>in</strong></span> <span class='ocrx_word' id='word_1_234' title='bbox 574 2658 713 2716; x_wconf 86' lang='lat' dir='ltr'><strong>posterum</strong></span> <span class='ocrx_word' id='word_1_235' title='bbox 732 2651 838 2701; x_wconf 87' lang='lat' dir='ltr'><strong>stabilis</strong></span> <span class='ocrx_word' id='word_1_236' title='bbox 858 2658 885 2701; x_wconf 91' lang='lat' dir='ltr'><strong>et</strong></span> <span class='ocrx_word' id='word_1_237' title='bbox 904 2649 1066 2701; x_wconf 85' lang='lat' dir='ltr'><strong>inconvulsa</strong></span> <span class='ocrx_word' id='word_1_238' title='bbox 1091 2656 1257 2716; x_wconf 84' lang='lat' dir='ltr'><strong>permaneat,</strong></span> <span class='ocrx_word' id='word_1_239' title='bbox 1282 2650 1334 2700; x_wconf 86' lang='lat' dir='ltr'><strong>hoc</strong></span> <span class='ocrx_word' id='word_1_240' title='bbox 1360 2657 1519 2716; x_wconf 88' lang='lat' dir='ltr'><strong>preceptum</strong></span> <span class='ocrx_word' id='word_1_241' title='bbox 1545 2652 1608 2701; x_wconf 88' lang='lat' dir='ltr'><strong>inde</strong></span> <span class='ocrx_word' id='word_1_242' title='bbox 1634 2653 1820 2716; x_wconf 89' lang='lat' dir='ltr'><strong>conscriptum</strong></span> <span class='ocrx_word' id='word_1_243' title='bbox 1846 2668 1928 2701; x_wconf 85' lang='lat' dir='ltr'><strong>manu</strong></span> <span class='ocrx_word' id='word_1_244' title='bbox 1954 2654 2065 2718; x_wconf 85' lang='lat' dir='ltr'><strong>propria</strong></span> <span class='ocrx_word' id='word_1_245' title='bbox 2091 2669 2181 2703; x_wconf 88' lang='lat' dir='ltr'><strong>corro-</strong></span> 
     </span>
    </p>
   </div>
   <div class='ocr_carea' id='block_1_4' title="bbox 527 2756 2227 3109">
    <p class='ocr_par' dir='ltr' id='par_1_4' title="bbox 527 2756 2227 3109">
     <span class='ocr_line' id='line_1_21' title="bbox 527 2756 2227 2823; baseline 0 -16"><span class='ocrx_word' id='word_1_246' title='bbox 527 2759 656 2808; x_wconf 84' lang='lat' dir='ltr'><strong>borantes</strong></span> <span class='ocrx_word' id='word_1_247' title='bbox 675 2756 759 2823; x_wconf 78' lang='lat' dir='ltr'><strong>sigilli</strong></span> <span class='ocrx_word' id='word_1_248' title='bbox 779 2759 864 2807; x_wconf 88' lang='lat' dir='ltr'><strong>nostri</strong></span> <span class='ocrx_word' id='word_1_249' title='bbox 883 2760 1012 2808; x_wconf 85' lang='lat' dir='ltr'><strong>iussimus</strong></span> <span class='ocrx_word' id='word_1_250' title='bbox 1032 2758 1211 2823; x_wconf 90' lang='lat' dir='ltr'><strong>impressione</strong></span> <span class='ocrx_word' id='word_1_251' title='bbox 1232 2758 1366 2822; x_wconf 83' lang='lat' dir='ltr'><strong>insigniri.</strong></span> <span class='ocrx_word' id='word_1_252' title='bbox 2200 2768 2227 2807; x_wconf 76' lang='lat' dir='ltr'><strong>tc</strong></span> 
     </span>
     <span class='ocr_line' id='line_1_22' title="bbox 633 2875 1994 2967; baseline 0 -26"><span class='ocrx_word' id='word_1_253' title='bbox 633 2875 651 2965; x_wconf 62' lang='grc' dir='ltr'>ξ</span> <span class='ocrx_word' id='word_1_254' title='bbox 674 2875 810 2962; x_wconf 87' lang='lat' dir='ltr'><strong>Signum</strong></span> <span class='ocrx_word' id='word_1_255' title='bbox 833 2878 1040 2941; x_wconf 84' lang='lat' dir='ltr'><strong>invictissimi</strong></span> <span class='ocrx_word' id='word_1_256' title='bbox 1063 2876 1212 2940; x_wconf 86' lang='lat' dir='ltr'><strong>Heinrici</strong></span> <span class='ocrx_word' id='word_1_257' title='bbox 1234 2876 1318 2964; x_wconf 63' lang='lat' dir='ltr'><strong>(illd</strong></span> <span class='ocrx_word' id='word_1_258' title='bbox 1342 2877 1562 2941; x_wconf 86' lang='lat' dir='ltr'><strong>Romanorum</strong></span> <span class='ocrx_word' id='word_1_259' title='bbox 1586 2878 1792 2963; x_wconf 84' lang='lat' dir='ltr'><strong>imperatoris</strong></span> <span class='ocrx_word' id='word_1_260' title='bbox 1816 2876 1994 2967; x_wconf 56' lang='lat' dir='ltr'><strong>augusti}</strong></span> 
     </span>
     <span class='ocr_line' id='line_1_23' title="bbox 635 3017 2137 3109; baseline 0.001 -25"><span class='ocrx_word' id='word_1_261' title='bbox 635 3017 652 3108; x_wconf 62' lang='grc' dir='ltr'><strong>ξ</strong></span> <span class='ocrx_word' id='word_1_262' title='bbox 677 3018 877 3084; x_wconf 84' lang='lat' dir='ltr'><strong>Guntherius</strong></span> <span class='ocrx_word' id='word_1_263' title='bbox 901 3018 1116 3084; x_wconf 79' lang='lat' dir='ltr'><strong>cancellarius</strong></span> <span class='ocrx_word' id='word_1_264' title='bbox 1140 3019 1183 3083; x_wconf 88' lang='lat' dir='ltr'><strong>ad</strong></span> <span class='ocrx_word' id='word_1_265' title='bbox 1205 3020 1313 3083; x_wconf 83' lang='lat' dir='ltr'><strong>vicem</strong></span> <span class='ocrx_word' id='word_1_266' title='bbox 1331 3017 1487 3083; x_wconf 85' lang='lat' dir='ltr'><strong>Aribonis</strong></span> <span class='ocrx_word' id='word_1_267' title='bbox 1510 3018 1786 3105; x_wconf 81' lang='lat' dir='ltr'><strong>archicappellani</strong></span> <span class='ocrx_word' id='word_1_268' title='bbox 1809 3042 1942 3104; x_wconf 84' lang='lat' dir='ltr'><strong>recogn.</strong></span> <span class='ocrx_word' id='word_1_269' title='bbox 1962 3018 1980 3109; x_wconf 69' lang='lat' dir='ltr'><strong>ll</strong></span> <span class='ocrx_word' id='word_1_270' title='bbox 2024 3024 2080 3109; x_wconf 86' lang='lat' dir='ltr'><strong>(SI.</strong></span> <span class='ocrx_word' id='word_1_271' title='bbox 2095 3022 2137 3107; x_wconf 85' lang='lat'><strong>3.)</strong></span> 
     </span>
    </p>
   </div>
   <div class='ocr_carea' id='block_1_5' title="bbox 529 3150 2224 3452">
    <p class='ocr_par' dir='ltr' id='par_1_5' title="bbox 529 3150 2224 3452">
     <span class='ocr_line' id='line_1_24' title="bbox 636 3150 2181 3246; baseline 0.002 -20"><span class='ocrx_word' id='word_1_272' title='bbox 636 3162 726 3226; x_wconf 87' lang='lat' dir='ltr'><strong>Data</strong></span> <span class='ocrx_word' id='word_1_273' title='bbox 749 3162 809 3226; x_wconf 67' lang='lat' dir='ltr'><strong>ide</strong></span> <span class='ocrx_word' id='word_1_274' title='bbox 833 3161 985 3227; x_wconf 88' lang='lat' dir='ltr'><strong>novemb.</strong></span> <span class='ocrx_word' id='word_1_275' title='bbox 1009 3161 1243 3243; x_wconf 64' lang='lat' dir='ltr'><strong>indictionem</strong></span> <span class='ocrx_word' id='word_1_276' title='bbox 1275 3184 1360 3226; x_wconf 92' lang='lat' dir='ltr'><strong>anno</strong></span> <span class='ocrx_word' id='word_1_277' title='bbox 1391 3161 1574 3227; x_wconf 82' lang='lat' dir='ltr'><strong>dominicae</strong></span> <span class='ocrx_word' id='word_1_278' title='bbox 1604 3164 1836 3228; x_wconf 88' lang='lat' dir='ltr'><strong>incarnationis</strong></span> <span class='ocrx_word' id='word_1_279' title='bbox 1857 3150 1957 3246; x_wconf 60' lang='lat' dir='ltr'><strong>ciffi,</strong></span> <span class='ocrx_word' id='word_1_280' title='bbox 1987 3174 2072 3230; x_wconf 83' lang='lat' dir='ltr'><strong>auno</strong></span> <span class='ocrx_word' id='word_1_281' title='bbox 2102 3188 2181 3229; x_wconf 79' lang='lat' dir='ltr'><strong>vero</strong></span> 
     </span>
     <span class='ocr_line' id='line_1_25' title="bbox 529 3254 2181 3361; baseline 0.001 -27"><span class='ocrx_word' id='word_1_282' title='bbox 529 3269 641 3334; x_wconf 90' lang='lat' dir='ltr'><strong>domni</strong></span> <span class='ocrx_word' id='word_1_283' title='bbox 664 3269 814 3334; x_wconf 89' lang='lat' dir='ltr'><strong>Heinrici</strong></span> <span class='ocrx_word' id='word_1_284' title='bbox 837 3269 973 3334; x_wconf 88' lang='lat' dir='ltr'><strong>secundi</strong></span> <span class='ocrx_word' id='word_1_285' title='bbox 997 3270 1164 3355; x_wconf 82' lang='lat' dir='ltr'><strong>regnantis</strong></span> <span class='ocrx_word' id='word_1_286' title='bbox 1183 3254 1239 3351; x_wconf 67' lang='lat' dir='ltr'><strong>xli,</strong></span> <span class='ocrx_word' id='word_1_287' title='bbox 1264 3270 1391 3355; x_wconf 88' lang='lat' dir='ltr'><strong>imperii</strong></span> <span class='ocrx_word' id='word_1_288' title='bbox 1415 3284 1523 3335; x_wconf 87' lang='lat' dir='ltr'><strong>autem</strong></span> <span class='ocrx_word' id='word_1_289' title='bbox 1542 3259 1609 3353; x_wconf 67' lang='lat' dir='ltr'><strong>t⁹113</strong></span> <span class='ocrx_word' id='word_1_290' title='bbox 1635 3280 1743 3335; x_wconf 89' lang='lat' dir='ltr'><strong>actum</strong></span> <span class='ocrx_word' id='word_1_291' title='bbox 1766 3270 1969 3361; x_wconf 62' lang='lat' dir='ltr'><strong>{Augustae</strong></span> <span class='ocrx_word' id='word_1_292' title='bbox 1984 3271 2015 3361; x_wconf 61' lang='grc' dir='ltr'><strong>ξς</strong></span> <span class='ocrx_word' id='word_1_293' title='bbox 2043 3272 2181 3337; x_wconf 85' lang='lat' dir='ltr'><strong>feliciter</strong></span> 
     </span>
     <span class='ocr_line' id='line_1_26' title="bbox 530 3387 2224 3452; baseline 0 -11"><span class='ocrx_word' id='word_1_294' title='bbox 530 3399 625 3441; x_wconf 89' lang='lat' dir='ltr'><strong>amen</strong></span> <span class='ocrx_word' id='word_1_295' title='bbox 634 3387 659 3439; x_wconf 80' lang='lat'><strong>⁰.</strong></span> <span class='ocrx_word' id='word_1_296' title='bbox 2198 3413 2224 3452; x_wconf 57' lang='lat' dir='ltr'><strong>‚a</strong></span> 
     </span>
    </p>
   </div>
   <div class='ocr_carea' id='block_1_6' title="bbox 527 3598 2181 3979">
    <p class='ocr_par' dir='ltr' id='par_1_6' title="bbox 527 3598 2181 3979">
     <span class='ocr_line' id='line_1_27' title="bbox 1308 3598 1402 3684; baseline 0.011 -1"><span class='ocrx_word' id='word_1_297' title='bbox 1308 3598 1402 3684; x_wconf 76' lang='lat'><strong>458.</strong></span> 
     </span>
     <span class='ocr_line' id='line_1_28' title="bbox 532 3758 2181 3862; baseline 0.003 -31"><span class='ocrx_word' id='word_1_298' title='bbox 532 3759 711 3832; x_wconf 68' lang='lat' dir='ltr'><strong>Heinrich</strong></span> <span class='ocrx_word' id='word_1_299' title='bbox 748 3758 894 3832; x_wconf 76' lang='lat' dir='ltr'><strong>scheult</strong></span> <span class='ocrx_word' id='word_1_300' title='bbox 931 3759 997 3832; x_wconf 81' lang='lat' dir='ltr'><strong>der</strong></span> <span class='ocrx_word' id='word_1_301' title='bbox 1036 3759 1288 3857; x_wconf 74' lang='lat' dir='ltr'><strong>bisclroflicbeo</strong></span> <span class='ocrx_word' id='word_1_302' title='bbox 1315 3760 1454 3833; x_wconf 71' lang='lat' dir='ltr'><strong>Kirclte</strong></span> <span class='ocrx_word' id='word_1_303' title='bbox 1492 3788 1536 3835; x_wconf 85' lang='lat' dir='ltr'><strong>za</strong></span> <span class='ocrx_word' id='word_1_304' title='bbox 1570 3761 1754 3859; x_wconf 70' lang='lat' dir='ltr'><strong>Banaberq</strong></span> <span class='ocrx_word' id='word_1_305' title='bbox 1794 3762 1853 3835; x_wconf 78' lang='lat' dir='ltr'><strong>die</strong></span> <span class='ocrx_word' id='word_1_306' title='bbox 1889 3788 1934 3836; x_wconf 83' lang='lat' dir='ltr'><strong>zu</strong></span> <span class='ocrx_word' id='word_1_307' title='bbox 1972 3762 2051 3837; x_wconf 83' lang='lat' dir='ltr'><strong>dem</strong></span> <span class='ocrx_word' id='word_1_308' title='bbox 2091 3762 2181 3862; x_wconf 91' lang='lat' dir='ltr'><strong>Hof</strong></span> 
     </span>
     <span class='ocr_line' id='line_1_29' title="bbox 527 3877 1893 3979; baseline 0.001 -27"><span class='ocrx_word' id='word_1_309' title='bbox 527 3878 859 3978; x_wconf 67' lang='lat' dir='ltr'><strong>Hmzopeuouraeb</strong></span> <span class='ocrx_word' id='word_1_310' title='bbox 882 3879 1077 3979; x_wconf 69' lang='lat' dir='ltr'><strong>peledripce</strong></span> <span class='ocrx_word' id='word_1_311' title='bbox 1106 3877 1231 3969; x_wconf 73' lang='lat' dir='ltr'><strong>Giiter,</strong></span> <span class='ocrx_word' id='word_1_312' title='bbox 1259 3879 1318 3953; x_wconf 79' lang='lat' dir='ltr'><strong>(lie</strong></span> <span class='ocrx_word' id='word_1_313' title='bbox 1343 3880 1393 3952; x_wconf 82' lang='lat' dir='ltr'><strong>im</strong></span> <span class='ocrx_word' id='word_1_314' title='bbox 1419 3879 1603 3979; x_wconf 74' lang='lat' dir='ltr'><strong>Nordpou</strong></span> <span class='ocrx_word' id='word_1_315' title='bbox 1629 3880 1772 3979; x_wconf 76' lang='lat' dir='ltr'><strong>belepeu</strong></span> <span class='ocrx_word' id='word_1_316' title='bbox 1798 3881 1893 3954; x_wconf 82' lang='lat' dir='ltr'><strong>siud.</strong></span> 
     </span>
    </p>
   </div>
   <div class='ocr_carea' id='block_1_7' title="bbox 636 4028 2223 4262">
    <p class='ocr_par' dir='ltr' id='par_1_7' title="bbox 636 4028 2223 4262">
     <span class='ocr_line' id='line_1_30' title="bbox 1631 4028 2133 4102; baseline 0.006 -17"><span class='ocrx_word' id='word_1_317' title='bbox 1631 4028 1781 4102; x_wconf 73' lang='lat' dir='ltr'><strong>Aerpsburp</strong></span> <span class='ocrx_word' id='word_1_318' title='bbox 1804 4030 1882 4088; x_wconf 84' lang='lat'><strong><em>1021</em></strong></span> <span class='ocrx_word' id='word_1_319' title='bbox 1905 4029 2065 4088; x_wconf 66' lang='lat' dir='ltr'><strong>Notescet</strong></span> <span class='ocrx_word' id='word_1_320' title='bbox 2088 4032 2133 4088; x_wconf 88' lang='grc'><strong>13.</strong></span> 
     </span>
     <span class='ocr_line' id='line_1_31' title="bbox 636 4185 2223 4262; baseline -0.001 -16"><span class='ocrx_word' id='word_1_321' title='bbox 636 4186 882 4262; x_wconf 72' lang='lat' dir='ltr'><strong>Oripimldiplon</strong></span> <span class='ocrx_word' id='word_1_322' title='bbox 904 4187 945 4244; x_wconf 82' lang='lat' dir='ltr'><strong>im</strong></span> <span class='ocrx_word' id='word_1_323' title='bbox 968 4186 996 4244; x_wconf 78' lang='lat' dir='ltr'><strong>lc.</strong></span> <span class='ocrx_word' id='word_1_324' title='bbox 1014 4185 1221 4245; x_wconf 74' lang='lat' dir='ltr'><strong>Reiclssurclic</strong></span> <span class='ocrx_word' id='word_1_325' title='bbox 1243 4205 1277 4244; x_wconf 82' lang='lat' dir='ltr'><strong>zu</strong></span> <span class='ocrx_word' id='word_1_326' title='bbox 1300 4186 1441 4245; x_wconf 78' lang='lat' dir='ltr'><strong>Miiuclrea</strong></span> <span class='ocrx_word' id='word_1_327' title='bbox 1467 4188 1539 4253; x_wconf 79' lang='lat' dir='ltr'><strong><em>(A).</em></strong></span> <span class='ocrx_word' id='word_1_328' title='bbox 2196 4213 2223 4253; x_wconf 68' lang='grc' dir='ltr'><strong><em>ω</em></strong></span> 
     </span>
    </p>
   </div>
   <div class='ocr_carea' id='block_1_8' title="bbox 634 4328 2177 4723">
    <p class='ocr_par' dir='ltr' id='par_1_8' title="bbox 634 4328 2177 4723">
     <span class='ocr_line' id='line_1_32' title="bbox 635 4328 2176 4407; baseline 0.003 -20"><span class='ocrx_word' id='word_1_329' title='bbox 635 4328 813 4387; x_wconf 80' lang='lat' dir='ltr'><strong>Gescbicbts·</strong></span> <span class='ocrx_word' id='word_1_330' title='bbox 843 4328 902 4387; x_wconf 73' lang='lat' dir='ltr'><strong>arrd</strong></span> <span class='ocrx_word' id='word_1_331' title='bbox 931 4328 1194 4402; x_wconf 75' lang='lat' dir='ltr'><strong>recitaverldssiper</strong></span> <span class='ocrx_word' id='word_1_332' title='bbox 1220 4328 1384 4388; x_wconf 74' lang='lat' dir='ltr'><strong>L&#39;nterricbt</strong></span> <span class='ocrx_word' id='word_1_333' title='bbox 1407 4331 1466 4389; x_wconf 84' lang='lat'><strong>130</strong></span> <span class='ocrx_word' id='word_1_334' title='bbox 1488 4330 1535 4388; x_wconf 85' lang='lat' dir='ltr'><strong>cit.</strong></span> <span class='ocrx_word' id='word_1_335' title='bbox 1560 4359 1605 4367; x_wconf 94' lang='lat'><strong>—</strong></span> <span class='ocrx_word' id='word_1_336' title='bbox 1626 4330 1793 4405; x_wconf 76' lang='lat' dir='ltr'><strong>Hepberper</strong></span> <span class='ocrx_word' id='word_1_337' title='bbox 1815 4330 2028 4407; x_wconf 79' lang='lat' dir='ltr'><strong>chuopropbio</strong></span> <span class='ocrx_word' id='word_1_338' title='bbox 2050 4333 2176 4392; x_wconf 85' lang='lat' dir='ltr'><strong>Bubeab.</strong></span> 
     </span>
     <span class='ocr_line' id='line_1_33' title="bbox 635 4434 2176 4509; baseline 0.003 -15"><span class='ocrx_word' id='word_1_339' title='bbox 635 4437 663 4506; x_wconf 85' lang='lat'><strong>1,</strong></span> <span class='ocrx_word' id='word_1_340' title='bbox 683 4438 739 4494; x_wconf 84' lang='lat'><strong>129</strong></span> <span class='ocrx_word' id='word_1_341' title='bbox 761 4436 850 4495; x_wconf 70' lang='lat' dir='ltr'><strong>Rstr.</strong></span> <span class='ocrx_word' id='word_1_342' title='bbox 875 4453 928 4493; x_wconf 84' lang='lat' dir='ltr'><strong>eus</strong></span> <span class='ocrx_word' id='word_1_343' title='bbox 950 4434 1051 4494; x_wconf 61' lang='grc'><strong>,1.-</strong></span> <span class='ocrx_word' id='word_1_344' title='bbox 1076 4435 1271 4509; x_wconf 76' lang='lat' dir='ltr'><strong>(Heyberpcr)</strong></span> <span class='ocrx_word' id='word_1_345' title='bbox 1295 4435 1515 4505; x_wconf 73' lang='lat' dir='ltr'><strong>Laridesbobeii,</strong></span> <span class='ocrx_word' id='word_1_346' title='bbox 1533 4436 1619 4509; x_wconf 79' lang='lat' dir='ltr'><strong>prob.</strong></span> <span class='ocrx_word' id='word_1_347' title='bbox 1645 4439 1676 4494; x_wconf 86' lang='lat' dir='ltr'><strong>u⁰</strong></span> <span class='ocrx_word' id='word_1_348' title='bbox 1690 4440 1733 4496; x_wconf 81' lang='lat'><strong>20</strong></span> <span class='ocrx_word' id='word_1_349' title='bbox 1755 4456 1809 4496; x_wconf 82' lang='lat' dir='ltr'><strong>aas</strong></span> <span class='ocrx_word' id='word_1_350' title='bbox 1831 4440 1857 4496; x_wconf 75' lang='lat' dir='ltr'><em>A</em></span> <span class='ocrx_word' id='word_1_351' title='bbox 1881 4460 1923 4485; x_wconf 91' lang='lat'>=</span> <span class='ocrx_word' id='word_1_352' title='bbox 1947 4437 2075 4499; x_wconf 67' lang='lat' dir='ltr'><strong>Schultess</strong></span> <span class='ocrx_word' id='word_1_353' title='bbox 2097 4439 2176 4499; x_wconf 77' lang='lat' dir='ltr'><strong>ffm.</strong></span> 
     </span>
     <span class='ocr_line' id='line_1_34' title="bbox 634 4541 2177 4621; baseline 0.003 -20"><span class='ocrx_word' id='word_1_354' title='bbox 634 4541 783 4614; x_wconf 71' lang='lat' dir='ltr'><strong>Schriften</strong></span> <span class='ocrx_word' id='word_1_355' title='bbox 805 4543 847 4600; x_wconf 83' lang='lat'><strong>27</strong></span> <span class='ocrx_word' id='word_1_356' title='bbox 869 4544 902 4601; x_wconf 74' lang='lat'><strong>71⁰</strong></span> <span class='ocrx_word' id='word_1_357' title='bbox 916 4544 945 4600; x_wconf 83' lang='lat'><strong>5.</strong></span> <span class='ocrx_word' id='word_1_358' title='bbox 970 4571 1014 4580; x_wconf 93' lang='grc'>-</span> <span class='ocrx_word' id='word_1_359' title='bbox 1042 4542 1123 4600; x_wconf 76' lang='lat' dir='ltr'><strong>Mon.</strong></span> <span class='ocrx_word' id='word_1_360' title='bbox 1147 4542 1240 4600; x_wconf 79' lang='lat' dir='ltr'><strong>Beira</strong></span> <span class='ocrx_word' id='word_1_361' title='bbox 1263 4545 1335 4612; x_wconf 79' lang='lat'><strong>28⁰,</strong></span> <span class='ocrx_word' id='word_1_362' title='bbox 1355 4543 1415 4601; x_wconf 73' lang='lat'><strong>504</strong></span> <span class='ocrx_word' id='word_1_363' title='bbox 1443 4545 1475 4600; x_wconf 84' lang='lat' dir='ltr'><strong>u⁰</strong></span> <span class='ocrx_word' id='word_1_364' title='bbox 1490 4544 1547 4601; x_wconf 81' lang='lat'><strong>311</strong></span> <span class='ocrx_word' id='word_1_365' title='bbox 1576 4561 1629 4601; x_wconf 76' lang='lat' dir='ltr'><strong>uus</strong></span> <span class='ocrx_word' id='word_1_366' title='bbox 1651 4544 1687 4602; x_wconf 73' lang='lat' dir='ltr'><strong>el.</strong></span> <span class='ocrx_word' id='word_1_367' title='bbox 1712 4573 1756 4582; x_wconf 88' lang='lat'><strong>—</strong></span> <span class='ocrx_word' id='word_1_368' title='bbox 1783 4544 1910 4604; x_wconf 77' lang='lat' dir='ltr'><strong>Bdlmer</strong></span> <span class='ocrx_word' id='word_1_369' title='bbox 1932 4544 2004 4621; x_wconf 76' lang='lat' dir='ltr'><strong>Rep.</strong></span> <span class='ocrx_word' id='word_1_370' title='bbox 2022 4548 2111 4606; x_wconf 78' lang='lat'><strong><em>1218.</em></strong></span> <span class='ocrx_word' id='word_1_371' title='bbox 2135 4576 2177 4585; x_wconf 90' lang='lat'><em>-</em></span> 
     </span>
     <span class='ocr_line' id='line_1_35' title="bbox 635 4648 950 4723; baseline -0.006 -15"><span class='ocrx_word' id='word_1_372' title='bbox 635 4648 758 4723; x_wconf 67' lang='lat' dir='ltr'><strong>Slumps</strong></span> <span class='ocrx_word' id='word_1_373' title='bbox 774 4648 845 4723; x_wconf 80' lang='lat' dir='ltr'><strong>Rep.</strong></span> <span class='ocrx_word' id='word_1_374' title='bbox 866 4650 950 4707; x_wconf 83' lang='lat'><strong><em>1773.</em></strong></span> 
     </span>
    </p>
   </div>
   <div class='ocr_carea' id='block_1_9' title="bbox 633 4791 2220 5079">
    <p class='ocr_par' dir='ltr' id='par_1_9' title="bbox 633 4791 2220 5079">
     <span class='ocr_line' id='line_1_36' title="bbox 639 4791 2220 4867; baseline 0.004 -18"><span class='ocrx_word' id='word_1_375' title='bbox 639 4793 699 4867; x_wconf 76' lang='lat' dir='ltr'><strong>Vpl.</strong></span> <span class='ocrx_word' id='word_1_376' title='bbox 719 4793 766 4851; x_wconf 81' lang='lat' dir='ltr'><strong>die</strong></span> <span class='ocrx_word' id='word_1_377' title='bbox 786 4792 1012 4867; x_wconf 78' lang='lat' dir='ltr'><strong>Vorbcmerlunp</strong></span> <span class='ocrx_word' id='word_1_378' title='bbox 1034 4811 1069 4851; x_wconf 82' lang='lat' dir='ltr'><strong>zu</strong></span> <span class='ocrx_word' id='word_1_379' title='bbox 1087 4791 1128 4851; x_wconf 90' lang='lat' dir='ltr'><strong>D.</strong></span> <span class='ocrx_word' id='word_1_380' title='bbox 1144 4793 1205 4851; x_wconf 72' lang='lat'><strong>456</strong></span> <span class='ocrx_word' id='word_1_381' title='bbox 1228 4793 1286 4851; x_wconf 84' lang='lat' dir='ltr'><strong>uod</strong></span> <span class='ocrx_word' id='word_1_382' title='bbox 1305 4793 1415 4851; x_wconf 80' lang='lat' dir='ltr'><strong>Hirscb</strong></span> <span class='ocrx_word' id='word_1_383' title='bbox 1433 4793 1539 4853; x_wconf 67' lang='lat' dir='ltr'><strong>Jahrb.</strong></span> <span class='ocrx_word' id='word_1_384' title='bbox 1561 4795 1645 4864; x_wconf 87' lang='lat'><strong>1,10</strong></span> <span class='ocrx_word' id='word_1_385' title='bbox 1667 4793 1707 4852; x_wconf 83' lang='lat' dir='ltr'><strong>N.</strong></span> <span class='ocrx_word' id='word_1_386' title='bbox 1724 4796 1746 4852; x_wconf 81' lang='lat'><strong><em>2</em></strong></span> <span class='ocrx_word' id='word_1_387' title='bbox 1770 4794 1827 4860; x_wconf 82' lang='lat' dir='ltr'><strong>(wo</strong></span> <span class='ocrx_word' id='word_1_388' title='bbox 1850 4795 1919 4853; x_wconf 80' lang='lat' dir='ltr'><strong>eber</strong></span> <span class='ocrx_word' id='word_1_389' title='bbox 1940 4795 1988 4854; x_wconf 76' lang='lat' dir='ltr'><strong>die</strong></span> <span class='ocrx_word' id='word_1_390' title='bbox 2008 4794 2177 4855; x_wconf 69' lang='lat' dir='ltr'><strong>erismae·</strong></span> <span class='ocrx_word' id='word_1_391' title='bbox 2194 4816 2220 4858; x_wconf 85' lang='lat' dir='ltr'><strong>ss</strong></span> 
     </span>
     <span class='ocr_line' id='line_1_37' title="bbox 635 4899 2176 4975; baseline 0.003 -17"><span class='ocrx_word' id='word_1_392' title='bbox 635 4900 712 4958; x_wconf 71' lang='lat' dir='ltr'><strong>nield</strong></span> <span class='ocrx_word' id='word_1_393' title='bbox 739 4917 812 4974; x_wconf 74' lang='lat' dir='ltr'><strong>puae</strong></span> <span class='ocrx_word' id='word_1_394' title='bbox 840 4899 946 4973; x_wconf 78' lang='lat' dir='ltr'><strong>ricllip</strong></span> <span class='ocrx_word' id='word_1_395' title='bbox 974 4900 1129 4975; x_wconf 78' lang='lat' dir='ltr'><strong>onpepebea</strong></span> <span class='ocrx_word' id='word_1_396' title='bbox 1158 4899 1240 4972; x_wconf 63' lang='lat' dir='ltr'><strong>aad,</strong></span> <span class='ocrx_word' id='word_1_397' title='bbox 1268 4900 1315 4958; x_wconf 82' lang='lat' dir='ltr'><strong>die</strong></span> <span class='ocrx_word' id='word_1_398' title='bbox 1343 4900 1472 4974; x_wconf 72' lang='lat' dir='ltr'><strong>losiipeu</strong></span> <span class='ocrx_word' id='word_1_399' title='bbox 1501 4900 1616 4959; x_wconf 74' lang='lat' dir='ltr'><strong>Nausea</strong></span> <span class='ocrx_word' id='word_1_400' title='bbox 1644 4901 1711 4959; x_wconf 81' lang='lat' dir='ltr'><strong>siud</strong></span> <span class='ocrx_word' id='word_1_401' title='bbox 1736 4899 1914 4972; x_wconf 69' lang='lat' dir='ltr'><strong>Gadadlucb,</strong></span> <span class='ocrx_word' id='word_1_402' title='bbox 1943 4901 2176 4973; x_wconf 57' lang='lat' dir='ltr'><strong>miserisne,</strong></span> 
     </span>
     <span class='ocr_line' id='line_1_38' title="bbox 633 5006 1348 5079; baseline 0 -14"><span class='ocrx_word' id='word_1_403' title='bbox 633 5007 810 5077; x_wconf 74' lang='lat' dir='ltr'><strong>Eliersdors</strong></span> <span class='ocrx_word' id='word_1_404' title='bbox 829 5006 887 5064; x_wconf 73' lang='grc' dir='ltr'><strong>ωιά</strong></span> <span class='ocrx_word' id='word_1_405' title='bbox 909 5006 1127 5079; x_wconf 71' lang='lat' dir='ltr'><strong>Herpersdort)</strong></span> <span class='ocrx_word' id='word_1_406' title='bbox 1151 5006 1210 5065; x_wconf 76' lang='lat' dir='ltr'><strong>unu</strong></span> <span class='ocrx_word' id='word_1_407' title='bbox 1231 5008 1348 5077; x_wconf 54' lang='lat'><strong><em>2126.</em></strong></span> 
     </span>
    </p>
   </div>
   <div class='ocr_carea' id='block_1_10' title="bbox 527 5173 2177 5370">
    <p class='ocr_par' dir='ltr' id='par_1_10' title="bbox 527 5173 2177 5370">
     <span class='ocr_line' id='line_1_39' title="bbox 634 5173 2177 5263; baseline 0.002 -24"><span class='ocrx_word' id='word_1_408' title='bbox 634 5176 691 5261; x_wconf 85' lang='lat' dir='ltr'><strong>(C.)</strong></span> <span class='ocrx_word' id='word_1_409' title='bbox 714 5173 732 5263; x_wconf 56' lang='grc' dir='ltr'><strong>ᾖ</strong></span> <span class='ocrx_word' id='word_1_410' title='bbox 755 5175 794 5239; x_wconf 93' lang='lat' dir='ltr'><strong>In</strong></span> <span class='ocrx_word' id='word_1_411' title='bbox 816 5176 946 5239; x_wconf 90' lang='lat' dir='ltr'><strong>nomine</strong></span> <span class='ocrx_word' id='word_1_412' title='bbox 970 5186 1082 5238; x_wconf 85' lang='lat' dir='ltr'><strong>sancte</strong></span> <span class='ocrx_word' id='word_1_413' title='bbox 1106 5186 1138 5239; x_wconf 88' lang='lat' dir='ltr'><strong>et</strong></span> <span class='ocrx_word' id='word_1_414' title='bbox 1161 5174 1330 5261; x_wconf 75' lang='lat' dir='ltr'><strong>individue</strong></span> <span class='ocrx_word' id='word_1_415' title='bbox 1354 5175 1518 5239; x_wconf 83' lang='lat' dir='ltr'><strong>trinitatis.</strong></span> <span class='ocrx_word' id='word_1_416' title='bbox 1558 5174 1733 5240; x_wconf 87' lang='lat' dir='ltr'><strong>Heinricus</strong></span> <span class='ocrx_word' id='word_1_417' title='bbox 1758 5175 1812 5239; x_wconf 90' lang='lat' dir='ltr'><strong>dei</strong></span> <span class='ocrx_word' id='word_1_418' title='bbox 1835 5177 1942 5262; x_wconf 86' lang='lat' dir='ltr'><strong>gratia</strong></span> <span class='ocrx_word' id='word_1_419' title='bbox 1958 5176 2177 5242; x_wconf 89' lang='lat' dir='ltr'><strong>Romanorum</strong></span> 
     </span>
     <span class='ocr_line' id='line_1_40' title="bbox 527 5280 2177 5370; baseline 0.001 -23"><span class='ocrx_word' id='word_1_420' title='bbox 527 5284 703 5369; x_wconf 84' lang='lat' dir='ltr'><strong>imperator</strong></span> <span class='ocrx_word' id='word_1_421' title='bbox 724 5293 890 5368; x_wconf 87' lang='lat' dir='ltr'><strong>augustus.</strong></span> <span class='ocrx_word' id='word_1_422' title='bbox 991 5281 1102 5345; x_wconf 80' lang='lat' dir='ltr'><strong>Nostri</strong></span> <span class='ocrx_word' id='word_1_423' title='bbox 1126 5293 1348 5346; x_wconf 84' lang='lat' dir='ltr'><strong>antecessores</strong></span> <span class='ocrx_word' id='word_1_424' title='bbox 1372 5293 1488 5368; x_wconf 82' lang='lat' dir='ltr'><strong>reges⁸</strong></span> <span class='ocrx_word' id='word_1_425' title='bbox 1511 5282 1665 5348; x_wconf 81' lang='lat' dir='ltr'><strong>videlicet</strong></span> <span class='ocrx_word' id='word_1_426' title='bbox 1687 5280 1705 5370; x_wconf 58' lang='grc' dir='ltr'>ᾗ</span> <span class='ocrx_word' id='word_1_427' title='bbox 1728 5293 1761 5347; x_wconf 89' lang='lat' dir='ltr'><strong>et</strong></span> <span class='ocrx_word' id='word_1_428' title='bbox 1783 5284 1995 5369; x_wconf 86' lang='lat' dir='ltr'><strong>imperatores</strong></span> <span class='ocrx_word' id='word_1_429' title='bbox 2018 5281 2177 5348; x_wconf 88' lang='lat' dir='ltr'><strong>bonorum</strong></span> 
     </span>
    </p>
   </div>
   <div class='ocr_carea' id='block_1_11' title="bbox 596 5503 2220 5644">
    <p class='ocr_par' dir='ltr' id='par_1_11' title="bbox 596 5503 2220 5644">
     <span class='ocr_line' id='line_1_41' title="bbox 596 5503 2220 5575; baseline -0.002 -16"><span class='ocrx_word' id='word_1_430' title='bbox 596 5503 661 5559; x_wconf 71' lang='lat'><strong>457.</strong></span> <span class='ocrx_word' id='word_1_431' title='bbox 687 5503 832 5573; x_wconf 78' lang='lat' dir='ltr'><strong>[Bresslau]</strong></span> <span class='ocrx_word' id='word_1_432' title='bbox 868 5504 895 5571; x_wconf 82' lang='lat' dir='ltr'><strong>a)</strong></span> <span class='ocrx_word' id='word_1_433' title='bbox 915 5506 939 5554; x_wconf 76' lang='lat' dir='ltr'><em>A</em></span> <span class='ocrx_word' id='word_1_434' title='bbox 995 5504 1023 5557; x_wconf 86' lang='lat' dir='ltr'><strong>bl</strong></span> <span class='ocrx_word' id='word_1_435' title='bbox 1044 5504 1171 5555; x_wconf 82' lang='lat' dir='ltr'><strong>dubinter</strong></span> <span class='ocrx_word' id='word_1_436' title='bbox 1190 5504 1292 5556; x_wconf 77' lang='lat' dir='ltr'><strong>ietcloe</strong></span> <span class='ocrx_word' id='word_1_437' title='bbox 1310 5506 1340 5554; x_wconf 79' lang='lat' dir='ltr'><strong>in</strong></span> <span class='ocrx_word' id='word_1_438' title='bbox 1358 5504 1481 5558; x_wconf 81' lang='lat' dir='ltr'><strong>derVU.</strong></span> <span class='ocrx_word' id='word_1_439' title='bbox 1500 5506 1622 5557; x_wconf 81' lang='lat' dir='ltr'><strong>eteheude</strong></span> <span class='ocrx_word' id='word_1_440' title='bbox 1640 5521 1766 5573; x_wconf 71' lang='lat' dir='ltr'><strong>congugc</strong></span> <span class='ocrx_word' id='word_1_441' title='bbox 1784 5508 1848 5571; x_wconf 73' lang='lat' dir='ltr'><strong>(fiir</strong></span> <span class='ocrx_word' id='word_1_442' title='bbox 1866 5506 2176 5575; x_wconf 55' lang='lat' dir='ltr'><strong>coaugmentatum</strong></span> <span class='ocrx_word' id='word_1_443' title='bbox 2193 5517 2220 5555; x_wconf 76' lang='lat' dir='ltr'><strong>so</strong></span> 
     </span>
     <span class='ocr_line' id='line_1_42' title="bbox 687 5575 2176 5644; baseline 0.001 -16"><span class='ocrx_word' id='word_1_444' title='bbox 687 5578 712 5639; x_wconf 85' lang='lat' dir='ltr'><strong>c)</strong></span> <span class='ocrx_word' id='word_1_445' title='bbox 732 5578 781 5628; x_wconf 82' lang='lat' dir='ltr'><strong>der</strong></span> <span class='ocrx_word' id='word_1_446' title='bbox 801 5578 940 5626; x_wconf 72' lang='lat' dir='ltr'><strong>(ictericiae</strong></span> <span class='ocrx_word' id='word_1_447' title='bbox 959 5575 1177 5626; x_wconf 77' lang='lat' dir='ltr'><strong>wobrscbeiub&#39;ch</strong></span> <span class='ocrx_word' id='word_1_448' title='bbox 1197 5578 1224 5626; x_wconf 81' lang='lat' dir='ltr'><strong>in</strong></span> <span class='ocrx_word' id='word_1_449' title='bbox 1247 5576 1335 5639; x_wconf 65' lang='lat' dir='ltr'><strong>dufer</strong></span> <span class='ocrx_word' id='word_1_450' title='bbox 1352 5577 1485 5639; x_wconf 64' lang='lat' dir='ltr'><strong>celassem</strong></span> <span class='ocrx_word' id='word_1_451' title='bbox 1503 5577 1592 5628; x_wconf 71' lang='lat' dir='ltr'><strong>Laicis</strong></span> <span class='ocrx_word' id='word_1_452' title='bbox 1610 5577 1805 5642; x_wconf 71' lang='lat' dir='ltr'><strong>uucbpetruyea</strong></span> <span class='ocrx_word' id='word_1_453' title='bbox 1884 5576 1914 5644; x_wconf 89' lang='lat' dir='ltr'><strong>d)</strong></span> <span class='ocrx_word' id='word_1_454' title='bbox 1936 5580 1974 5628; x_wconf 75' lang='lat' dir='ltr'><strong>im</strong></span> <span class='ocrx_word' id='word_1_455' title='bbox 1991 5577 2176 5644; x_wconf 70' lang='lat' dir='ltr'><strong>dionopromn</strong></span> 
     </span>
    </p>
   </div>
   <div class='ocr_carea' id='block_1_12' title="bbox 686 5647 2178 5787">
    <p class='ocr_par' dir='ltr' id='par_1_12' title="bbox 686 5647 2178 5787">
     <span class='ocr_line' id='line_1_43' title="bbox 688 5647 2178 5716; baseline 0.003 -18"><span class='ocrx_word' id='word_1_456' title='bbox 688 5651 721 5697; x_wconf 78' lang='lat' dir='ltr'><strong>ist</strong></span> <span class='ocrx_word' id='word_1_457' title='bbox 737 5650 779 5698; x_wconf 82' lang='lat' dir='ltr'><strong>ein</strong></span> <span class='ocrx_word' id='word_1_458' title='bbox 794 5654 878 5698; x_wconf 71' lang='lat' dir='ltr'><strong>crater</strong></span> <span class='ocrx_word' id='word_1_459' title='bbox 894 5650 998 5697; x_wconf 76' lang='lat' dir='ltr'><strong>Ansutz</strong></span> <span class='ocrx_word' id='word_1_460' title='bbox 1012 5664 1074 5697; x_wconf 73' lang='lat' dir='ltr'><strong>erim</strong></span> <span class='ocrx_word' id='word_1_461' title='bbox 1091 5647 1377 5711; x_wconf 67' lang='lat' dir='ltr'><strong>l&#39;ollziebuupsstriclse</strong></span> <span class='ocrx_word' id='word_1_462' title='bbox 1393 5649 1549 5699; x_wconf 77' lang='lat' dir='ltr'><strong>cusrudiert</strong></span> <span class='ocrx_word' id='word_1_463' title='bbox 1564 5650 1622 5699; x_wconf 77' lang='lat' dir='ltr'><strong>aad</strong></span> <span class='ocrx_word' id='word_1_464' title='bbox 1636 5648 1685 5700; x_wconf 77' lang='lat' dir='ltr'><strong>de·</strong></span> <span class='ocrx_word' id='word_1_465' title='bbox 1699 5665 1785 5713; x_wconf 70' lang='lat' dir='ltr'><strong>punse</strong></span> <span class='ocrx_word' id='word_1_466' title='bbox 1801 5648 2072 5714; x_wconf 67' lang='lat' dir='ltr'><strong>Vollaes&#39;eaunpseoids</strong></span> <span class='ocrx_word' id='word_1_467' title='bbox 2086 5653 2178 5716; x_wconf 65' lang='lat' dir='ltr'><strong>mete</strong></span> 
     </span>
     <span class='ocr_line' id='line_1_44' title="bbox 686 5716 1778 5787; baseline 0.002 -18"><span class='ocrx_word' id='word_1_468' title='bbox 686 5719 880 5784; x_wconf 63' lang='lat' dir='ltr'><strong>enhaemon·</strong></span> <span class='ocrx_word' id='word_1_469' title='bbox 952 5728 978 5771; x_wconf 82' lang='lat' dir='ltr'><strong>e)</strong></span> <span class='ocrx_word' id='word_1_470' title='bbox 998 5716 1034 5768; x_wconf 87' lang='lat' dir='ltr'><strong>id.</strong></span> <span class='ocrx_word' id='word_1_471' title='bbox 1054 5718 1181 5769; x_wconf 82' lang='lat' dir='ltr'><strong>novemb.</strong></span> <span class='ocrx_word' id='word_1_472' title='bbox 1196 5748 1224 5755; x_wconf 81' lang='lat'><strong>--</strong></span> <span class='ocrx_word' id='word_1_473' title='bbox 1241 5734 1320 5769; x_wconf 82' lang='lat' dir='ltr'><strong>amen</strong></span> <span class='ocrx_word' id='word_1_474' title='bbox 1339 5719 1557 5770; x_wconf 64' lang='lat' dir='ltr'><strong>accersebantur·</strong></span> <span class='ocrx_word' id='word_1_475' title='bbox 1576 5720 1778 5787; x_wconf 73' lang='lat' dir='ltr'><strong>nucbpetropen.</strong></span> 
     </span>
    </p>
   </div>
   <div class='ocr_carea' id='block_1_13' title="bbox 598 5806 1385 5877">
    <p class='ocr_par' dir='ltr' id='par_1_13' title="bbox 598 5806 1385 5877">
     <span class='ocr_line' id='line_1_45' title="bbox 598 5806 1385 5877; baseline -0.008 -14"><span class='ocrx_word' id='word_1_476' title='bbox 598 5806 663 5863; x_wconf 68' lang='lat'><strong>458.</strong></span> <span class='ocrx_word' id='word_1_477' title='bbox 688 5806 831 5877; x_wconf 84' lang='lat' dir='ltr'><strong>[Bresslan]</strong></span> <span class='ocrx_word' id='word_1_478' title='bbox 868 5809 895 5873; x_wconf 84' lang='lat' dir='ltr'><strong>a)</strong></span> <span class='ocrx_word' id='word_1_479' title='bbox 913 5807 1039 5857; x_wconf 72' lang='lat' dir='ltr'><strong>dubietur</strong></span> <span class='ocrx_word' id='word_1_480' title='bbox 1057 5809 1099 5858; x_wconf 80' lang='lat' dir='ltr'><strong>ein</strong></span> <span class='ocrx_word' id='word_1_481' title='bbox 1119 5807 1385 5859; x_wconf 63' lang='lat' dir='ltr'><strong>Saracenorum-1</strong></span> 
     </span>
    </p>
   </div>
   <div class='ocr_carea' id='block_1_14' title="bbox 0 0 2429 6484">
    <p class='ocr_par' dir='ltr' id='par_1_14' title="bbox 0 0 2429 6484">
     <span class='ocr_line' id='line_1_46' title="bbox 0 0 2429 6484; baseline 0 0"><span class='ocrx_word' id='word_1_482' title='bbox 0 0 2429 6484; x_wconf 95' lang='lat' dir='ltr'><strong> </strong></span> 
     </span>
    </p>
   </div>
  </div>
 </body>
</html>
