4760 6512
508 325 574 388 324
1106 328 1565 387 KAISERURKUNDEN.

511 527 600 597 [εειι]Ι
629 532 664 583 de
690 532 824 582 universis
851 531 932 581 rebus
958 536 986 580 et
1010 530 1222 596 proprietatibus
1248 513 1399 602 plebibus
1422 524 1455 580 ei
1478 514 1613 580 decimis
1636 526 1734 603 alque
1756 515 1905 581 omnibus
1923 515 2154 603 appendiciism

509 625 643 711 antiquo
667 635 700 688 ct
722 622 876 688 moderno
907 633 1052 708 tempore
1082 622 1250 708 acquisitis
1279 621 1332 685 vel
1363 622 1571 708 acquirendis
1602 638 1656 687 ism
1684 639 1759 688 dieto
1788 639 1928 705 episcopio
1956 638 2155 703 pertinentibus

509 746 664 810 inquietare
684 741 740 794 aut
759 742 906 794 molestare
925 751 974 794 snt
992 743 1136 793 disvestire
1155 749 1321 809 praesumet,
1344 742 1394 793 sed
1413 741 1495 794 liceat
1515 745 1554 794 eis
1573 744 1711 810 perhanc
1729 751 1849 796 nostram
1867 730 2010 816 regalem
2028 746 2157 811 peginam

510 851 625 901 eandm
652 836 928 901 confirmationem
952 847 984 899 et
1007 834 1303 900 corroborationem
1325 857 1385 899 seu
1407 838 1652 901 concessionem
1674 858 1758 917 atque
1783 853 1838 901 ism
1864 849 2071 918 disruptores
2096 853 2156 902 uni-

509 973 658 1023 versusque
678 973 771 1008 earum
788 958 966 1023 pertinentias
983 954 1131 1020 tranquillo
1151 952 1184 1005 et
1201 957 1384 1022 proprietario
1400 958 1460 1007 iure
1477 957 1627 1023 possidere,
1647 960 1768 1009 omnium
1783 958 1923 1010 hominnm
1939 960 2157 1010 contradictione
2180 968 2193 1008 t

511 1072 539 1115 et
557 1065 767 1115 diminoratione
786 1065 895 1130 penitus
918 1070 1029 1114 remota
1066 1063 1096 1113 Si
1119 1064 1180 1128 quis
1204 1064 1290 1129 igitur
1312 1070 1408 1114 contra
1426 1063 1497 1115 hanc
1515 1072 1627 1115 nostrae
1646 1066 1832 1116 concessionis
1850 1051 1904 1116 vel
1915 1066 2158 1116 >corroborationis

510 1173 703 1222 anctoritatem
722 1170 827 1235 aliquid
846 1187 928 1236 egere
948 1177 976 1221 et
994 1171 1048 1220 ism
1067 1171 1172 1220 dictum
1191 1172 1351 1236 episcopum
1374 1172 1408 1221 de
1431 1172 1555 1238 praefate
1579 1160 1789 1223 concessione
1813 1170 1846 1223 ei
1870 1156 2157 1246 [corroboratione]

510 1279 664 1343 inquietare
683 1284 732 1328 sut
750 1277 784 1327 de
803 1278 969 1344 praetaxatis
989 1278 1070 1328 rebus
1089 1277 1232 1328 disvestire
1251 1279 1406 1339 tentaverit,
1425 1279 1496 1329 sciet
1514 1295 1543 1330 se
1562 1281 1776 1346 compositurum
1796 1280 1857 1330 auri
1876 1281 1973 1345 optimi
1993 1278 2077 1330 libras
2096 1295 2159 1331 cen·

509 1390 576 1446 turn,
595 1385 769 1435 medietatem
790 1400 914 1434 camerae
932 1389 1043 1435 nostrae
1063 1390 1090 1434 et
1108 1383 1284 1436 medietatem
1302 1385 1356 1450 ipsi
1373 1384 1523 1435 venerabili
1543 1384 1605 1436 loco
1622 1392 1650 1436 et
1667 1387 1721 1436 ism
1738 1386 1813 1437 dicto
1829 1386 1952 1452 pontifici
1968 1402 2018 1437 sen
2036 1387 2159 1436 cuicum·

511 1507 564 1557 que
583 1492 650 1542 inibi
670 1507 719 1556 pro
738 1498 860 1556 tempore
884 1490 1059 1557 praesidenti.
1103 1490 1184 1552 Quod
1210 1497 1241 1541 ut
1265 1493 1357 1541 verius
1384 1491 1512 1542 credetur
1536 1490 1750 1557 diligentiusque
1775 1494 1810 1543 ab
1836 1494 1963 1544 omnibns
1989 1494 2160 1551 observetur,
2179 1502 2203 1542 ιο

510 1614 592 1648 menn
613 1599 724 1664 propris
743 1599 904 1649 roborantes
923 1595 1007 1664 sigilli
1026 1599 1112 1648 nostri
1130 1598 1309 1663 impressione
1331 1599 1445 1649 inferius
1468 1586 1588 1649 muniri
1605 1600 1740 1650 iussimus.

619 1727 754 1812 Signum
778 1724 908 1790 domnin
931 1725 1066 1789 Henrici
1091 1726 1174 1813 (M.)⁰
1200 1724 1298 1814 [regis
1321 1725 1549 1815 invictissimil.

618 1867 762 1932 Datum1’
793 1890 877 1931 anno
909 1867 1091 1931 dominicae
1122 1868 1354 1932 incarnationis
1376 1883 1485 1953 MXIII,
1515 1868 1783 1953 indictionem,
1813 1892 1898 1934 anno
1928 1892 2006 1934 vero
2036 1869 2160 1935 domini

511 1974 651 2040 Henrici
673 1975 760 2059 regis
783 1988 849 2056 xn3
880 1984 988 2038 actum
1009 1974 1150 2061 Papiee3
1181 1974 1320 2039 feliciter
1342 1997 1447 2042 amen.

1292 2291 1384 2377 275.
2182 2336 2204 2375 r

516 2464 692 2538 Heinrich
716 2465 844 2537 uimmt
869 2462 937 2537 das
962 2488 1035 2536 voc
1061 2462 1140 2535 dem
1167 2460 1329 2560 Bisclrof
1346 2461 1516 2535 Albericlr
1542 2488 1614 2536 von
1641 2460 1750 2537 Conco
1777 2463 1994 2564 bcpriiudete
2015 2466 2164 2541 Κίοετεν

514 2583 575 2657 des
609 2583 643 2656 Ιι.
670 2583 862 2657 Abucdics
894 2582 935 2655 in
969 2583 1091 2655 scinco
1116 2578 1246 2655 Setae
1281 2580 1360 2654 und
1390 2580 1555 2681 bestitipt
1585 2581 1657 2656 iim
1691 2584 1788 2657 scine
1812 2584 2049 2684 Besitzcnpen
2082 2586 2165 2661 und

513 2701 656 2776 Rectte.
1594 2750 1597 2757 v
1777 2731 1873 2791 Pasa
1896 2732 1974 2791 rore
1996 2763 2039 2770 -
2061 2763 2115 2793 —.

624 2909 868 2985 Oriqimldiplom
890 2925 943 2967 cris
965 2908 1017 2967 ἄεν
1039 2906 1208 2982 Sammluuq
1231 2906 1345 2966 Morbio
1372 2908 1404 2966 iu
1426 2908 1479 2967 ἄεν
1499 2908 1528 2967 a.
1550 2908 1892 2969 Uniocrsitlttslribliotlaelc
1914 2929 1950 2969 zu
1972 2910 2063 2970 Helle
2087 2911 2161 2979 (Α).

625 3051 706 3110 Tetti
723 3051 833 3110 Amrcli
855 3051 887 3109 di
907 3049 992 3109 Covrw
1014 3051 1046 3121 2,
1061 3051 1122 3108 833
1144 3067 1198 3108 cus
1215 3049 1252 3107 A.
1272 3079 1316 3086 -
1336 3049 1571 3124 Horizsclrcnslcp
1592 3052 1652 3110 und
1670 3051 1811 3111 Perlbcclo
1828 3052 1985 3112 Lornbord.
2007 3053 2163 3113 Urltsuden
2180 3073 2204 3113 so

622 3160 642 3216 7
664 3159 730 3217 o⁰3
752 3175 806 3217 css
827 3158 855 3215 A
877 3175 913 3215 zu
936 3156 1021 3214 1014.
1046 3186 1090 3194 -
1114 3154 1420 3230 StumpsReq.1592
1441 3175 1477 3216 zu
1500 3158 1586 3218 1014.

621 3300 681 3359 Mic
703 3301 865 3359 Ausuaimc
886 3300 935 3358 des
956 3298 1156 3358 Escistolrolls
1176 3298 1352 3373 pesciriebcn
1375 3300 1434 3357 und
1456 3300 1689 3359 waltrsclreinliclr
1718 3301 1790 3359 ccci
1819 3304 1946 3372 verfaeet
1967 3320 2022 3360 ooo
2043 3302 2107 3361 dem
2130 3303 2163 3361 in

622 3408 674 3467 der
695 3407 826 3481 Ausqcbc
853 3406 905 3465 der
927 3404 998 3464 DD.
1019 3405 1053 3464 Ο,
1070 3404 1136 3464 ΙΙΙ.
1175 3405 1249 3464 Ηεν.
1271 3403 1304 3462 D
1324 3411 1482 3478 peccantes
1505 3407 1643 3477 srr'ilrcrcn
1666 3407 1761 3466 Notcr
1782 3406 1873 3466 Otto’s
1888 3407 1953 3466 ΠΙ.
1993 3407 2098 3467 Dieser
2120 3410 2163 3469 be·

622 3515 715 3573 ἄίενᾶε
742 3514 803 3572 sici
832 3514 907 3572 unes
935 3532 990 3572 von
1018 3511 1080 3570 HA
1110 3513 1201 3571 durclr
1229 3512 1413 3587 sintraponq
1442 3512 1494 3571 der
1523 3512 1711 3587 Sipnumzciic
1739 3514 1957 3588 terquicitcteu
1986 3515 2164 3590 Blcuquctr;

622 3620 942 3691 Kcnzlerurrtersoluist
971 3620 1031 3678 und
1053 3618 1218 3694 Daticrrrnp
1247 3619 1313 3677 siud
1342 3637 1397 3678 oon
1425 3618 1486 3676 HA
1515 3620 1617 3679 ruletrt
1645 3620 1837 3696 iincuqefiiqt.
1861 3648 1906 3659 -
1929 3622 1996 3680 Frlr
2017 3622 2065 3681 die
2087 3623 2163 3693 Auf·
2180 3639 2204 3680 rs

621 3729 743 3802 zdiluoq
765 3727 817 3786 ἄεν
839 3726 1029 3801 Besitzunqcn
1051 3726 1090 3785 iat
1111 3726 1158 3785 dic
1183 3725 1489 3800 &saduupncrlrundc
1510 3726 1559 3785 cles
1581 3727 1719 3798 Bisclross
1733 3726 1868 3787 Albcrt'ci
1889 3746 1944 3787 von
1962 3730 2042 3789 1010
2062 3728 2163 3795 (Tatii

620 3838 651 3905 2,
668 3835 745 3901 828)
770 3834 891 3903 incutit,
914 3834 974 3905 auf
991 3834 1092 3892 welche
1113 3833 1156 3892 im
1177 3833 1297 3909 ἄὸνὶρεπ
1318 3851 1376 3891 our·
1398 3833 1503 3907 wmipe
1525 3832 1621 3893 Wortc
1642 3834 1691 3892 des
1709 3833 1812 3893 Testes
1833 3835 2035 3909 mrtckpelseu.

622 4012 686 4100 (0.)
710 4009 727 4099 ᾖ
750 4011 789 4074 In
812 4011 942 4075 nomine
966 4020 1099 4074 sancus
1122 4023 1155 4075 et
1182 4010 1351 4075 individue
1379 4010 1540 4074 trinitatis.
1586 4009 1762 4075 Heinricus
1792 4010 1983 4097 disponente
2014 4010 2069 4077 dei
2099 4012 2163 4077 cle·

515 4122 637 4185 mentia
659 4142 728 4182 rex.
838 4118 874 4183 Si
896 4117 969 4182 loca
992 4128 1105 4181 sancta
1129 4117 1249 4182 divinis
1273 4116 1413 4181 cultibus
1436 4117 1622 4203 mancipata
1651 4119 1842 4182 auctoritate
1865 4128 1976 4182 nostra
1999 4129 2032 4183 et
2055 4118 2163 4184 studio

515 4210 668 4291 roborata
689 4225 810 4289 fuerint
833 4236 866 4289 et
888 4222 905 4312 ᾖ
928 4224 1065 4305 firmata,
1096 4233 1129 4288 et
1158 4246 1218 4287 nos
1246 4223 1365 4287 exinde
1389 4245 1409 4286 a
1432 4221 1562 4287 domino
1585 4224 1804 4310 percipiemus
1826 4224 2012 4289 mercedem
2036 4227 2165 4312 etipsa
2181 4247 2206 4291 ε)

515 4333 631 4397 futuris
654 4328 853 4417 temporibus
877 4331 1084 4395 securitatem
1107 4327 1321 4415 possidebunt
1344 4340 1376 4394 et
1398 4330 1555 4415 requiem.
1602 4329 1766 4410 Quocirca
1794 4341 1905 4395 notum
1932 4330 2070 4396 iacimus
2093 4334 2164 4396 uniss

515 4439 620 4503 versis
643 4448 776 4502 sanctae
800 4436 852 4501 dei
877 4435 1056 4500 aecclesiae
1086 4434 1237 4500 fidelibus
1266 4435 1494 4523 praesentibus
1524 4448 1622 4522 atque
1651 4437 1778 4519 futuris,
1810 4436 1949 4523 qualiter
1977 4439 2164 4504 interventu

516 4556 614 4632 atque
649 4546 804 4631 petitione
838 4541 986 4607 Alberici
1020 4555 1152 4608 sanctae
1188 4541 1355 4608 Cumanae
1390 4542 1548 4607 ecclesiae
1583 4541 1780 4608 venerabilis
1815 4545 1960 4631 episcopi
1994 4547 2163 4632 nostrique

517 4652 718 4717 dilectissimi
740 4649 846 4715 fidelis
870 4649 1035 4736 quoddam
1058 4649 1331 4732 monasteriolum,
1361 4648 1449 4735 quod
1479 4649 1549 4735 ipse
1579 4673 1638 4737 pro
1668 4650 1812 4714 remedio
1842 4650 1970 4715 animae
1994 4673 2073 4716 suse
2098 4674 2164 4715 orn-

515 4760 671 4845 niumque
708 4756 996 4843 praedecessorum
1030 4767 1127 4843 atque
1164 4778 1390 4820 successorum
1425 4778 1556 4820 suorum
1590 4757 1768 4820 antistitum
1803 4756 1845 4821 ad
1876 4770 2035 4822 venerabile
2064 4788 2164 4840 corpus
2182 4781 2207 4823 ss

517 4866 621 4930 sancti
639 4862 786 4929 Abvndii
806 4863 919 4927 eximii
938 4878 1122 4928 confessoris
1143 4872 1378 4944 construxerat,
1399 4860 1459 4926 sub
1474 4874 1585 4926 nostra
1600 4864 1693 4947 regia
1708 4864 1843 4928 tuitione
1860 4876 1957 4951 atque
1973 4863 2164 4931 defensione

517 4974 733 5059 suscipimus⁸
764 4982 797 5035 et
825 4970 957 5034 nostrab
986 4969 1207 5057 praeceptali⁰
1238 4970 1360 5055 pagina
1388 4967 1515 5033 Marino
1545 4969 1732 5035 venerando
1763 4968 1875 5034 abbati
1904 4969 1985 5034 inibi
2016 4971 2164 5037 ordinato
2225 4970 2234 4979 ’

517 5081 651 5165 eiusque
682 5074 925 5143 successoribus
954 5077 989 5141 in
1018 5076 1232 5163 perpetuumd
1262 5097 1336 5139 curn
1367 5072 1516 5139 omnibus
1546 5076 1715 5140 territoriis
1745 5085 1778 5140 et
1807 5074 1905 5141 rebus
1935 5075 1977 5141 ab
2009 5079 2164 5165 episcopo

587 5310 651 5367 274.
678 5311 698 5373 l)
719 5310 786 5374 fehlt
808 5311 838 5361 in
854 5310 890 5371 A,
913 5309 979 5361 olene
999 5309 1064 5360 does
1086 5311 1142 5359 sinc
1159 5307 1248 5359 Lrlclcc
1270 5307 1422 5372 ενιρεᾶειᾶἄ
1444 5308 1494 5367 ἱείς
1519 5311 1629 5372 erpanzt
1646 5323 1698 5359 cus
1713 5307 1772 5361 VU.
1856 5308 1896 5377 nr)
1922 5307 2121 5376 appendicibus
2139 5311 2163 5361 A

676 5384 705 5448 n)
723 5380 757 5435 D.
776 5383 801 5433 A
881 5381 909 5445 o)
933 5381 985 5432 ἄαε
1007 5380 1048 5430 ἄεν·
1069 5379 1208 5431 Moriondi
1229 5381 1254 5440 1,
1269 5381 1319 5429 631
1341 5377 1499 5443 αᾶρεὸᾶἄᾶε
1516 5378 1554 5432 Μ.
1573 5379 1609 5430 nr
1629 5378 1765 5444 dcejeum
1783 5378 1940 5446 Otto'sIIL,
1963 5380 2093 5432 ecimus
2115 5381 2165 5432 dos
2180 5385 2208 5425 to

676 5452 824 5518 konicliclrc
842 5451 880 5505 Μ.
899 5451 1045 5503 Heinmclrs
1064 5455 1088 5513 1,
1102 5453 1155 5501 629
1171 5465 1207 5499 cu
1225 5449 1282 5499 dem
1300 5447 1358 5502 DO.
1372 5448 1425 5502 III.
1439 5452 1491 5500 191
1510 5449 1654 5514 atym
1671 5451 1714 5505 ist.
1750 5450 1791 5503 Es
1811 5450 1860 5501 isat
1882 5450 1942 5502 hier
1959 5451 2081 5515 offeritur
2098 5451 2164 5504 ἄείει

677 5524 774 5575 Druck
791 5525 848 5575 cine
863 5522 1076 5587 Vcrrceclrselunc
1093 5522 1142 5573 ἄεν
1160 5520 1261 5571 Clr'clrds
1278 5520 1476 5584 concesserim
1546 5523 1575 5588 p)
1595 5524 1687 5572 enum
1706 5522 1740 5575 A.

588 5612 651 5669 275.
677 5610 824 5682 [Bresslsu]
861 5614 888 5676 a)
908 5611 959 5663 dos
976 5612 1063 5661 aoso
1080 5626 1093 5661 s
1110 5610 1199 5673 sofort
1216 5623 1286 5661 cerv.
1305 5624 1389 5659 ausc
1456 5608 1484 5675 b)
1502 5624 1518 5660 a
1535 5624 1604 5663 εενν.
1623 5625 1708 5661 auso
1779 5611 1804 5676 o)
1819 5608 1948 5680 pceptsli
1967 5626 1996 5662 so
2013 5610 2078 5663 dass
2096 5610 2166 5664 troil

677 5684 804 5735 muscitet
822 5698 873 5751 pro
891 5688 956 5733 nott
973 5697 1040 5749 prae
1056 5680 1222 5746 usstiurei·
1239 5696 1299 5730 war
1371 5678 1399 5745 d)
1421 5683 1432 5729 t
1450 5695 1519 5734 corv.
1539 5696 1591 5732 aas
1607 5697 1626 5749 p
