4760 6512
515 342 580 404 300

515 537 675 621 gavimus,
706 535 765 599 sed
795 536 900 621 magis
923 557 1091 599 assensum
1114 533 1314 622 prebuimus,

515 643 657 706 maxime
682 644 759 728 quia
788 652 966 729 perpetuae
996 640 1161 706 felicitatis
1184 652 1314 706 nostrae

516 761 548 812 et
570 748 666 834 regei
692 749 917 835 prosperitatis
947 771 1013 813 non
1043 771 1181 834 parvum
1210 748 1313 812 incre·

515 868 660 919 mentum
689 855 758 920 fore
790 854 964 937 credimur,
996 856 1022 918 si
1055 855 1230 943 qcclesias¹¹
1260 854 1313 919 dei

516 974 548 1026 et
571 961 810 1026 ecclesiasticas
834 984 991 1048 personas
1014 984 1206 1047 promovere
1230 961 1313 1026 tueri

516 1080 548 1132 et
571 1068 731 1133 consolari
755 1091 820 1132 non
839 1067 1034 1150 desistimus,
1063 1079 1131 1132 tum
1155 1069 1232 1154 quia
1255 1091 1314 1133 nos

515 1186 708 1259 nostrosque
745 1186 896 1260 parentes
936 1176 970 1238 in
1008 1176 1132 1260 gremio
1168 1174 1314 1239 eiusdem

515 1280 695 1345 acclesiae¹
723 1280 876 1345 oriundos
900 1291 933 1345 et
955 1281 1019 1345 buc
1043 1304 1146 1367 usque
1170 1281 1236 1347 filio
1260 1280 1313 1345 dei

515 1400 671 1474 operante
702 1386 892 1452 sublimatos
924 1410 994 1452 esse
1024 1388 1174 1453 fatemur.
1217 1387 1314 1453 Unde

515 1517 579 1559 non
604 1493 707 1559 solum
727 1496 918 1581 episcopum
937 1495 1119 1580 predictum
1140 1507 1172 1559 ct
1190 1495 1314 1560 aeccle-

515 1603 596 1666 siam
620 1600 684 1665 sibi
708 1603 915 1666 commissam
945 1600 1005 1666 sub
1036 1612 1180 1666 nostram
1203 1601 1314 1665 defen-

515 1710 640 1773 sionem
664 1719 696 1772 et
714 1709 914 1773 inmunitatis
934 1709 1109 1773 tuicionem
1128 1709 1314 1795 recipimus,

514 1839 628 1881 verum
664 1816 789 1879 etiam¹¹¹
823 1814 864 1879 ab
900 1815 1161 1880 antecessoribus
1195 1817 1314 1879 nostris

515 1923 697 2009 ceterisque
714 1921 866 1985 fidelibus
882 1924 992 1986 omnia
1011 1921 1118 1985 eidem
1134 1920 1314 1986 aecclesiae

514 2029 645 2111 tradita,
666 2031 781 2115 quovis
803 2028 948 2093 locorum
970 2030 1082 2114 agnita
1098 2030 1167 2092 sive
1183 2028 1316 2093 detenta

514 2136 645 2218 fuerint,
670 2137 704 2199 in
727 2136 860 2222 prediis,
892 2137 926 2199 in
949 2136 1121 2221 mancipiis
1145 2135 1235 2199 silvis
1259 2147 1316 2200 aut

515 2241 744 2306 venationibus
768 2242 862 2328 aquis
886 2264 1087 2327 aquarumve
1112 2241 1314 2325 decursibus,

515 2351 548 2412 in
575 2348 722 2414 abbaciis
743 2350 812 2414 sive
839 2348 1055 2429 comitatibus,
1079 2351 1112 2412 in
1131 2350 1237 2413 vineis
1256 2373 1315 2414 seu

516 2455 714 2543 quibuslibet
743 2457 917 2543 apenditiis
953 2458 1014 2520 rite
1050 2456 1092 2521 ad
1128 2456 1213 2521 banc
1242 2480 1314 2543 per·

515 2563 693 2628 tinentibus
717 2564 853 2650 quesitis
877 2574 910 2627 et
933 2563 1141 2649 acquirendis
1165 2563 1314 2629 omnibus

516 2670 660 2735 eiusdem
678 2671 740 2735 loci
760 2673 915 2758 episcopo
932 2669 1067 2734 subesse
1084 2682 1117 2735 et
1131 2693 1190 2756 per
1206 2673 1315 2735 omnia

515 2776 648 2842 obedire
679 2778 828 2842 volumus
858 2791 891 2841 et
921 2776 1081 2842 iubemus.
1128 2775 1212 2841 Cum
1234 2800 1314 2842 vero

514 2885 548 2948 in
579 2884 821 2971 expeditionem
855 2896 911 2949 aut
941 2886 973 2948 in
1005 2883 1162 2970 palatium
1194 2885 1247 2949 vel
1279 2886 1314 2949 in

514 2990 602 3055 aliud
638 2991 812 3055 servicium
847 3002 992 3056 nostrum
1030 2992 1092 3055 iter
1129 2992 1313 3077 arripuerit,

515 3097 734 3184 quorumlibet
748 3098 915 3163 bominmu
932 3121 1064 3162 suorum
1080 3099 1313 3185 cuirrscumque

514 3204 690 3269 videantur
711 3228 850 3291 persone
878 3216 1072 3291 potestatem
1103 3204 1223 3269 habeat
1251 3229 1314 3271 nec

514 3313 548 3376 in
582 3311 680 3375 aliam
718 3312 951 3398 profectionem
990 3313 1062 3398 qnis
1101 3334 1156 3377 eos
1196 3335 1313 3397 cogere

514 3429 690 3505 presumat,
729 3419 899 3505 nullusque
935 3419 1035 3483 iudex
1069 3417 1220 3506 publicus
1255 3442 1312 3484 seu

515 3525 687 3590 iudiciaria
721 3525 967 3612 qualiscumque
1005 3548 1146 3611 persona
1184 3528 1217 3589 in
1252 3526 1313 3591 hoc

515 3631 578 3697 sibi
600 3633 823 3697 contradicere
839 3633 892 3697 vel
915 3656 949 3697 se
970 3631 1144 3697 molestare
1162 3633 1311 3698 audeatss.

514 3739 686 3805 Predictae
720 3743 841 3827 quippe
875 3739 1085 3804 concedimus
1120 3740 1311 3823 aecclesiae,

514 3860 549 3912 nt
572 3847 718 3912 ciusdem
742 3848 828 3911 sedis
853 3847 964 3911 clerici
983 3847 1177 3911 canonicae¹
1205 3858 1237 3911 et
1260 3871 1312 3911 ec-

514 3956 695 4020 clesiastice
735 3954 878 4041 eligendi
917 3955 1107 4040 episcopum
1146 3954 1244 4039 digne
1280 3968 1312 4018 et

514 4064 747 4127 convenienter
773 4063 858 4125 inter
888 4084 923 4124 se
954 4062 1023 4124 sive
1054 4059 1196 4141 aliunde,
1227 4084 1311 4147 equo

514 4193 674 4235 consensu
705 4170 802 4254 regis,
836 4166 973 4232 liberam
1004 4166 1147 4231 babeant
1175 4190 1214 4232 ac
1239 4191 1312 4254 pro·

512 4279 618 4363 priam
641 4275 839 4341 facultatem.
880 4274 947 4339 Sed
977 4287 1009 4338 et
1040 4276 1066 4337 si
1098 4297 1163 4359 qua
1186 4279 1224 4338 eo
1248 4275 1312 4339 loci

513 4382 555 4447 ab
579 4379 841 4446 antecessoribus
862 4383 980 4445 nostris
1004 4383 1186 4467 ceterisque
1210 4382 1312 4445 tideli-

513 4488 574 4554 bus
598 4500 673 4553 sunt
691 4486 847 4552 attributa
866 4490 935 4552 sive
957 4487 1073 4553 amodo
1092 4488 1213 4552 fuerint
1236 4512 1311 4553 eon·

514 4595 682 4682 quirenda,
700 4617 758 4681 pro
775 4596 903 4658 animae
920 4606 1029 4679 nostre
1045 4595 1200 4676 remedio,
1220 4597 1312 4681 regni

514 4725 643 4790 qnoque
667 4703 771 4766 tocius
790 4700 885 4765 nobis
904 4701 1061 4765 divinitus
1081 4701 1189 4766 collati
1214 4701 1311 4766 stabi·

512 4809 602 4875 litate
626 4820 658 4873 et
681 4832 739 4896 pro
764 4810 912 4895 coniugis
932 4808 1097 4895 prolisque
1121 4809 1241 4894 regalis
1265 4810 1312 4872 in-

514 4917 711 4999 columitate,
736 4918 824 4981 omni
847 4915 1040 4980 difficultate
1065 4917 1216 5001 seposita,
1248 4939 1312 5002 quo

513 5048 595 5111 paee
630 5035 789 5111 perpetua
823 5034 973 5087 constent
1010 5046 1071 5087 nee
1107 5022 1244 5108 quilibet
1278 5024 1311 5087 in

513 5132 655 5196 futurum
680 5132 806 5194 irritare
825 5129 1003 5217 prevaleat,
1028 5131 1214 5215 pactionem
1234 5153 1312 5194 ecce

512 5362 597 5418 256&
620 5363 640 5421 it
660 5366 694 5427 A,
713 5368 777 5415 statt
796 5362 888 5431 regiae
969 5361 998 5427 k)
1017 5378 1063 5413 ror
1081 5360 1208 5429 ecclesias
1227 5362 1313 5413 klee‘ae

620 5435 713 5486 Raeur
784 5433 805 5495 ll
830 5438 854 5485 A
928 5435 966 5499 m)
992 5433 999 5484 i
1023 5434 1110 5496 sofort
1133 5449 1203 5486 corr.
1227 5450 1278 5484 ans
1300 5440 1313 5485 t

620 5508 648 5565 ιι)
669 5522 685 5556 v
706 5507 768 5556 elder
787 5506 834 5557 der
852 5505 923 5557 Zella
942 5505 1136 5571 nachyetroyen

1114 346 1579 404 KAISERURKUNDEN.

1369 533 1537 598 tradendis
1571 557 1633 599 nec
1667 556 1733 599 non
1771 546 1804 598 et
1838 533 1989 615 decimis,
2028 556 2109 621 quae
2140 556 2159 598 a

1369 641 1482 727 primis
1519 639 1721 727 temporibus
1759 652 1950 724 noscuntur,
1992 640 2158 705 reddendis

1370 746 1544 811 afferendis
1556 747 1760 833 inquirendis
1772 759 1805 812 et
1821 747 2021 834 exigendisl,
2037 747 2158 811 litorum

1370 876 1499 940 qnoque
1523 854 1711 918 colonorum
1735 865 1767 919 et
1788 856 2002 940 ingenuorum
2020 853 2160 941 plenissi-

1369 982 1455 1024 mam
1479 959 1601 1025 haberc
1624 972 1832 1047 potestatem3
1865 984 1926 1027 nec
1950 961 2010 1026 snb
2034 974 2191 1049 optentus

1369 1067 1545 1132 novarum¹
1571 1067 1805 1133 aecclesiarum
1824 1079 1882 1133 aut
1899 1071 2160 1133 monasteriomm

1370 1173 1494 1262 aliquid
1527 1174 1567 1239 de
1601 1175 1738 1239 decimis
1773 1177 1871 1240 totins
1904 1174 2094 1261 parrochiel
2124 1175 2162 1240 de

1370 1282 1439 1345 iure
1478 1282 1669 1368 principalis
1708 1282 1888 1347 aecclesiae
1930 1306 1969 1346 ac
2007 1294 2163 1369 potestate

1370 1389 1516 1474 episcopi
1539 1388 1759 1454 auferantur⁰.
1798 1389 1940 1453 Proinde
1960 1392 2111 1476 quotiens
2133 1392 2163 1453 in

1370 1494 1613 1581 expeditionem
1638 1519 1696 1561 sen
1720 1496 1762 1561 ad
1780 1496 1937 1584 palatium
1957 1496 2009 1561 vel
2027 1498 2062 1560 in
2081 1495 2166 1561 aliud
2182 1520 2202 1558 a

1370 1600 1540 1688 quodlibet
1574 1614 1719 1667 nostrum
1754 1604 1921 1668 servitium
1956 1604 2003 1667 ire
2040 1602 2165 1675 debeat,

1370 1708 1589 1794 quorumlibet
1611 1709 1778 1774 hominum
1802 1733 1933 1775 suornm
1956 1710 1999 1774 ad
2023 1710 2086 1776 boc
2109 1713 2167 1776 iter

1370 1824 1564 1900 potestatem
1594 1815 1715 1880 habeat
1744 1839 1806 1881 nec
1837 1840 1876 1881 eo
1907 1828 2053 1903 tempore
2085 1820 2165 1904 quis·

1371 1945 1469 2007 quam
1492 1922 1618 2010 aliquos
1642 1925 1711 1988 eius
1730 1924 1879 1988 homines
1898 1925 2094 2011 distringere
2116 1924 2165 1989 vel

1370 2028 1413 2093 ad
1444 2029 1541 2094 aliam
1573 2031 1806 2117 profectionem
1842 2053 1960 2117 cogere
1992 2046 2165 2118 presumat.
2182 2053 2202 2092 a

1369 2135 1440 2199 Iam
1470 2136 1638 2221 predictae
1668 2137 1849 2202 aecclesiae
1880 2137 2102 2219 concedimus,
2133 2149 2165 2202 nt

1370 2241 1513 2307 habeant
1544 2243 1690 2308 eiusdem
1722 2243 1809 2308 sedis
1844 2244 1955 2310 clerici
1990 2247 2163 2327 canonice‘

1370 2360 1467 2435 atque
1492 2350 1735 2415 aecclesiastice
1759 2374 1818 2415 seu
1846 2353 1931 2416 inter
1958 2375 1992 2416 sc
2017 2354 2090 2416 sive
2112 2352 2164 2416 ali·

1369 2455 1456 2520 unde
1473 2456 1571 2541 digne
1588 2457 1630 2522 ad
1648 2457 1710 2522 hoc
1730 2469 1763 2522 et
1781 2460 2014 2523 convenienter
2029 2458 2163 2525 aliendie

1370 2564 1560 2649 episcopum
1577 2562 1715 2628 liberam
1733 2587 1772 2629 ac
1788 2567 1954 2651 propriam
1968 2566 2163 2633 facultatem,
2179 2590 2200 2628 a

1370 2671 1471 2757 equo¹
1499 2693 1660 2735 consensu
1682 2672 1799 2757 regis¹.
1838 2673 1882 2736 Et
1902 2684 1937 2736 ut
1955 2672 2040 2737 haec
2059 2684 2165 2739 nostra

1369 2778 1542 2842 actoritas⁰
1567 2778 1689 2843 lirmior
1719 2777 1879 2844 habeatur
1909 2791 1941 2843 et
1970 2802 2033 2867 per
2063 2782 2164 2845 firtura

1369 2895 1516 2970 tempora
1539 2884 1726 2971 diligentius
1748 2885 1949 2969 observetur,
1972 2910 2076 2952 manu
2098 2910 2164 2974 pro

1369 2992 1441 3076 pria
1481 3003 1593 3056 nostra
1633 2991 1746 3057 subter
1787 3016 1859 3057 eam
1905 2994 2164 3059 confirmavimus

1369 3098 1540 3184 sigilloque
1575 3111 1705 3163 nostrae
1740 3099 1988 3188 impress[ion]is
2019 3101 2165 3189 insigniri
2179 3124 2200 3163 a

1368 3207 1585 3292 precepimus.

1366 5359 1449 5415 256¹&
1474 5359 1502 5427 h)
1522 5361 1582 5411 hier
1600 5361 1664 5424 fehlt
1683 5363 1726 5413 ein
1742 5360 1865 5425 Verbum,
1892 5362 1940 5413 reia
1963 5360 2005 5412 uti
2022 5362 2087 5415 order
2104 5359 2163 5423 frui,
2180 5371 2203 5409 u

1474 5449 1522 5483 son
1534 5433 1591 5482 dem
1604 5432 1645 5483 (δίε
1658 5432 1779 5483 ⁴lblats‘re
1791 5431 2006 5500 possessionibus
2015 5462 2046 5472 -
2055 5432 2163 5502 exigen-

1474 5503 1515 5555 dis
1541 5504 1680 5568 ahhdayen
1773 5504 1793 5569 i)
1819 5519 1955 5555 nonarum
1979 5505 2037 5569 auf
2057 5505 2163 5561 Ruesrr

1473 5577 1521 5626 der
1543 5581 1610 5626 erate
1628 5575 1718 5627 Strtclt
1743 5575 1787 5626 des
1811 5581 1899 5628 naen
1922 5591 1940 5625 u
1962 5576 1999 5626 ar
2020 5576 2104 5643 sollte
2120 5574 2163 5626 ab·

1473 5663 1641 5714 perpranyca
1695 5645 1723 5713 lr)
1743 5646 1845 5700 hrorr.
1862 5662 1914 5698 aaa
1928 5648 2013 5698 dam
2027 5650 2162 5699 wentae

1474 5718 1493 5785 l)
1513 5734 1584 5785 equo
1604 5734 1676 5771 cons.
1696 5718 1769 5786 regis
1791 5734 1836 5769 om
1854 5718 1949 5771 Raude
1970 5719 2162 5786 meamet
2178 5725 2203 5766 so
