4836 6504
839 403 1077 462 HEINRIUH
1096 405 1145 461 11.
1162 402 1298 461 '1‘00‘l.'
1826 392 1898 458 litt}

234 608 505 662 mortuummare
533 606 738 660 mobilibus-at
764 604 954 664 neomutus·
971 588 1258 659 recenseretur
1286 604 1413 655 omniur
1437 616 1509 672 quas
1534 605 1587 655 ee
1605 589 1678 655 dici
1702 588 1758 654 vel
1785 598 1889 654 serint

234 722 350 784 possunt
364 729 384 761 r
395 714 576 775 utilitatibus,
592 715 770 766 hac·nostrae
783 711 1247 779 auctoritampreceptalitpagma,
1266 718 1349 778 prout
1366 711 1734 778 firmissimepossumns,
1754 711 1901 763 dommus?

234 829 317 889 atque
336 822 546 890 proprietamus,
571 822 701 872 omnium·
712 820 932 875 contradictione
951 820 1065 880 remote,
1090 819 1274 885 precipientes
1292 818 1386 885 igitur,
1412 825 1444 870 ut
1464 819 1546 873 nobis
1563 819 1594 868 in
1612 817 1665 869 deo
1684 817 1803 869 dilectus
1822 833 1888 885 sepe

235 924 308 1002 dicte
326 930 400 982 sedis
418 929 593 981 Eberhardus
612 929 761 995 episcopus
780 926 894 979 liberam
911 926 1133 978 dehine·babeat
1150 931 1317 993 potestatem
1335 926 1441 976 ac'sui
1466 920 1661 977 successores¹
1686 925 1805 976 eundem
1828 941 1889 992 pre·

197 1051 215 1092 t
235 1037 366 1104 scriptum
379 1035 472 1088 locum
486 1021 650 1087 Aterahof
667 1035 772 1087 dictum
791 1051 853 1086 cum
872 1034 998 1086 omnibus
1016 1032 1190 1101 appendiciis
1208 1035 1266 1084 suis
1285 1034 1397 1084 tenendi
1413 1033 1576 1100 possidendi
1601 1048 1651 1084 aen
1677 1032 1809 1098 quicquid
1835 1032 1900 1083 sibi·

236 1142 319 1195 libeat
337 1144 424 1195 modis
444 1145 571 1195 omnibus
595 1145 624 1193 in
649 1158 729 1193 usum
755 1143 932 1210 episcopatus
957 1142 1021 1193 inde
1034 1136 1175 1192 iaciendi.
1218 1140 1336 1205 Sl-quis
1355 1141 1448 1206 igitur,
1472 1140 1547 1206 qnod
1566 1140 1647 1200 absit,
1670 1140 1753 1191 huius
1776 1136 1887 1191 nostrae

234 1250 392 1301 donationis
411 1250 625 1301 munificentiam
643 1250 787 1301 destruere
805 1250 864 1300 sive
875 1248 981 1300 violare
1000 1253 1147 1315 presumat,
1165 1249 1194 1298 in
1212 1248 1361 1299 novissimo
1381 1246 1538 1298 die-coram
1551 1244 1641 1298 oculis
1657 1246 1703 1297 dei
1721 1246 1887 1313 inextingui-

234 1356 284 1407 bili
302 1351 460 1409 tormentok
478 1356 546 1408 luat.
583 1357 719 1420 Quodne
738 1350 815 1417 liat¹,
841 1356 889 1407 sed
907 1356 977 1407 baec
996 1355 1110 1405 traditio
1129 1359 1222 1406 nostra
1241 1355 1276 1405 ab
1296 1355 1424 1405 omnibus
1442 1356 1603 1420 incorrupta
1622 1358 1789 1419 permaneat,
1815 1353 1886 1403 hauc

235 1470 338 1516 cartam
357 1465 421 1515 inde
441 1465 623 1531 conscriptam
643 1479 725 1514 manu
744 1464 857 1530 propria
874 1463 1038 1513 roborantes
1055 1462 1144 1530 sigilli
1162 1463 1249 1515 noan-i
1268 1462 1439 1527 inpressione
1457 1462 1583 1528 insigniri
1600 1461 1738 1511 iussimus.

190 1621 218 1662 ιο
341 1591 358 1682 ξ
382 1592 519 1679 Signum
543 1592 653 1658 domni
676 1592 824 1657 Heinrici
848 1597 912 1672 (M.)
936 1580 1024 1677 regis
1047 1579 1263 1656 invictissimi.
1287 1588 1305 1679 ξ

332 1743 592 1833 ’ξΕΙιειίιιιιᾶιιε
616 1743 831 1810 cancellarius
853 1744 927 1808 vice
950 1742 1117 1829 Unilligisi
1140 1740 1395 1829 archicapellani
1417 1740 1604 1828 recognovi.
1628 1738 1646 1830 ξ
1725 1738 1843 1828 (81.2.)

341 1895 458 1960 Datam
477 1895 543 1976 kal,
561 1917 637 1960 nov.
657 1870 836 1960 indictione
851 1910 886 1979 Y,
911 1917 997 1960 anno
1016 1894 1179 1984 dominice
1202 1893 1436 1959 incarnationis
1454 1906 1546 1974 MVII,
1570 1914 1754 1957 annovera
1773 1892 1885 1957 domni

235 2002 383 2067 Heinrici
407 2001 544 2068 secundi
566 2003 734 2088 regnantis
749 2016 802 2086 V13
835 2012 945 2067 actum
967 2000 1246 2085 Frankonofurt¹';
1276 1999 1417 2065 feliciter
1439 2008 1571 2065 amen.m

1018 2343 1120 2432 149.-

190 2557 217 2599 rs
236 2519 414 2595 Heinrich
435 2517 581 2594 acdcnkt
601 2518 681 2593 (ἱειιι
701 2543 774 2593 cors
795 2516 870 2592 ilem
888 2516 1136 2619 qepriiudetea
1153 2515 1317 2591 Birthan
1335 2516 1520 2618 Bamberq
1538 2512 1610 2591 deu
1631 2513 1700 2592 Ort
1715 2513 1885 2615 Seedorf

1347 2671 1517 2745 Fiuukfurl
1535 2672 1616 2732 1007
1634 2671 1793 2732 November
1811 2672 1840 2732 1.

344 2854 587 2929 Oriqinuldiplcm
610 2854 652 2912 im
673 2853 702 2913 lt.
719 2851 925 2912 Reiciaarclu'v
947 2869 983 2912 za
1004 2850 1148 2910 Mincium
1172 2850 1244 2918 (A).

346 2997 518 3056 Usenrncnu
537 2995 594 3070 Ep.
614 2995 731 3065 namu,
748 2995 858 3070 proleq.
875 2995 916 3053 30
933 2994 980 3053 rit.
1000 3023 1045 3032 -
1061 2992 1141 3052 Mon.
1161 2992 1255 3053 Boion
1272 2995 1340 3064 28⁰,
1359 2993 1420 3053 377
1436 2994 1542 3053 n⁰240
1559 3012 1613 3053 aaa
1630 2993 1658 3053 A
1677 3015 1719 3041 =
1737 2993 1885 3055 Wirtemb.

346 3103 410 3163 ΗΒ.
428 3104 457 3173 1,
473 3103 536 3162 247
557 3104 590 3161 71⁰
603 3102 674 3163 209.
691 3130 735 3142 ·-
758 3101 885 3161 Bilamcr
906 3100 978 3176 Req.
995 3099 1084 3161 1021.
1100 3129 1145 3137 —
1168 3098 1293 3175 Stampf
1310 3099 1382 3176 ch.
1400 3100 1488 3159 1478.

189 3263 217 3303 so
341 3246 398 3305 Ba
416 3247 476 3317 auf
489 3246 535 3304 die
552 3263 607 3303 coa
624 3244 683 3303 Bo.
696 3242 719 3301 I
732 3248 831 3319 spdter
848 3243 1048 3319 linzaqcfriptc
1062 3241 1310 3319 Daticrunqazciie
1327 3243 1401 3303 nacla
1418 3242 1460 3302 D.
1474 3243 1534 3302 147
1546 3243 1724 3319 percinebat
1742 3262 1796 3303 ocu
1814 3242 1884 3303 ΕΙ).

343 3423 407 3511 (C.)
432 3420 449 3511 ᾖ
472 3423 512 3487 Ιιι
534 3423 665 3486 nomine
689 3431 823 3486 sanctae
846 3430 880 3485 et
902 3419 1092 3485 individuae
1115 3421 1279 3485 trinitatis.
1331 3421 1508 3486 Heinricus
1532 3420 1645 3486 divine
1666 3421 1799 3486 favente
1823 3420 1887 3486 cle-

235 3532 357 3595 mentia
379 3553 449 3594 rex.
556 3542 748 3594 Saluberrimis
767 3543 853 3607 igitur
875 3543 947 3592 sacri
971 3540 1075 3607 eloquii
1098 3542 1318 3593 institutionibus
1343 3542 1482 3593 erudimur
1505 3549 1533 3593 et
1556 3542 1741 3602 admonemur,
1766 3548 1797 3592 ut
1819 3547 1886 3593 tem-

237 3650 343 3717 poralia
362 3651 548 3716 relinquentes
567 3651 641 3701 bona
660 3653 687 3700 et
705 3641 719 3715 ξ
737 3655 845 3701 terrena
864 3654 1061 3715 postponentes
1086 3649 1232 3700 commoda
1257 3654 1370 3700 aeterna
1395 3656 1424 3700 et
1448 3649 1508 3700 sine
1533 3649 1586 3701 line
1612 3664 1741 3700 mansura
1764 3650 1795 3699 in
1819 3649 1887 3700 celia

237 3757 395 3807 studeamus
414 3757 529 3822 adipisci
549 3758 721 3807 consistoria.
760 3756 933 3822 Quapropter
951 3770 1001 3807 uos
1021 3756 1167 3807 dominicis
1189 3772 1245 3807 nou
1263 3756 1377 3806 surdum
1396 3757 1520 3807 auditum
1541 3757 1686 3823 prebentes
1703 3758 1841 3823 preceptis
1860 3762 1888 3807 et

192 3878 219 3918 tt
238 3863 341 3914 deificis
361 3864 574 3928 obtemperando
593 3863 767 3914 intendentes
785 3863 961 3914 suasionibus
988 3863 1124 3928 quendam
1150 3869 1260 3915 nostrae
1286 3854 1416 3929 paternae
1436 3863 1596 3915 hereditatis
1616 3863 1707 3914 locum
1726 3864 1887 3915 Babenberc

239 3970 341 4020 dictum
361 3971 388 4019 in
407 3970 500 4019 aedem
519 3977 547 4020 et
566 3969 674 4020 culmen
688 3970 865 4036 episcopatus
879 3968 1052 4020 sublimando
1069 3971 1243 4036 proveximus
1261 3976 1289 4021 et
1301 3970 1426 4020 Romana
1439 3972 1606 4022 auctoritate
1620 3976 1704 4036 atque
1720 3969 1886 4023 venerabilis

239 4076 362 4127 Heinrici
376 4077 615 4142 Vuirciburgensis
640 4078 763 4143 episcopi
783 4092 918 4128 consensu
937 4093 970 4126 ac
989 4077 1048 4143 pari
1067 4077 1261 4141 communique
1285 4077 1404 4127 omnium
1428 4078 1515 4128 nostri
1537 4076 1659 4129 fidelium
1678 4083 1733 4128 tam
1752 4077 1886 4144 archiepi-

237 4199 383 4250 scoporum
403 4200 484 4248 quam
501 4185 693 4250 episcoporum
710 4184 895 4248 abbatumque
914 4199 1039 4235 necnon
1059 4183 1160 4234 ducum
1179 4188 1207 4233 et
1226 4184 1356 4233 comitum
1376 4182 1504 4234 consultu
1523 4184 1689 4249 decretoque
1708 4186 1736 4235 in
1755 4186 1886 4236 honorem

237 4297 349 4341 sanetae
369 4291 413 4341 dei
432 4291 574 4356 genitricis
586 4291 692 4342 Mariae
711 4296 923 4355 sanctorumque
942 4288 1133 4357 apostolorum
1146 4291 1222 4341 Petri
1242 4296 1269 4340 et
1281 4289 1363 4340 Pauli
1382 4306 1433 4341 nec
1451 4307 1507 4341 non
1519 4298 1667 4357 mamyrum
1680 4291 1785 4342 Killani
1803 4300 1886 4357 atque

192 4417 220 4457 ao
239 4398 334 4449 Georii
352 4395 537 4448 stabilivimus
556 4404 583 4447 et
602 4398 848 4457 corroboravimus,
868 4404 898 4447 ut
918 4405 946 4447 et
963 4398 1033 4448 inibi
1050 4402 1173 4447 nostrum
1191 4402 1389 4463 parentumque
1408 4404 1564 4449 nostrorum
1587 4394 1620 4448 ei
1643 4384 1771 4450 Otionis
1794 4386 1887 4450 tercii

238 4490 394 4556 videlicet
416 4491 620 4578 imperatoris
644 4491 858 4555 antecessoris
882 4512 921 4554 ac
945 4490 1081 4554 senioris
1103 4491 1206 4555 nostri
1230 4503 1338 4556 celebre
1356 4505 1504 4556 haberetur
1523 4504 1680 4557 memoriale
1700 4512 1728 4556 et
1745 4507 1818 4572 iugis
1836 4523 1886 4572 pro

238 4613 363 4664 omnibus
388 4612 528 4663 ortodoxis
552 4611 642 4664 hostia
660 4618 828 4662 mactaretur
846 4609 984 4661 salutaris.
1025 4611 1144 4662 Proinde
1162 4613 1272 4662 noverit
1298 4613 1418 4662 omnium
1443 4614 1530 4663 nostri
1552 4611 1674 4663 fidelium
1700 4619 1757 4663 tam
1775 4630 1887 4680 presens

238 4725 296 4770 etas
316 4735 397 4784 quam
417 4716 469 4769 Εἴ·
489 4735 652 4769 successura
671 4719 827 4784 posteritas,
853 4719 919 4783 quia
937 4734 987 4768 noa
1007 4723 1117 4768 nostrae
1144 4719 1279 4783 quendam
1300 4719 1477 4784 proprietatis
1504 4718 1595 4771 locum
1621 4704 1758 4772 Sedul'fb
1784 4721 1887 4771 dictum

240 4828 269 4876 in
288 4842 360 4892 pago
378 4812 486 4877 Purab
505 4826 580 4877 etin
600 4827 733 4877 comitatu
751 4810 945 4875 HiliibOIdib
964 4826 1071 4875 comitis
1090 4825 1172 4875 situm
1192 4826 1226 4875 ad
1246 4825 1361 4875 eandem
1379 4841 1464 4891 supra
1476 4825 1578 4877 dictam
1593 4825 1778 4894 episcopalem
1796 4829 1889 4879 aedem

194 4950 222 4990 ab
240 4936 400 4986 Babenberc
420 4934 520 4984 dictam
540 4949 595 4983 una
615 4948 676 4983 cum
696 4933 823 4984 omnibus
842 4934 902 4983 eius
922 4933 1093 4998 pertinentiis
1119 4934 1177 4982 sive
1203 4933 1379 4993 adherentiis,
1404 4933 1535 4984 videlicet
1560 4935 1628 4985 vicis
1647 4933 1720 4985 villis
1743 4933 1887 4986 aecclesiis

240 5045 326 5094 serris
346 5049 373 5093 et
392 5039 498 5092 ancillis
518 5042 589 5090 areis
609 5039 741 5091 aedificiis
760 5040 839 5091 terris
859 5037 941 5090 cultis
968 5046 996 5091 et
1019 5038 1133 5090 incultis
1152 5041 1204 5090 viis
1230 5041 1312 5091 inviis
1335 5042 1455 5092 exitibus
1481 5047 1508 5092 et
1533 5042 1666 5094 reditibus
1693 5044 1825 5108 quaesitis
1844 5042 1888 5094 vel

240 5150 409 5215 inquirendis
428 5147 505 5198 silvis
523 5161 540 5192 a
561 5148 665 5214 saginis
684 5147 879 5198 venationibus
898 5148 976 5212 aquis
995 5147 1194 5213 piscationibus
1219 5145 1299 5198 molis
1325 5146 1489 5199 molendinis
1514 5150 1597 5199 rebus
1623 5147 1772 5200 mobilibus
1799 5156 1826 5200 et
1849 5150 1889 5200 in·

312 5320 377 5377 14⁸.
400 5320 431 5389 h)
452 5321 506 5374 ΕΙ)
523 5320 595 5372 lacte
610 5324 700 5372 sacrat
718 5319 757 5372 sci
775 5319 856 5384 (olins
872 5324 900 5387 r)
917 5319 1092 5386 ambrum,
1118 5321 1275 5386 corripiens
1291 5320 1366 5372 dana
1384 5322 1435 5372 das
1453 5320 1463 5373 i
1480 5323 1510 5372 s‘n
1529 5323 1618 5373 rand
1636 5323 1709 5389 ts'lpte
1731 5323 1775 5376 dic
1797 5323 1891 5375 bernw

399 5393 582 5459 capesanpsns
601 5390 747 5457 Oberldnpa
764 5392 809 5444 des
826 5389 845 5443 b
917 5390 937 5457 i)
954 5391 1044 5443 Μηίων
1060 5391 1118 5442 dem
1137 5392 1212 5444 Wort
1230 5391 1316 5445 kleiac
1332 5392 1442 5455 Bassam·
1466 5393 1525 5447 VU.
1543 5390 1596 5447 Idb.
1616 5392 1698 5461 episc.
1717 5394 1812 5463 suique
1830 5411 1890 5449 suc·

192 5494 221 5532 ω
399 5480 519 5516 cessores
536 5461 584 5517 hb.
603 5460 665 5517 deb.
684 5461 786 5515 habeat
804 5464 966 5530 potestatem
1050 5461 1155 5530 11)th.
1175 5467 1257 5514 torm.
1276 5462 1360 5515 inext.
1451 5463 1471 5532 l)
1487 5464 1614 5518 dalaima·
1632 5467 1675 5517 ein
1693 5465 1783 5519 Stricls
1800 5468 1890 5534 pailpt

399 5535 439 5604 m)
462 5536 505 5586 dis
522 5550 606 5601 panas
623 5534 853 5600 Datierusspaus’le
873 5550 923 5587 oca
942 5534 1027 5588 Bul
1047 5534 1242 5601 nucbpstrapca
1337 5537 1367 5600 n)
1390 5535 1479 5587 laisan·
1502 5536 1560 5588 dem
1585 5539 1691 5589 modun
1710 5536 1782 5589 isin
1800 5539 1891 5590 Stricls

398 5607 562 5671 numadum,
582 5605 804 5658 wolrrselses'nlicls
818 5605 867 5656 der
879 5605 995 5672 Anfanp
1012 5604 1057 5657 des
1074 5621 1126 5658 aas
1141 5605 1270 5658 Vsreslsea
1284 5612 1375 5659 mat
1389 5607 1586 5673 pescbmkbcnaa
1604 5624 1627 5673 r,
1646 5609 1697 5676 cpi.
1709 5609 1745 5663 D.
1758 5612 1817 5665 149.
1831 5613 1890 5665 150.

310 5695 376 5752 lle.
401 5693 547 5765 [Bresslau]
593 5697 620 5761 a)
642 5695 693 5747 dus
714 5696 745 5746 iss
767 5695 816 5747 der
831 5694 890 5748 VU.
910 5695 1092 5761 amptum
1110 5697 1138 5747 et
1156 5694 1203 5745 lact
1221 5694 1275 5747 ΕΙ)
1291 5694 1352 5749 bier
1369 5697 1465 5749 wieder
1483 5697 1619 5764 sinpesrlpt
1707 5698 1738 5767 b)
1756 5701 1786 5751 in
1804 5700 1892 5764 dofar

397 5767 529 5834 pala-saeue
546 5765 635 5820 Luto
651 5782 701 5820 oca
719 5767 773 5819 El>
790 5766 984 5832 nocbpetrcpan

305 5889 502 5932 Kslserurknudau
515 5890 561 5932 111.
1642 5878 1678 5932 23
