4800 6516
1137 461 1597 517 Kaisnnssnsn'nnn.

648 656 827 732 Mspdebarp
856 658 1026 729 aripaeiclt
1048 658 1124 727 sind,
1154 677 1353 733 snperrommea
1378 658 1499 727 rrerdea,
1529 658 1597 717 dass
1618 658 1666 715 die
1688 656 1897 731 Arafertipaap
1927 674 1980 713 con
2004 654 2044 713 D.
2070 655 2121 712 42
2153 652 2220 711 sici

648 765 693 822 ln's
723 765 828 823 indes
853 763 1063 839 Mapdebaryer
1085 765 1259 836 Aufenthalt
1280 766 1329 823 des
1351 765 1465 839 Karape
1493 769 1637 838 verzapert
1667 764 1753 833 hatte,
1783 763 1830 822 die
1852 762 2016 836 Datieruap
2045 761 2129 820 aher
2159 762 2226 829 aas

649 872 696 929 die
717 871 878 946 Harrdlenp
906 890 942 929 zu
971 871 1096 929 bezielrea
1127 880 1215 931 aare.
1246 901 1289 909 -
1325 871 1478 945 t'elm'peas
1507 872 1546 930 ist
1575 871 1623 929 die
1644 869 1803 929 Reduca'on
1833 870 1882 928 des
1909 869 2127 944 Tcpesdotams
2160 886 2219 925 aare

648 977 689 1036 D.
709 978 751 1036 42
772 978 962 1049 zaafeaari,
985 978 1040 1052 syl.
1065 977 1140 1037 Note
1157 979 1181 1035 f.

609 1185 613 1191 .
649 1145 707 1215 (C.)
737 1135 755 1225 ᾖ
784 1137 823 1200 in
846 1139 977 1201 nomine
1006 1151 1139 1201 sanctae
1163 1148 1196 1202 et
1218 1136 1408 1201 individuae
1432 1138 1595 1200 trinitatis.
1642 1137 1818 1200 Heinricns
1841 1135 1953 1200 divina
1976 1136 2119 1199 favente
2147 1134 2255 1198 ele-s

508 1269 520 1308 1
542 1246 665 1309 mentia
688 1267 758 1308 rex.
867 1259 895 1308 si
917 1257 978 1307 loca
997 1259 1091 1308 divino
1111 1258 1199 1309 cultui
1219 1258 1312 1308 dicata
1335 1265 1429 1308 nostro
1448 1258 1634 1308 studuerimus
1658 1256 1825 1323 amplificare
1843 1257 1975 1315 subsidio,
1995 1258 2110 1307 aeterni
2132 1257 2219 1319 regui

541 1366 695 1431 portionem
721 1381 771 1415 nos
790 1366 825 1414 ob
845 1365 897 1414 hoc
924 1366 1072 1431 adepturos
1095 1382 1156 1416 esse
1184 1366 1289 1431 liquido
1309 1364 1479 1415 confidimus.
1518 1367 1692 1431 Quapropter
1716 1366 1838 1415 omnium
1863 1362 1984 1415 fidelium
2011 1357 2220 1427 nostrorumff

541 1473 725 1537 praesentium
752 1471 886 1522 scilicet⁸
913 1480 996 1535 atque
1022 1474 1176 1523 futurorum
1203 1475 1311 1523 noverit
1337 1473 1484 1531 industria,
1513 1471 1633 1536 qualiter
1657 1472 1775 1539 quedam
1802 1456 2000 1551 venarabilis
2031 1455 2218 1521 abbatissa

541 1581 650 1628 nomine
668 1564 825 1629 Bertheid
842 1564 983 1653 quedam
1004 1566 1187 1652 imperialia
1207 1566 1325 1630 nostris
1345 1563 1511 1629 obtutibus
1528 1566 1787 1652 repraesentavit
1802 1578 1979 1651 praecepta
1995 1587 2055 1650 per
2071 1576 2217 1628 nostros

541 1683 765 1735 antecessores
789 1671 961 1736 Amolfum
985 1683 1018 1735 et
1042 1673 1196 1737 Ottonem
1220 1671 1400 1737 secundum
1424 1695 1482 1757 pro
1507 1673 1708 1736 immunitate
1733 1694 1791 1735 suo
1816 1670 1933 1736 collata
1959 1687 2161 1736 monasterio
2195 1694 2217 1733 a
2237 1698 2262 1734 ro

542 1792 732 1856 quibusdam
752 1791 915 1843 nobilibus
943 1781 1091 1864 personis
1115 1793 1292 1859 Hildiburga
1315 1802 1343 1843 et
1360 1807 1376 1837 a
1397 1794 1553 1859 presbitero
1572 1792 1729 1843 Folcharto
1753 1810 1769 1842 a
1787 1793 1972 1843 fundamentis
1991 1778 2070 1843 olim
2091 1796 2125 1843 in
2149 1791 2216 1842 loeo

541 1897 717 1949 Mulinbeche
735 1913 752 1944 a
774 1908 946 1951 constructo
963 1914 980 1943 s
1001 1910 1189 1966 nostramque
1210 1886 1402 1973 suppliciter
1420 1908 1541 1966 precata
1560 1898 1610 1950 ast
1629 1900 1810 1959 clementiam,
1830 1908 1861 1950 ut
1880 1910 1908 1950 et
1926 1917 1976 1951 nos
1996 1903 2088 1966 ipsum
2112 1900 2214 1950 locum

542 2022 603 2056 cum
622 2008 679 2057 suis
699 2009 870 2073 pertinentiis
894 2009 922 2057 in
942 2015 1063 2057 nostrum
1084 2008 1307 2058 mundiburdium
1327 2015 1354 2057 et
1373 2008 1560 2057 defensionem
1580 2024 1629 2073 pro
1649 2008 1769 2058 remedio
1789 2008 1895 2057 animae
1915 2018 2025 2058 nostrae
2045 2010 2213 2074 suscipere·

541 2131 601 2164 mua
621 2123 648 2164 et
670 2124 743 2164 eam
767 2124 830 2188 que
854 2103 887 2164 in
910 2102 977 2164 suis
998 2103 1128 2187 scriptis
1152 2103 1286 2164 inventa
1307 2111 1355 2164 est
1379 2116 1599 2165 convenientiam
1620 2114 1652 2164 et
1675 2099 1872 2165 oblationem
1895 2126 2004 2165 nostrae
2024 2118 2213 2166 auctoritatis

541 2223 644 2287 scripto
669 2224 939 2272 corroboraremus.
976 2223 1033 2271 Nos
1057 2209 1178 2294 itaque,
1203 2222 1475 2271 intervenientibus
1494 2230 1554 2294 pro
1572 2230 1612 2271 sa
1631 2220 1752 2272 dilectis
1776 2220 1808 2271 et
1828 2207 2058 2273 familialibusl
2079 2210 2212 2272 nostris
2233 2239 2257 2277 ¹⁵

541 2313 732 2378 Bernhardo
763 2314 847 2379 duce
876 2327 908 2379 et
934 2330 1064 2395 episcopo
1093 2314 1299 2395 Thiederico‚
1326 2329 1354 2377 in
1379 2329 1459 2377 cuins
1486 2313 1547 2378 hoc
1578 2331 1773 2379 monasterium
1800 2314 1945 2401 puellare
1976 2328 2213 2381 constructum

542 2435 591 2484 esi
614 2436 733 2495 diocesi,
759 2452 808 2502 pro
833 2420 965 2485 divinae
992 2436 1125 2485 mercedis
1145 2443 1292 2499 augmento
1311 2437 1401 2500 ipsum
1421 2437 1597 2485 monasterii
1624 2435 1714 2485 locum
1734 2452 1796 2485 cum
1815 2437 1873 2485 suis
1900 2421 2094 2486 adiacentiis
2128 2436 2165 2486 et
2193 2444 2212 2477 θ

542 2527 691 2592 Omnibus
710 2544 883 2607 pertinentiis
904 2544 932 2591 in
951 2550 1074 2593 nostrum
1093 2543 1316 2592 mundiburdium
1336 2544 1532 2607 suscepimus
1552 2550 1579 2592 et
1602 2528 1645 2592 ad
1664 2543 1787 2593 ordinem
1806 2530 1950 2614 priorum
1969 2543 2210 2615 preceptorum

542 2652 570 2699 in
589 2650 715 2699 omnibus
735 2650 987 2699 confirmavimus
1013 2646 1045 2698 et
1069 2634 1130 2698 hoe
1155 2635 1245 2719 regio
1268 2635 1389 2719 insigni
1414 2650 1653 2707 roboravimus,
1680 2634 1742 2699 hoc
1766 2635 1900 2699 firmiter
1922 2636 2147 2707 sancientes&
2173 2652 2210 2698 ut

542 2741 807 2805 sanctimoniales
835 2740 882 2805 ibi
905 2740 968 2805 deo
992 2741 1130 2805 devotae
1159 2764 1219 2828 per
1242 2741 1442 2805 decessionis
1466 2754 1612 2827 tempora
1636 2765 1735 2828 quam
1758 2742 1925 2806 meliorem
1948 2745 2102 2807 noverint
2132 2760 2253 2809 interae

541 2880 570 2912 se
597 2863 723 2927 eligant
749 2848 887 2912 licenter
909 2860 942 2912 et
969 2849 1032 2912 sibi
1056 2861 1259 2933 praeponant
1287 2863 1482 2922 abbatissam,
1509 2850 1746 2913 communicato
1771 2850 1915 2934 episcopi
1946 2850 1996 2913 sui
2025 2872 2207 2914 consensu.

494 2984 518 3023 11
540 2956 680 3041 insuper
695 2958 793 3019 ctiam
814 2971 842 3019 in
859 2972 946 3019 nostri
964 2972 1122 3020 memoriani
1141 2971 1258 3019 nominis
1275 2971 1469 3028 concessimus,
1491 2976 1520 3018 ut
1536 2971 1571 3019 ab
1585 2969 1740 3019 hominibus
1755 2971 1913 3036 praedictae
1933 2970 2088 3022 aecclesiae
2103 2974 2207 3022 usibus

542 3074 574 3126 et
600 3078 727 3127 servituti
755 3062 946 3127 ancillarum
976 3063 1027 3127 dei
1060 3078 1178 3126 subditis
1198 3075 1298 3141 regalis
1318 3075 1361 3125 vel
1388 3076 1536 3142 imperialis
1557 3093 1663 3135 census,
1690 3079 1736 3142 qui
1763 3063 1839 3127 inde
1863 3077 1970 3128 solebat
1987 3092 2004 3122 s
2025 3079 2164 3145 persolvi,
2190 3096 2207 3127 a

541 3182 618 3233 nullo
645 3185 745 3235 comite
772 3183 815 3233 vel
843 3183 968 3233 iudiciali
993 3172 1061 3233 sive
1086 3171 1196 3255 regiae
1221 3170 1402 3233 exactionis
1426 3200 1543 3249 persona
1562 3185 1692 3249 deinceps
1713 3187 1848 3249 exigatur,
1875 3184 1906 3234 et
1931 3194 1961 3235 ut
1987 3186 2081 3236 nullus
2108 3203 2205 3237 comes

541 3292 584 3342 vel
612 3292 695 3341 iudex
715 3289 843 3357 publicus
863 3298 912 3340 aut
932 3289 1026 3355 aliqua
1046 3299 1142 3356 potens
1161 3306 1278 3355 persona
1298 3291 1421 3340 homines
1440 3292 1580 3356 praefatae
1600 3291 1753 3340 aecclesiae
1778 3293 1806 3340 in
1825 3308 1876 3341 suo
1896 3293 2000 3341 iudicio
2020 3294 2144 3344 bannum
2165 3295 2205 3344 cis
2224 3310 2249 3349 25

542 3399 707 3464 imponendo
726 3406 775 3448 aut
802 3399 939 3447 iusticiam
966 3398 1000 3446 ab
1020 3399 1059 3446 eis
1080 3395 1165 3446 ullam
1183 3396 1357 3460 aliquatenus
1378 3398 1513 3461 exigendo
1537 3398 1638 3447 audeat
1662 3399 1825 3462 inquietare,
1851 3408 1967 3465 excepta
1989 3392 2200 3450 sollummodo‘l

542 3504 603 3568 lege
625 3504 683 3563 illa,
710 3521 791 3569 quarn
812 3504 963 3553 advocatus
983 3505 1106 3569 episcopi
1125 3505 1173 3567 qui
1192 3503 1330 3569 praesidet
1350 3504 1439 3552 eidem
1459 3503 1611 3553 aecclesiae
1631 3503 1713 3553 solito
1734 3521 1808 3555 more
1828 3506 1862 3554 ab
1882 3507 1921 3554 eis
1942 3506 2024 3555 debet
2045 3523 2204 3572 reposcere,

541 3620 569 3661 et
595 3612 645 3662 illa
670 3614 737 3662 iuris
764 3613 918 3669 sanctione,
945 3598 971 3659 si
997 3595 1075 3683 quid
1098 3612 1254 3659 necessario
1274 3619 1387 3675 propter
1406 3610 1524 3675 capitale
1544 3613 1647 3661 crimen
1673 3612 1699 3659 in
1726 3613 1865 3676 presentia
1884 3612 1963 3661 ducis
1990 3621 2073 3684 opus
2102 3599 2204 3664 habet

541 3721 611 3769 liniri
635 3703 833 3769 iudicialiter
856 3716 887 3767 ct
912 3703 1157 3766 delsinlinali⁰.
1202 3718 1236 3765 Et
1255 3724 1285 3767 ut
1305 3718 1373 3766 haec
1392 3726 1502 3767 nostrae
1522 3719 1710 3767 concessionis
1730 3720 1880 3768 auctoritas
1900 3719 2002 3769 firmior
2018 3734 2036 3764 s
2057 3720 2203 3777 habeatur,

541 3829 593 3878 hoc
618 3836 728 3877 nostrae
753 3826 946 3875 dominationis
974 3836 1150 3889 praeceptum
1168 3838 1184 3868 a
1211 3841 1291 3874 mauu
1319 3826 1430 3890 propria
1456 3810 1644 3873 roboratum
1669 3824 1798 3874 nostrae
1824 3812 1975 3896 imaginis
2000 3813 2096 3897 signo
2122 3828 2202 3877 iussi·
2221 3842 2246 3879 so

542 3952 601 3985 mars
625 3935 759 4000 insigniri.

649 4054 666 4143 ᾖ
690 4056 827 4140 Signum
844 4052 962 4116 domni
986 4052 1133 4114 Heinrici
1158 4061 1222 4127 (ii.)
1246 4053 1333 4135 regis
1358 4051 1390 4113 in
1415 4050 1544 4113 Christo
1568 4049 1825 4138 invictissimi}

649 4195 878 4288 {Egilbertus
903 4193 1117 4257 cancellarius
1140 4194 1214 4255 vice
1239 4192 1403 4275 Uuilligisi
1427 4190 1681 4276 archicapellani
1705 4194 1838 4255 notavit.
1863 4191 1880 4281 ξ
2023 4203 2079 4272 (SI.
2105 4204 2158 4267 D.)

650 4340 740 4403 Data
763 4335 837 4400 llis
865 4336 908 4399 id.
932 4348 1025 4398 mart.
1050 4356 1135 4397 anno
1160 4335 1391 4399 incarnationis
1416 4334 1598 4397 dominicae
1621 4347 1706 4415 Mul,
1731 4333 1908 4399 indictione
1931 4351 1957 4411 Ι,
1986 4360 2073 4401 anno
2097 4337 2197 4426 verod

543 4448 654 4510 domni
678 4442 827 4506 Heinrici
851 4440 1017 4524 regnantis
1041 4438 1196 4519 adhuc13
1221 4453 1330 4503 actum
1353 4440 1497 4503 Mindae.
2220 4477 2243 4515 35

1335 4739 1405 4825 43.

546 4905 724 4978 Heinrich
751 4904 916 5003 aestatim
942 4904 1018 4976 dem
1047 4902 1194 4976 Klostcr
1214 4901 1408 5000 Nienbarp
1434 4899 1705 4998 Kiinipsscltatz,
1731 4901 1949 4977 Imrnanitdt
1970 4904 2052 4977 aad
2081 4904 2201 4979 Walt-

545 5023 657 5113 rccltt,
692 5037 798 5096 crater
830 5023 1023 5095 Vorbelralt
1057 5024 1156 5094 cister
1183 5018 1419 5117 dfitwirlcanp
1455 5017 1516 5090 des
1544 5019 1685 5117 lt'tinips
1717 5021 1774 5092 eea·
1807 5021 1872 5094 der
1903 5021 2103 5121 Besetzanp
2138 5026 2203 5097 der

547 5143 768 5217 ilbawe'trde.
1694 5166 1873 5242 alicpdebarp
1898 5169 1975 5228 1003
1998 5170 2086 5228 Mart
2104 5176 2157 5229 22).

653 5351 896 5423 (iripirruldiplom
922 5351 959 5407 im
984 5350 1058 5405 bera.
1084 5348 1179 5404 Haas-
1205 5344 1264 5401 elaad
1288 5341 1486 5399 Stant-sarcilia·
1508 5361 1541 5399 za
1566 5343 1669 5401 Zerbst
1693 5346 1761 5411 (A).
2218 5373 2242 5412 40

653 5494 817 5551 Bcclmmnn
850 5493 966 5549 ilrrlealt.
999 5491 1079 5547 Hiar.
1107 5492 1134 5557 1,
1158 5490 1218 5545 430
1247 5488 1277 5541 n⁰
1300 5486 1319 5541 7
1342 5504 1395 5541 cels
1418 5485 1442 5540 A
1477 5505 1516 5529 =
1545 5485 1666 5542 Leibrriz
1693 5487 1768 5544 Ana
1794 5491 1823 5555 3,
1847 5490 1916 5545 834.
1948 5519 1990 5525 -
2020 5490 2203 5550 Heirrenmnn

633 5677 680 5732 42.
707 5677 916 5746 [Folia-Bloch]
972 5690 998 5731 a>
1026 5678 1077 5725 alas
1101 5677 1190 5724 :recita
1215 5689 1229 5723 c
1253 5686 1322 5721 corr.
1349 5685 1400 5718 aas
1425 5668 1433 5719 l
1523 5670 1552 5723 bl
1580 5669 1609 5720 ili
1631 5686 1702 5723 corr.
1720 5688 1772 5721 ares
1791 5673 1818 5723 ui
1837 5674 1901 5725 adar
1918 5674 1947 5724 iu
2036 5676 2062 5731 c)
2085 5679 2124 5739 A,
2149 5696 2204 5729 rer-

706 5751 837 5799 avla-aban
857 5752 907 5812 sar·
926 5749 1077 5798 sancientes
1155 5744 1184 5794 ‹i›
1207 5746 1230 5793 Α
1309 5754 1334 5791 et
1357 5744 1384 5790 et
1397 5738 1572 5791 determinari
1590 5744 1645 5803 auf
1656 5742 1752 5792 Basra·
1827 5742 1849 5797 f)
1871 5745 1903 5794 ob
1919 5754 1955 5792 111
1975 5746 2040 5796 oder
2058 5746 2085 5796 ui
2157 5759 2204 5805 rr,

709 5823 742 5869 ar
761 5822 830 5870 ne'clrl
848 5837 882 5870 zu
901 5820 1071 5869 errlsclrer'rlcn.
