4836 6504
779 458 788 475 ⁸
845 455 1081 512 HEINRICH
1102 456 1140 511 Π.
1183 453 1277 512 1001.
1823 446 1886 510 201

345 653 436 727 eiaiqe
457 652 554 712 Worte
577 652 630 711 den
660 653 767 711 ultores
790 651 863 711 DD.
885 654 939 722 [ον
960 652 1104 728 Bumberp
1133 657 1325 723 caiacum
1355 652 1412 711 wir
1441 652 1531 711 luben
1560 652 1602 711 sie
1630 652 1708 710 rziclrt
1738 651 1887 711 beraudus

346 760 510 831 ὸετεὲοὴιιεί,
542 759 581 818 da
611 759 671 818 sich
702 759 780 817 aicit
811 758 953 818 amittas
984 760 1066 830 lassi,
1097 759 1212 818 welaes
1239 758 1279 817 D.
1308 758 1366 818 Ba.
1390 757 1432 817 II
1456 759 1501 818 uls
1528 758 1648 832 Vorlcye
1679 759 1790 817 bcaatzt
1821 758 1888 829 lrat,·

348 866 499 940 subpliciter
520 866 611 925 Weiss
632 865 700 925 siud
721 866 763 925 sic
784 866 856 925 auch
878 884 951 941 qauz
972 866 1042 924 ohne
1062 865 1182 941 Vorluqe
1203 865 1334 940 lediyliclr
1357 883 1410 925 cars
1432 865 1494 924 dem
1519 864 1693 947 Gedurlrtm's
1716 864 1747 923 ia
1770 864 1824 923 das
1845 865 1887 923 im

345 973 463 1047 abrisen
486 972 674 1047 selbstdudiye
696 970 799 1032 Dictat
821 973 973 1047 ciupefr'tpt.

203 1165 217 1203 s
346 1141 404 1225 (C)
428 1138 445 1229 3
467 1139 506 1203 Iu
535 1141 666 1204 nomine
696 1151 809 1229 sancte
840 1151 871 1204 et
900 1139 1068 1229 iudiridue
1097 1141 1261 1205 trinitatis.
1314 1141 1488 1205 Heinricus
1519 1139 1631 1205 diuina
1661 1139 1791 1204 favente
1822 1139 1887 1204 cle·

239 1249 362 1313 ruentia
384 1248 602 1312 Romanorum
625 1248 858 1312 invictissimus
881 1269 949 1311 rex.
1059 1248 1178 1312 Notum
1198 1249 1238 1311 sit
1258 1246 1427 1311 omnibus¹²
1446 1247 1578 1337 sancteb
1598 1245 1652 1310 dei
1669 1244 1687 1335 3
1706 1245 1885 1334 aecclesipc

240 1352 392 1419 fidelibus
415 1342 620 1441 presentibus
644 1353 770 1419 scilicet
792 1365 825 1418 et
847 1354 973 1436 futuris,
1005 1355 1144 1441 qualiter
1165 1378 1225 1420 nos
1249 1354 1359 1418 divine
1382 1353 1603 1418 retributionis
1634 1376 1691 1440 spe
1722 1351 1886 1439 quendam

240 1472 350 1546 nostre
373 1462 581 1547 proprietatis
604 1461 711 1526 locum
733 1460 926 1525 Babenberc
957 1461 1080 1525 dictum
1110 1459 1153 1525 ad
1183 1462 1338 1527 honorem
1368 1460 1421 1524 dei
1452 1461 1681 1547 omnipotentis
1712 1470 1744 1524 et
1774 1470 1887 1549 sancte

239 1568 343 1657 ilaris
373 1569 485 1632 matris
516 1567 639 1631 domini
667 1568 769 1631 nostri
791 1567 868 1631 Iesu
891 1566 1013 1632 Christi
1042 1580 1292 1655 sanctorumque
1323 1567 1541 1654 apostolorum
1563 1567 1653 1631 Petri
1681 1577 1713 1632 et
1736 1566 1830 1631 Pauli
1855 1577 1887 1630 et

197 1677 382 1739 nomnium
406 1685 601 1755 sanctorum,
633 1675 854 1738 consentiente
883 1673 1096 1739 dilectisimad
1125 1675 1295 1761 conguge‘l
1318 1684 1428 1739 nostra
1456 1673 1651 1760 Cvnigunda
1681 1685 1715 1739 et
1744 1675 1888 1738 omniurn

240 1782 332 1866 regni
354 1783 455 1845 nostri
478 1782 673 1867 principum,
697 1781 731 1844 in
755 1780 882 1845 culmen
906 1792 938 1845 et
960 1781 1072 1846 sedem
1096 1784 1302 1868 episcopatus
1325 1783 1545 1868 proveximus,
1578 1793 1613 1846 ut
1643 1791 1676 1846 et
1698 1780 1744 1845 ibi
1768 1781 1888 1867 iugiter

240 1889 346 1952 hostia
369 1888 431 1952 deo
454 1898 652 1951 mactaretur
675 1887 825 1952 salutaris
856 1899 888 1951 et
918 1898 1028 1953 nostra
1057 1900 1305 1975 nostrorumque
1335 1899 1577 1953 antecessorum
1600 1888 1687 1952 salus
1710 1888 1888 1953 haberetur

241 1994 447 2059 memorialis.
492 1994 546 2058 Ad
570 1996 662 2059 cuius
685 1995 892 2080 episcopatus
915 2006 1124 2079 augmentum
1147 1996 1203 2083 pia
1224 1995 1397 2081 largitione
1421 1994 1585 2081 quoddam
1608 2004 1717 2083 nostre
1741 1994 1886 2059 domina-

240 2102 337 2165 tionis
361 2101 554 2166 coutulimus
572 2101 722 2188 predium
733 2100 940 2165 Vorbchem⁰
959 2102 1082 2166 dictum
1101 2104 1135 2166 iu
1153 2125 1239 2189 pago
1258 2103 1483 2189 Ratcnzgouui
1507 2103 1604 2166 situm
1628 2103 1712 2166 etin
1731 2103 1887 2166 comitatu

197 2229 222 2268 rs
240 2206 410 2272 Adelberti
441 2209 579 2291 comitia
615 2230 689 2273 cum
719 2206 868 2272 omnibus
899 2209 970 2271 eius
1002 2207 1227 2273 adiacentibus
1261 2210 1344 2274 vicis
1373 2208 1459 2273 villis
1490 2210 1593 2273 servis
1628 2207 1753 2282 ancillis
1787 2207 1886 2272 rebus

240 2313 414 2379 mobilibus
437 2314 491 2378 vel
521 2312 729 2379 inmobilibus
759 2316 853 2378 terris
884 2314 978 2378 cultis
1008 2315 1062 2379 vel
1092 2315 1221 2380 incultis
1251 2314 1393 2380 exitibus
1424 2327 1456 2380 et
1485 2313 1644 2380 reditibus
1675 2326 1707 2379 et
1737 2312 1886 2380 omnibus

240 2443 303 2507 que
322 2421 388 2486 ullo
406 2420 502 2487 modo
523 2421 622 2486 scribi
637 2421 691 2486 vel
709 2423 869 2486 nominari
887 2432 1023 2508 possunt
1041 2422 1243 2505 utilitatibus,
1264 2444 1303 2486 ea
1320 2424 1356 2486 in
1373 2422 1435 2487 bac
1456 2421 1629 2486 donatione
1648 2423 1699 2485 usi
1715 2432 1886 2508 potestate,

240 2551 306 2613 qua
327 2530 428 2593 nostri
452 2539 675 2593 antecessores
698 2551 794 2614 reges
817 2528 971 2593 videlicet
1000 2539 1033 2593 et
1055 2530 1266 2615 imperatores
1290 2528 1428 2594 antehac
1452 2539 1526 2593 sunt
1549 2530 1599 2592 usi
1623 2529 1656 2591 iu
1680 2528 1886 2592 sanctarum‘

240 2634 473 2699 aecclesiarum
508 2635 675 2699 ditatione.
734 2634 942 2722 Quapropter
972 2657 1032 2721 per
1060 2645 1224 2700 nostram⁸
1254 2635 1400 2723 regalem
1428 2634 1661 2699 inviolabiliter
1688 2635 1886 2720 precipimus

195 2763 221 2801 ro
239 2743 429 2826 potentiam,
453 2752 488 2805 ut
510 2739 604 2806 nobis
623 2743 657 2805 in
677 2740 738 2806 deo
758 2741 895 2806 dilectus
913 2741 1124 2806 Eberhardus
1143 2743 1266 2828 primus
1285 2743 1432 2829 predicte
1452 2741 1539 2806 sedis
1558 2741 1731 2827 episcopus
1749 2739 1886 2805 liberam

240 2847 358 2911 dehinc
389 2847 509 2913 habeat
537 2859 731 2934 potestatem
765 2849 899 2935 eiusque
930 2871 1135 2913 successores
1164 2848 1325 2935 prefatum
1356 2848 1505 2935 predium
1536 2848 1668 2913 tenendi
1697 2846 1887 2934 possidendi

241 2955 460 3019 commutandi
484 2978 542 3019 serr
566 2955 722 3042 quicquid
746 2955 808 3019 sibi
831 2955 912 3020 libet
933 2955 1039 3020 modis
1062 2954 1212 3020 omnibus
1235 2957 1269 3020 iu
1291 2978 1386 3020 usum
1405 2957 1612 3041 episcopatus
1630 2954 1707 3020 inde
1730 2953 1886 3019 faciendi.

240 3060 286 3124 Ut
308 3062 408 3147 igitur
430 3061 490 3150 hec
513 3074 623 3151 nostre
653 3061 837 3127 donationis
867 3063 1089 3127 munificentia
1118 3086 1204 3127 nunc
1236 3074 1268 3127 et
1296 3063 1331 3126 in
1361 3073 1527 3149 posterum
1557 3062 1681 3127 stabilis
1712 3072 1746 3126 et
1775 3063 1887 3125 incon-

240 3167 370 3231 vulssad
388 3180 588 3253 permaneat,
610 3168 672 3233 hoc
690 3180 881 3256 preceptum
900 3168 976 3233 inde
999 3170 1217 3256 couscriptum
1235 3192 1334 3234 manu
1352 3171 1485 3256 propria
1503 3168 1770 3234 corroborantesh
1789 3167 1887 3255 sigilli

196 3298 222 3338 rs
240 3276 342 3339 nostri
364 3276 516 3340 iussimus
539 3277 753 3362 impressione
777 3277 936 3362 insigniri.

346 3414 364 3505 3
388 3416 524 3504 Signum
548 3418 658 3483 domni
681 3419 830 3483 Heinrici
853 3418 916 3506 (M)
940 3420 1027 3505 regis
1049 3421 1265 3484 invictissimi.
1291 3417 1309 3507 3

346 3557 364 3647 3
388 3559 588 3624 Guntlrerius
607 3562 821 3626 cancellarius
841 3560 884 3626 ad
906 3562 1013 3626 vicem
1032 3562 1196 3647 Uuilligisi
1216 3562 1492 3648 archicappellani
1510 3560 1697 3648 recognor.¹
1719 3558 1736 3649 3
1774 3561 1829 3645 (SI.
1845 3562 1887 3643 2.)

347 3701 435 3766 Data
459 3702 524 3766 kal.
549 3726 623 3767 nov.
648 3703 824 3767 indictione
841 3719 874 3783 v,
899 3726 984 3768 anno
1009 3703 1170 3787 dominico
1195 3705 1427 3768 incarnationis
1450 3718 1541 3779 MVII,
1566 3725 1651 3767 anno
1675 3725 1752 3767 vero
1777 3701 1888 3767 domni

241 3799 388 3871 llciurici
411 3809 546 3872 secundi
569 3812 737 3895 regnantis
753 3825 808 3892 vu
840 3820 948 3874 actum
971 3811 1230 3894 Frankouofurt3
1261 3810 1400 3875 feliciter
1423 3833 1529 3874 amen.

197 4194 224 4232 ιι
1028 4146 1107 4231 171.

242 4318 421 4393 Heinrich
445 4321 590 4396 ecbatkt
615 4323 693 4397 doru
711 4324 859 4398 Kloster
875 4322 986 4415 Staio,
1013 4324 1158 4398 rrelcbcs
1184 4351 1223 4397 er
1249 4324 1328 4397 dem
1354 4350 1425 4397 vau
1452 4323 1524 4397 ibor
1543 4323 1790 4425 peprdudeteu
1807 4323 1890 4397 Bis·

243 4438 339 4512 tluuu
367 4440 551 4540 Bombos-p
576 4442 824 4540 uaterworfea
849 4443 921 4534 bot,
949 4443 1019 4516 deu
1041 4441 1109 4518 Ort
1129 4442 1304 4517 Kircbcn.

1479 4620 1523 4628 -
1547 4592 1627 4651 1007
1642 4590 1800 4650 ll'orcmbcr
1815 4591 1843 4650 1.

353 4770 488 4830 Urlruade
510 4770 559 4829 des
581 4771 629 4828 12.
646 4769 699 4830 Jlr.
723 4770 756 4827 iu
778 4768 977 4843 Diplomsorm
1000 4770 1042 4826 im
1065 4767 1264 4827 Stuatsarclrio
1286 4787 1321 4827 ru
1344 4767 1553 4843 Sclufflraasca
1578 4769 1649 4836 (A).
1672 4798 1716 4807 —
1738 4769 1891 4840 Absclrrifl

350 4895 402 4935 urus
424 4877 486 4936 dem
510 4877 557 4936 15.
574 4877 627 4937 Jlr.
651 4877 692 4935 im
712 4876 808 4936 Urbor
831 4874 944 4934 Steiucr
967 4874 1207 4950 Gcrecbtiqlceitcu
1226 4878 1298 4949 p.2
1320 4875 1425 4935 ebcrrda
1449 4876 1518 4942 (B).

350 5020 448 5093 Lilaia
471 5019 620 5089 RA.18⁰,
643 5020 704 5077 427
727 5020 794 5077 ⁷2⁰2
817 5019 848 5077 ιἰι
871 5018 1016 5076 deutscber
1035 5017 1246 5091 Cebcrselzuuy.
1263 5047 1307 5056 -
1323 5017 1454 5092 Neuqort
1474 5016 1536 5076 CD.
1557 5017 1647 5076 Aluu.
1665 5019 1697 5087 2,
1720 5020 1760 5076 23
1782 5020 1815 5076 ιιο
1830 5019 1890 5076 819

350 5145 403 5185 auc
424 5126 451 5184 A
474 5127 527 5184 mit
549 5144 634 5185 anno
658 5118 743 5201 [regi
764 5126 794 5183 11
818 5146 859 5171 =
888 5125 1062 5184 Usscrmuuu
1084 5125 1141 5199 Ep.
1166 5126 1281 5196 Bamb,
1304 5126 1389 5199 prob.
1408 5126 1447 5182 17
1469 5128 1501 5183 a⁰
1517 5126 1565 5195 13,
1589 5145 1630 5171 =
1654 5124 1754 5199 ilique
1775 5125 1895 5184 PutroL·

351 5235 418 5303 110,
434 5234 494 5292 271
513 5236 545 5291 ιιο
557 5236 604 5291 35,
618 5263 661 5271 -
676 5233 770 5292 Vertar
785 5234 817 5291 iu
829 5231 977 5304 Schriften
994 5234 1043 5291 des
1058 5232 1174 5291 Vereins
1190 5235 1243 5302 fr'tr
1259 5232 1357 5291 Gescb.
1374 5232 1423 5290 des
1437 5231 1596 5291 Bodcusecs
1611 5232 1658 5301 13,
1676 5233 1715 5290 65
1730 5249 1783 5290 aas
1798 5232 1833 5290 A.
1847 5260 1891 5270 —

351 5341 465 5398 Hidber
488 5340 724 5415 Re9.1219.—
747 5340 875 5399 Bdlrmer
897 5339 1137 5415 1091028.-
1161 5338 1283 5413 Sturnpf
1301 5339 1372 5413 Req.
1391 5340 1480 5397 1185.

199 5545 226 5583 ro
316 5526 378 5581 170.
404 5524 550 5595 [Bresslau]
581 5528 608 5593 a)
628 5526 744 5591 omibus,
763 5527 829 5579 olme
841 5527 1134 5593 Abkarzunyazeiclrca,
1148 5529 1172 5578 A
1227 5525 1256 5594 1))
1273 5542 1325 5593 sce,
1342 5525 1408 5578 ohne
1420 5525 1713 5591 Ablurzrmyazeicben,
1727 5530 1752 5579 Α
1807 5530 1832 5593 c)
1849 5530 1892 5580 ein

404 5599 502 5649 cuba
519 5599 567 5649 da·
585 5599 656 5649 Zeile
673 5599 865 5663 nachpuraqen
932 5597 961 5663 d)
984 5601 1009 5650 Α
1072 5600 1097 5663 c)
1117 5599 1167 5649 das
1185 5605 1252 5650 crata
1269 5596 1288 5648 b
1307 5596 1371 5649 aba
1388 5598 1436 5649 der
1454 5597 1527 5648 Zeile
1544 5598 1737 5663 uocbpetraaen
1801 5597 1826 5667 1)
1842 5600 1893 5654 das

404 5668 689 5735 Abkaraunyszcr'clsea
714 5671 779 5721 tiber
805 5687 823 5721 ιι
848 5669 913 5733 fehlt
1002 5670 1031 5741 g)
1054 5669 1181 5721 dariam
1202 5672 1245 5721 eia
1265 5669 1347 5733 Wmt,
1373 5668 1593 5720 wahrschcinlr'clr
1619 5668 1802 5739 imperialem,
1829 5688 1894 5724 aas·

403 5740 506 5791 radicrt
572 5739 601 5805 h)
622 5741 657 5792 da
676 5743 727 5792 dos
744 5758 762 5793 rr
780 5757 830 5792 aaa
849 5740 1057 5794 corroborantes
1075 5741 1209 5793 carambi
1228 5757 1295 5803 war,
1313 5746 1378 5805 trag
1395 5739 1443 5793 der
1459 5739 1598 5792 Schreiber
1615 5743 1658 5792 eia
1676 5745 1777 5795 ructas
1793 5760 1812 5795 n
1828 5744 1894 5795 uber

403 5812 451 5863 cler
469 5812 540 5864 Zeila
557 5814 626 5863 nach
698 5812 718 5877 i)
740 5814 796 5865 dies
815 5813 889 5863 ll'ort
908 5815 942 5864 ist
961 5815 990 5864 in
1008 5813 1058 5864 dea
1077 5814 1138 5866 DI).
1157 5813 1202 5865 das
1221 5812 1271 5866 Ba.
1285 5812 1319 5863 ΙΙ
1334 5813 1377 5865 nic
1394 5812 1617 5877 ousowcbricben.

311 5937 511 5977 Kaiscrurkunderr
524 5938 568 5977 ΙΙΙ.
1644 5921 1679 5975 26
