4800 6516
1140 451 1602 507 KAISERURKUNDEN.

651 644 788 729 Signum
811 643 921 707 domni
944 642 1093 705 Hcinrici
1120 639 1327 703 invictissimi
1350 639 1448 722 regis.

650 785 838 871 Egilbertus
862 782 1076 848 cancellarius
1103 783 1137 845 in
1159 782 1233 845 vice
1257 779 1413 865 Willigisi
1438 778 1719 843 archicancellarii
1742 777 1829 843 not.b

650 928 739 991 Data
767 941 850 990 VIII.
879 925 946 990 kal.
978 922 1127 989 decemb.
1166 945 1252 987 anno
1283 921 1445 985 dominice
1482 922 1716 986 incarnationis
1744 936 1821 1004 ΜΠ,
1851 921 2029 986 indictione
2052 937 2081 1005 I,
2115 944 2206 986 anno

542 1057 621 1099 vero
645 1034 756 1098 domni
779 1033 927 1097 Hcinrici
951 1031 1157 1096 invictissimi
1180 1030 1268 1115 regis
1291 1044 1322 1111 13
1347 1038 1456 1091 actum
1480 1026 1687 1113 Radaspone.

1343 1344 1411 1431 33.
2227 1375 2241 1415 s

543 1512 721 1586 Heinrich
753 1509 901 1585 cobenlrt
933 1510 1014 1583 dem
1046 1506 1271 1605 Erzbrscbof
1297 1507 1469 1607 Hartwip
1503 1534 1576 1581 von
1610 1503 1789 1607 Sabbarp
1822 1506 1903 1582 aad
1933 1506 2031 1579 nacla
2064 1508 2205 1581 seinem

547 1630 645 1705 Tode
670 1630 741 1704 den
766 1628 994 1703 Domlrerren
1020 1627 1086 1702 der
1110 1624 1329 1726 Sobbnrper
1354 1626 1494 1700 Kirclre
1520 1627 1579 1699 ein
1608 1624 1683 1702 Gor
1708 1628 1760 1699 int
1785 1624 1957 1725 Isnnyan.

1617 1754 1800 1830 assessus
1823 1757 1904 1815 1002
1928 1756 2085 1816 anemae
2103 1757 2158 1816 aa.

575 1961 578 1966 *
649 1935 820 2011 Solebarqer
842 1935 1087 1994 Kammerbucler
1109 1934 1203 1992 Bur
1227 1937 1251 2004 s.
1270 1934 1326 1991 111
1350 1951 1403 1992 erar
1425 1934 1489 1992 dem
1511 1932 1595 1991 liade
1616 1932 1665 1991 des
1689 1933 1735 1991 13.
1752 1932 1806 1991 Jb.
1830 1933 1871 1991 im
1893 1933 1922 1991 lt.
1946 1934 1975 1992 lc.
1999 1932 2097 1992 Hars-
2122 1934 2203 2005 Hos·

650 2042 707 2101 and
730 2041 930 2101 Stootsarebiv
958 2059 993 2099 zu
1023 2041 1104 2099 Wien
1128 2041 1198 2108 (Β).
1229 2070 1274 2078 -
1306 2039 1402 2099 Codex
1432 2040 1622 2099 traditionum
1652 2040 1739 2113 capit.
1764 2038 1992 2115 Solisburpensis
2016 2042 2041 2112 s.
2066 2032 2120 2098 37‘
2148 2057 2203 2100 aas
2222 2059 2246 2099 ro

647 2149 710 2207 dem
732 2149 854 2223 Ansonp
876 2148 925 2207 des
947 2149 994 2207 14.
1014 2148 1067 2208 Jb.
1091 2148 1197 2207 ebendo
1221 2146 1286 2214 (0).

648 2290 852 2365 (Klamayrn)
872 2290 1007 2359 Iunonia,
1030 2291 1105 2349 Ana.
1125 2292 1185 2349 213
1203 2292 1237 2349 n⁰
1251 2292 1292 2349 83
1311 2308 1364 2349 ons
1379 2291 1410 2348 B
1434 2311 1476 2336 =
1500 2288 1760 2360 Koch-Stanseld
1782 2289 1927 2363 Beylrdpe
1949 2289 2034 2357 3,10
2055 2291 2088 2347 n⁰
2107 2291 2136 2348 1.
2158 2319 2203 2327 —

646 2398 773 2456 Bbbmer
794 2397 866 2472 Rep.
887 2398 948 2456 922
969 2415 1005 2455 zu
1027 2397 1186 2456 Novonber
1203 2398 1254 2455 25.
1279 2426 1322 2434 -
1348 2396 1471 2470 Stamps
1490 2396 1561 2470 Rep.
1584 2397 1661 2455 1340
1683 2388 1718 2453 'zu
1740 2395 1900 2454 November
1915 2397 1966 2453 25.

652 2539 896 2598 Wabrscbeinliob
918 2540 1084 2598 ausserbolb
1099 2540 1151 2598 der
1165 2539 1289 2598 Kanzlei
1313 2541 1449 2609 versassl,
1473 2540 1543 2597 uber
1565 2540 1619 2597 mit
1640 2539 1790 2609 mebrsaob
1812 2538 1936 2596 derdlicb
1953 2538 2202 2598 bervortretender

647 2647 815 2721 Anlebnnnp
845 2666 883 2704 on
912 2646 966 2704 den
989 2645 1241 2721 Spraebpebroncb
1264 2646 1313 2704 des
1336 2645 1403 2703 ΕΒ.
1455 2645 1515 2704 Von
1538 2646 1591 2703 den
1615 2646 1713 2703 beiden
1736 2645 1924 2715 Absclnr'sten
1950 2645 2027 2703 kann
2050 2644 2135 2704 lecina
2156 2646 2201 2705 adr
2221 2658 2243 2698 u

646 2753 694 2811 die
714 2753 864 2827 durebroep
892 2753 1113 2827 znverldsriqere
1135 2754 1288 2811 belrocbtel
1311 2753 1433 2821 werden,
1465 2770 1496 2810 so
1519 2752 1587 2811 dass
1618 2752 1673 2810 wir
1695 2752 1776 2810 einen
1799 2751 1985 2810 elclelcliccben
2011 2751 2083 2809 Ter!
2113 2757 2201 2810 amer

647 2860 923 2934 Berttolcsicbtipnnq
945 2859 997 2917 der
1018 2860 1131 2918 zeitlicb
1153 2859 1401 2919 melsldebenden
1427 2858 1583 2917 Urlrnnden
1606 2858 1765 2932 laerpeslellt
1787 2858 1886 2916 buben.
1935 2858 2000 2916 Fr'tr
2022 2857 2069 2916 die
2093 2857 2200 2917 Ortbo·

647 2966 768 3039 qrapbie
796 2967 886 3024 haben
916 2966 972 3023 wir
1001 2995 1044 3003 -
1074 2967 1224 3040 obpeseben
1255 2986 1307 3025 von
1337 2966 1448 3039 einipen
1471 2965 1667 3039 Eipennamen
1690 2994 1734 3001 —
1759 2962 1783 3022 C
1810 2983 1846 3022 nr
1871 2963 1989 3023 Grande
2016 2965 2113 3039 pelopi,
2147 2965 2201 3023 das

648 3073 711 3130 nm
733 3056 895 3146 annisa
910 3071 1142 3130 nasamones
1165 3073 1255 3131 nur
1276 3073 1392 3130 sommi.
1417 3101 1460 3109 -
1488 3071 1577 3130 msa
1599 3072 1651 3129 aaz
1675 3071 1799 3145 mnaso
1824 3072 1878 3145 2291.
1902 3071 1997 3130 sese.
2021 3089 2074 3129 zur
2092 3070 2201 3130 Kone

650 3177 836 3236 Sleiermdrlc.
863 3177 1135 3252 Gesobioblsqnellen
1157 3180 1186 3248 9,
1203 3180 1242 3236 49
1257 3178 1291 3251 ff.
2217 3190 2242 3230 ³⁰

650 3363 689 3426 ln
718 3364 848 3428 nomine
881 3374 992 3428 sancte
1023 3376 1056 3428 et
1084 3364 1252 3429 individue
1283 3366 1448 3428 trinitatis.
1504 3365 1682 3428 Heinricus
1713 3363 1826 3427 divina
1855 3364 1987 3428 favente
2018 3363 2199 3429 clemencia

543 3491 613 3533 rex.
730 3468 894 3556 Competit
922 3469 1055 3556 regibus
1086 3471 1198 3534 divina
1228 3470 1425 3536 exaltatione
1457 3470 1639 3535 sublimatis
1671 3468 1910 3535 sublimationis
1941 3494 1998 3535 sue
2030 3471 2198 3535 decretum

542 3577 596 3661 pio
621 3575 719 3639 corde
743 3576 910 3640 attendere
934 3588 966 3641 et
984 3576 1198 3642 ecclesiarum
1221 3577 1264 3641 ad
1288 3601 1323 3641 se
1347 3578 1585 3663 respitientium
1609 3579 1802 3642 tenuitatem
1825 3600 1884 3663 pro
1901 3577 2012 3641 divine
2035 3577 2197 3641 mercedis

544 3681 759 3746 emolumento
790 3681 887 3747 rebus
920 3684 982 3747 sibi
1014 3684 1129 3748 celitus
1160 3686 1324 3748 concessis
1337 3694 1352 3724 ⁸
1387 3683 1544 3749 relevare.
1599 3684 1808 3770 Quapropter
1837 3683 1982 3748 fidelium
2014 3695 2198 3749 nostrorum

543 3790 742 3873 presentium
772 3789 897 3854 scilicet
919 3802 952 3855 et
974 3791 1156 3855 futurorum
1179 3792 1335 3856 noticioni
1359 3801 1485 3877 pateat,
1517 3790 1657 3877 qualiter
1679 3813 1739 3853 nos
1762 3813 1822 3877 per
1845 3789 2011 3854 assiduam
2034 3791 2196 3855 interven·
2214 3809 2239 3850 ss

543 3894 663 3958 tionem
685 3894 802 3960 dilecte
827 3898 974 3982 coniugis
997 3908 1106 3962 nostre
1123 3896 1341 3985 Chunigrmde
1365 3897 1520 3961 videlicet
1543 3898 1656 3983 regine
1672 3897 1832 3961 Hartwici
1854 3896 1960 3960 fidelis
1984 3897 2086 3960 nostri
2100 3896 2196 3961 qua-

542 4002 651 4065 uensis
675 4002 813 4066 ecclesie
844 4003 1084 4089 archiepiscopi
1113 4018 1297 4092 promptam
1328 4002 1537 4068 servitutemb
1566 4004 1806 4089 perpendentes
1830 4014 1863 4068 et
1886 4003 1927 4067 ob
1951 4003 2013 4067 hoc
2042 4000 2195 4089 precibus

543 4107 610 4171 suis
632 4119 710 4172 vota
731 4120 843 4172 nostra
864 4109 1059 4175 inclinantes
1083 4111 1249 4197 quoddam
1271 4112 1374 4175 nostri
1397 4112 1497 4174 iurisc
1523 4111 1673 4197 predium
1696 4110 1732 4173 in
1751 4109 1952 4197 Lungowed,
1976 4110 2011 4173 id
2034 4120 2084 4173 est
2106 4110 2195 4194 quic·

543 4213 623 4300 quid
646 4214 766 4279 dilecta
788 4226 893 4280 mater
919 4228 1031 4281 nostra
1054 4214 1178 4281 Gisila⁰
1207 4218 1365 4282 hactenus
1393 4216 1461 4281 ibis
1488 4216 1655 4304 possidere
1680 4226 1713 4280 et
1735 4217 1929 4303 potestative
1953 4217 2025 4279 visa
2048 4226 2097 4280 est
2120 4238 2195 4280 con·

542 4320 656 4402 tinere,
688 4344 762 4385 cum
785 4322 935 4386 omnibus
965 4322 1008 4387 ad
1031 4322 1066 4385 id
1089 4323 1238 4408 legaliter
1267 4322 1506 4409 pertinentibus
1530 4323 1725 4387 adiacentiis
1749 4333 1782 4386 et
1804 4321 1998 4386 utensilibus
2022 4320 2195 4385 mobilibus
2212 4342 2237 4383 n

543 4435 576 4490 et
597 4426 807 4491 inmobilibus
829 4428 974 4493 curtibus
995 4430 1080 4494 casis
1104 4430 1242 4495 edificiis
1259 4429 1467 4494 censualibus
1491 4442 1524 4494 ct
1547 4431 1716 4515 utriusque
1741 4452 1839 4493 sexus
1863 4430 2037 4515 mancipiis
2052 4427 2194 4492 tabernis

542 4531 701 4597 theloneis
725 4535 813 4620 agris
837 4537 931 4599 terris
954 4536 1050 4601 cultis
1074 4547 1107 4600 et
1129 4535 1259 4600 incultis
1282 4538 1384 4622 pratis
1408 4539 1538 4622 pascuis
1563 4535 1691 4621 alpibus
1715 4534 1878 4599 montibus
1902 4534 1992 4599 silvis
2016 4535 2195 4599 venationi-

542 4636 604 4703 bus
634 4641 727 4725 aquis
758 4663 959 4726 aquarumve
990 4641 1182 4708 decursibus
1214 4642 1408 4706 molendinis
1439 4641 1677 4729 piscationibus
1707 4643 1770 4707 viia
1801 4654 1834 4705 et
1863 4643 1961 4705 inviis
1993 4640 2133 4705 exitibus
2164 4651 2196 4705 et

542 4744 701 4809 reditibus
725 4749 859 4833 quesitis
883 4758 917 4812 et
938 4748 1171 4835 inquirendis&
1197 4751 1266 4813 sive
1291 4749 1440 4814 omnibus
1465 4772 1528 4836 quc
1553 4748 1699 4835 quolibet
1722 4749 1818 4813 modo
1841 4750 1903 4813 rite
1928 4749 2038 4812 vocari
2061 4758 2197 4834 possunt

542 4851 756 4938 appendiciis,
774 4851 879 4917 sicuth
898 4877 957 4918 nos
973 4866 1006 4918 et
1024 4853 1167 4943 [mater]¹
1190 4868 1302 4920 nostra
1316 4856 1521 4941 possedimus
1537 4857 1607 4919 iure
1624 4853 1821 4942 imperialih‚
1838 4855 1881 4919 ad
1900 4866 2048 4919 sanctum
2063 4854 2196 4917 Petrum
2213 4872 2236 4914 n

543 4968 756 5045 sanctumque
779 4955 1007 5024 Rddbertum¹1
1033 4982 1093 5046 per
1122 4961 1184 5026 hoc
1214 4962 1325 5048 regale
1356 4963 1591 5026 monimentum
1621 4960 1672 5026 inl
1703 4964 1936 5050 proprietatem
1966 4961 2194 5037 concessimus,

543 5085 582 5128 eo
609 5063 765 5129 videlicet
794 5077 906 5130 tenore
935 5068 1088 5151 quatinus
1117 5068 1263 5153 prefatus
1294 5068 1559 5155 archiepiscopus
1589 5068 1649 5133 hec
1678 5078 1788 5133 teneat
1816 5070 1915 5132 usitet
1943 5079 1975 5132 et
2001 5067 2195 5153 potestativo

543 5170 693 5234 omnibus
710 5170 826 5235 diebus
849 5173 916 5237 vite
940 5195 998 5237 sue
1021 5172 1189 5260 possideat
1212 5186 1245 5238 et
1267 5186 1341 5261 post
1363 5176 1433 5239 eius
1458 5174 1499 5238 ab
1524 5175 1586 5239 hac
1609 5177 1679 5239 vita
1700 5175 1880 5239 discessum
1903 5176 1937 5238 in
1960 5196 2037 5238 usus
2060 5173 2194 5237 fratrum

631 5382 850 5451 wmmst

632 5470 680 5526 88.
704 5470 1100 5595 [Bioeihuloeeilcwmiioed
1113 5474 1136 5526 C
1155 5546 1165 5595 ι
1183 5474 1234 5598 db)
1240 5478 1410 5599 (prromptum
1429 5475 1574 5529 servicium
1591 5477 1629 5545 B;
1647 5479 1699 5544 vyl.
1718 5476 1793 5545 piam
1811 5476 1971 5530 servitutem
1989 5478 2019 5528 r'n
2031 5475 2095 5528 ΒΗ.
2108 5474 2148 5528 II.
2148 5478 2197 5598 (io
2212 5487 2237 5526 Io

704 5546 813 5666 diliulis
831 5561 851 5595 n
884 5612 966 5679 fJibi
987 5548 1171 5668 nacioniswc'
1203 5564 1227 5600 w
1240 5619 1270 5686 g)
1278 5546 2197 5685 ,irimiikr'ssoirddlr{iriqriirndndDisHRialdrirae'dIriodguldwiocBuohilobeli

704 5685 898 5751 freiyeblr‘ebcn,
917 5685 1045 5736 menresa
1064 5686 1177 5740 cerne
1195 5688 1284 5740 Ldolce
1302 5691 1439 5751 onderdet,·
1456 5690 1527 5741 nacla
1545 5691 1604 5741 dem
1622 5690 1757 5742 Wortlant
1774 5692 1823 5743 dar
1840 5690 1949 5743 nonna
1963 5692 2000 5742 ist
2016 5689 2079 5741 less
2098 5688 2197 5739 &aad

704 5757 867 5823 verbanden,
886 5759 943 5809 eine
959 5756 1046 5809 soleba
1063 5759 1246 5811 omnmmsn
1323 5760 1353 5826 h)
1372 5759 1442 5813 sicut
1460 5791 1494 5798 -
1514 5758 1650 5828 imperiali
1667 5763 1736 5827 fehlt
1755 5762 1822 5814 r'nO
1890 5761 1910 5829 i)
1926 5764 2015 5814 mater
2031 5759 2100 5825 fehlt
2118 5762 2150 5811 nr
2162 5759 2195 5825 Β,

704 5843 778 5879 musa
795 5826 859 5879 aber
876 5828 934 5879 dam
952 5827 1035 5880 Simu
1052 5830 1121 5880 narb
1138 5834 1250 5897 κρᾶναι
1267 5833 1371 5884 werden
1442 5830 1471 5899 k)
1490 5828 1664 5885 liudbertum
1683 5834 1706 5887 0
1775 5832 1796 5902 l)
1814 5833 1883 5897 fehlt
1900 5835 1931 5885 r'n
1949 5833 1972 5886 0
2213 5840 2237 5881 ⁴⁶
