4798 6486
519 378 585 442 488
1123 384 1579 443 Ksisnnnnssnnonn.

518 580 548 629 in
572 578 676 630 bonore
702 577 888 644 apostolorum
912 579 989 629 Petri
1014 582 1041 630 et
1066 576 1146 629 Parii
1171 584 1329 645 constructe
1354 578 1491 643 quoddam
1516 578 1602 629 nostri
1627 578 1695 629 iuria
1720 578 1863 645 praedium
1888 578 1987 629 Terms
2011 578 2116 629 dictum
2141 580 2173 628 in

519 686 623 736 duutu
649 683 799 751 Spoletano
828 692 855 736 et
877 687 907 735 in
932 686 1064 736 comitatu
1090 685 1224 736 Narneusi
1249 686 1332 735 situm
1358 690 1454 736 centn
1471 682 1527 736 tale
1552 684 1687 750 predium,
1712 683 1794 750 quale
1819 691 1930 736 sanctus
1948 686 2048 737 Petrus
2072 686 2172 737 babuit

518 792 548 842 in
574 789 636 843 loco
660 777 814 842 Antisina
838 793 912 845 dicto
939 794 967 844 in
992 787 1084 860 pagob
1278 798 1306 842 et
1324 793 1353 842 iu
1371 793 1504 843 comitatu
1524 776 1672 842 Amolfi⁰
1691 792 1808 851 comitis,
1825 806 1843 838 e
1863 807 1926 843 cum
1944 793 2070 844 omnibus
2088 794 2170 844 eius

518 900 699 965 pertinentiis,
724 883 879 949 videlicet
901 886 1004 950 servis
1027 897 1061 949 et
1083 883 1209 950 ancillis
1232 885 1326 948 terris
1350 884 1445 949 cultis
1468 895 1501 949 et
1523 884 1654 949 incultis
1679 885 1804 971 campis
1827 884 1918 949 silvis
1941 884 2169 950 venationibus

518 991 612 1078 aquis
636 1012 860 1078 aquarumque
884 990 1075 1056 decursibus
1097 989 1332 1078 piscationibus
1362 989 1556 1055 molendinis
1583 991 1714 1077 pascuis
1743 991 1807 1055 viis
1836 992 1934 1056 inviis
1963 990 2105 1057 exitibus
2135 1004 2209 1064 ets

517 1094 678 1162 reditibus
696 1098 831 1187 quesitis
851 1097 905 1163 vel
921 1097 1125 1186 inquirendis
1143 1096 1242 1163 rebus
1260 1096 1435 1162 mobilibus
1455 1107 1488 1162 et
1504 1095 1726 1162 immobilibus
1741 1108 1775 1162 et
1789 1096 1939 1164 omnibus
1954 1120 2019 1188 quq
2037 1121 2166 1186 quoquo

517 1203 614 1269 modo
637 1205 707 1269 iure
731 1205 892 1270 nominari
915 1216 971 1270 aut
994 1203 1092 1270 scribi
1116 1215 1252 1292 possunt
1273 1203 1478 1286 utilitatibus,
1508 1234 1542 1270 eo
1569 1217 1700 1270 videlicet
1726 1224 1822 1270 tenore
1851 1221 2071 1272 commutationis
2098 1235 2166 1285 qua·

517 1326 592 1376 tinus
608 1326 681 1376 idem
696 1328 882 1392 praescriptus
898 1328 985 1377 suncti
1001 1327 1078 1377 Petri
1095 1327 1217 1377 vicarius
1236 1327 1350 1392 eiusque
1369 1341 1543 1377 successores
1560 1326 1633 1377 idem
1651 1325 1793 1393 praedium
1810 1327 1908 1377 Terma
1926 1326 2030 1377 dictum
2047 1326 2166 1378 babeant

517 1438 631 1484 teneant
656 1439 684 1483 et
709 1433 744 1483 ed
768 1449 848 1484 usum
865 1440 978 1484 sanctae
997 1433 1137 1484 Romanae
1155 1431 1308 1485 aecclesiae
1326 1432 1440 1484 tirmiter
1457 1433 1625 1498 possideant,
1644 1432 1678 1485 de
1697 1439 1794 1484 contra
1812 1449 1878 1484 vero
1898 1428 1997 1485 datotl
2016 1434 2129 1500 predio
2146 1448 2163 1478 s

517 1540 644 1591 Antisins
663 1554 682 1585 a
697 1537 731 1591 et
753 1527 823 1591 eius
846 1526 1050 1613 pertinentiis
1072 1556 1102 1590 se
1121 1538 1238 1591 ulterius
1255 1555 1310 1591 non
1329 1540 1571 1591 intermiscente.
1608 1541 1699 1606 Igitur
1717 1539 1839 1592 fidelium
1856 1547 2010 1592 nostrorum
2029 1543 2165 1593 communi
2185 1555 2215 1595 ιο

518 1663 654 1699 consensu
678 1647 785 1699 firmato
811 1648 981 1707 concumbis
1006 1648 1113 1698 noverit
1138 1647 1258 1698 omnium
1284 1647 1329 1698 dei
1354 1633 1520 1720 nostrique
1546 1645 1668 1698 fidelium
1693 1649 1866 1707 universitas,
1892 1647 2011 1714 quslitcr
2034 1654 2090 1699 tam
2114 1664 2164 1714 pro

517 1755 635 1805 senioris
655 1761 683 1805 et
701 1750 904 1805 mtecessorisf
922 1754 1008 1805 nostri
1027 1753 1136 1804 Ottonis
1161 1739 1289 1805 scilicet
1312 1755 1390 1805 tercii
1414 1754 1586 1821 imperatoria
1606 1770 1688 1819 quam
1713 1771 1763 1822 pro
1789 1760 1883 1806 nostro
1901 1761 2099 1821 parentumque
2116 1770 2164 1806 no·

517 1867 635 1912 atrorum
663 1861 784 1912 remedio
815 1861 953 1912 eundem
980 1877 1046 1927 sepe
1076 1861 1199 1912 dictum
1230 1859 1341 1912 locum
1372 1862 1408 1912 sd
1438 1861 1605 1927 stipendium
1636 1863 1830 1913 eanonimrum
1858 1863 1887 1912 iu
1914 1863 2049 1914 coenobio
2075 1864 2164 1913 sancti

517 1968 593 2018 Petri
610 1969 753 2033 sanctique
773 1967 885 2034 Georgii
906 1952 1101 2019 Babenberc
1120 1968 1277 2033 degentium
1302 1984 1352 2035 per
1376 1967 1446 2019 banc
1464 1967 1634 2034 imperialem
1652 1974 1763 2019 nocuae
1781 1969 1935 2020 traditionis
1953 1970 2081 2036 paginam
2099 1985 2163 2021 con·

518 2075 640 2125 cedimus
659 2076 792 2126 donamus
812 2081 895 2141 atque
912 2076 1115 2142 proprietamus
1133 2090 1196 2126 cum
1215 2076 1341 2126 omnibus
1360 2075 1440 2126 eius
1463 2076 1635 2141 pertinentiis
1654 2082 1682 2126 et
1699 2074 1894 2136 utilitatibus&
1917 2076 2037 2127 omnium
2056 2083 2162 2127 conus
2181 2086 2210 2127 ιι

517 2183 638 2233 dictione
657 2188 770 2243 remota
789 2183 970 2249 precipientes
988 2184 1080 2248 ignem,
1099 2188 1130 2232 ut
1148 2197 1237 2247 neque
1253 2184 1402 2247 imperator
1416 2197 1506 2247 neque
1523 2183 1578 2232 dux
1594 2197 1683 2248 neque
1701 2184 1846 2248 episcopus
1861 2198 1951 2248 neque
1967 2198 2058 2234 comes
2074 2200 2163 2249 neque

517 2304 617 2354 magua
634 2288 679 2340 vel
698 2305 784 2355 parva
808 2304 928 2355 persons
952 2303 1032 2338 caros
1058 2289 1087 2338 in
1106 2287 1214 2339 Christo
1233 2288 1477 2354 babenbergenses
1502 2288 1600 2339 batres
1625 2296 1733 2340 nostros
1757 2290 1786 2338 in
1810 2290 1954 2355 praefato
1979 2290 2096 2356 predio
2120 2292 2162 2341 in·

518 2398 642 2462 quietare
660 2396 805 2448 molestare
824 2396 968 2447 disvestire
992 2397 1051 2447 sive
1076 2396 1211 2447 eundem
1238 2393 1349 2446 locum
1374 2402 1551 2455 commutare,
1576 2396 1628 2445 nisi
1654 2397 1791 2446 communi
1815 2396 1928 2446 fratrum
1953 2394 2077 2458 consilio,
2102 2414 2162 2465 pre-

517 2510 615 2554 sumat
652 2503 762 2568 Siquis
780 2519 847 2554 vero
865 2502 936 2554 banc
955 2509 1065 2553 nostrae
1090 2487 1318 2553 dominationis
1343 2502 1471 2569 paginam
1495 2501 1609 2562 violare,
1635 2503 1711 2568 quod
1735 2503 1815 2563 absit,
1841 2512 1987 2569 presumat,
2012 2518 2075 2554 cum
2093 2504 2163 2555 luds

517 2611 649 2661 traditore
667 2608 861 2677 indigestibilis
880 2608 1006 2677 bucculis
1026 2615 1138 2676 gustum
1163 2615 1253 2660 sumat
1280 2606 1378 2681 atque
1400 2605 1560 2660 tormenbo
1583 2593 1825 2682 inextinguibili
1848 2618 1970 2683 poenas
1993 2606 2162 2683 perpetua·
2180 2623 2207 2663 so

516 2701 609 2768 literh
631 2703 709 2769 luat.
754 2718 834 2779 Quod
859 2734 893 2770 ne
919 2717 975 2778 fiet,
1000 2716 1049 2768 sed
1074 2718 1143 2768 haec
1168 2722 1262 2767 nostra
1286 2716 1398 2768 truditio
1422 2715 1530 2766 stabilia
1556 2723 1585 2766 et
1608 2715 1773 2768 inconvulsa
1798 2725 1886 2768 nunc
1909 2703 1998 2767 etin
2020 2701 2164 2768 tirenum

517 2830 684 2891 permaneat,
701 2825 771 2875 hanc
789 2811 943 2897 paginam
958 2825 1022 2876 iude
1039 2825 1223 2890 conscriptum
1239 2838 1321 2874 mauu
1337 2824 1448 2889 propris
1463 2823 1624 2874 roborantes
1640 2821 1726 2889 sigilli
1742 2825 1830 2875 nostri
1845 2824 2022 2890 impressione
2037 2824 2163 2889 insigniri

517 2933 654 2983 iussimus.

623 3191 641 3280 ξ
664 3191 864 3257 Guntherius
887 3190 1103 3257 cancellarius
1126 3192 1199 3256 vice
1222 3188 1423 3256 Ercanbeldi
1446 3191 1723 3280 archicappellani
1745 3190 1978 3280 recognovit}
2045 3200 2102 3273 (si.
2119 3200 2161 3271 3.)
2180 3223 2206 3263 ss

622 3333 728 3398 Data¹
900 3333 1077 3399 indictione
1099 3322 1128 3415 l,
1159 3356 1244 3398 anno
1275 3332 1458 3397 dominicae
1488 3335 1720 3399 incarnationis
1748 3334 1918 3400 millesimo
1941 3324 2046 3418 xiiii,
2076 3358 2162 3400 anno

516 3461 595 3505 vero
618 3439 730 3505 domni
751 3440 899 3505 Heinrici
923 3440 1058 3505 secundi
1081 3441 1246 3526 regnantis
1264 3428 1352 3521 xiii,
1375 3440 1505 3527 imperii
1528 3453 1636 3507 autem
1654 3430 1727 3526 iili3
1757 3442 1883 3507 actum¹
1994 3491 2001 3506 .

1292 3739 1387 3826 384.

394 3957 402 3971 .
514 3901 694 3976 Heinrich
717 3901 864 3978 scbenlct
887 3903 966 3977 dem
993 3902 1227 4001 Donscapitel
1254 3929 1300 3977 zu
1324 3902 1506 4001 Bomberp
1532 3902 1603 3977 den
1632 3900 1701 3979 Ort
1724 3903 1999 3996 Woulimbach,
2025 3903 2097 3977 den
2122 3929 2162 3977 er

515 4048 576 4096 um
598 4022 695 4124 Tapc
713 4025 832 4097 seium
847 4020 1152 4122 Kaisericriinnnp
1170 4048 1242 4095 vos
1264 4021 1379 4120 Papst
1394 4020 1571 4096 Benedict
1586 4021 1690 4095 VIH.
1711 4048 1824 4123 peperi
1847 4022 1915 4097 dus
1934 4019 2010 4099 Get
2030 4022 2160 4096 Termes
2177 4055 2205 4095 n

513 4142 555 4216 in
580 4142 647 4216 der
675 4140 899 4238 Grafsclsaft
920 4141 1049 4216 Nerui
1074 4140 1318 4241 einpetuuscit
1340 4141 1445 4214 butte
1825 4198 1870 4208 -
1892 4169 1972 4230 1018
1994 4198 2039 4207 ..
2060 4197 2113 4228 -,

620 4351 772 4422 ineest
789 4351 838 4410 ses
856 4351 903 4410 14.
915 4351 971 4412 Js.
991 4351 1032 4409 sm
1050 4349 1141 4409 mse
1152 4349 1258 4424 pseu.
1277 4348 1430 4423 semoy.
1451 4340 1541 4419 ω’
1558 4347 1600 4405 sm
1616 4346 1645 4405 s.
1663 4346 1854 4405 ureteras
1870 4365 1906 4407 zu
1923 4347 2069 4422 samm
2088 4346 2158 4414 (n).

621 4491 775 4551 Scbubettb
796 4492 963 4568 Nocitrdpe
985 4493 1042 4551 113
1064 4494 1097 4550 n⁰
1113 4493 1151 4550 16
1173 4508 1226 4550 uus
1243 4490 1281 4549 B.
1302 4520 1346 4529 —
1372 4488 1580 4549 Oeeterreicder
1601 4490 1633 4547 in
1658 4488 1803 4563 Gedffnete
1820 4489 1944 4548 Archiou
1966 4491 1994 4559 3,
2010 4490 2070 4548 503
2092 4489 2159 4548 Μ

620 4617 674 4658 mss
695 4599 726 4658 B
746 4600 800 4659 mit
818 4601 871 4658 VI.
896 4601 938 4658 id.
962 4600 1041 4658 febr.
1065 4626 1109 4637 -
1132 4596 1211 4656 Mon.
1234 4597 1328 4656 Boios
1350 4597 1418 4667 31⁰,
1433 4598 1492 4655 291
1516 4597 1548 4654 n⁰
1565 4597 1621 4654 151
1644 4613 1698 4654 uus
1720 4595 1750 4653 B
1772 4596 1825 4654 mit
1846 4590 1913 4668 (VI.
1932 4597 1976 4656 id.
1994 4590 2096 4669 fobu).
2114 4624 2158 4634 —-

621 4704 744 4780 Stamps
757 4706 828 4781 Rep.
846 4707 933 4767 1701.
2175 4719 2202 4761 as

622 4847 807 4908 Geacbticben
828 4848 901 4907 occis
919 4847 960 4906 D.
978 4848 1048 4916 383,
1070 4845 1304 4905 wabrsclscs'nlicb
1322 4848 1382 4917 uus
1392 4845 1481 4903 einum
1498 4844 1552 4903 wie
1571 4846 1625 4915 fiir
1638 4844 1700 4903 dies
1713 4842 1754 4903 D.
1771 4845 1988 4920 berpmcbtctes
2003 4844 2156 4921 Biusqset.

619 4983 664 4993 -
686 4943 761 5015 dne
778 4954 997 5014 Woulimbach
1019 4953 1074 5027 vqs.
1099 4950 1146 5010 se
1165 4950 1392 5025 roi-seminis
1413 4969 1448 5010 zu
1470 4949 1510 5009 o.
1528 4951 1598 5009 ses.

619 5123 658 5187 ln
687 5124 817 5188 nomine
847 5133 959 5187 sancte
988 5131 1021 5186 et
1050 5119 1218 5184 individue
1248 5119 1411 5183 trinitatis.
1464 5119 1639 5184 Heinricus
1675 5119 1787 5184 divina
1819 5118 1950 5184 favente
1985 5118 2157 5184 clementia

512 5228 730 5296 Romanorum
748 5232 925 5318 imperator
942 5238 1108 5314 augustus.
1216 5241 1331 5290 Noverit
1349 5240 1470 5290 omnium
1488 5245 1582 5292 sancte
1602 5241 1647 5291 dei
1666 5239 1783 5291 ecclesie
1802 5242 1943 5305 nostrique
1961 5239 2082 5291 fidelium
2099 5246 2155 5291 tam
2195 5215 2200 5224 ι

513 5366 625 5417 precem
644 5358 703 5404 etas
720 5369 802 5418 quam
821 5365 983 5402 successura
1001 5349 1155 5415 posteritas,
1181 5345 1300 5411 qualiter
1324 5362 1374 5397 nos
1400 5346 1546 5412 apostolici
1565 5347 1650 5412 petris
1669 5347 1890 5411 ordinatorisque
1908 5347 1994 5398 nostri
2012 5347 2155 5398 Benedicti
2171 5355 2199 5395 so

584 5521 648 5580 888.
672 5524 701 5590 b)
722 5522 919 5590 umaspessilite
934 5521 1022 5573 liele
1039 5520 1091 5585 ftis·
1105 5519 1156 5571 dea
1173 5520 1331 5571 Guuesmsn
1385 5522 1411 5585 c)
1432 5518 1651 5571 assistentes
1668 5521 1699 5571 s's
1715 5519 1804 5584 dussis·
1819 5519 1952 5586 pelam
1967 5517 2056 5572 Lacte
2073 5519 2154 5572 mea

670 5601 796 5662 astrapen
858 5592 887 5658 d)
908 5598 937 5644 st
954 5608 1025 5646 corr.
1043 5607 1095 5642 uss
1112 5589 1151 5643 ict
1212 5594 1237 5655 e)
1255 5593 1289 5651 A,
1306 5596 1370 5642 stott
1387 5588 1572 5642 intromittant
1632 5588 1659 5659 i)
1677 5593 1706 5643 te
1724 5590 1789 5643 siber
1805 5591 1854 5643 der
1871 5591 1944 5643 Zeila
1960 5589 2154 5657 sockpstrnpss

672 5663 1001 5801 marscaqstessqsissrd
1015 5662 1153 5787 {iram
1171 5661 1362 5727 uucbpetrspen
1425 5659 1455 5729 h)
1473 5662 1523 5712 dus
1540 5663 1629 5714 noea
1646 5679 1662 5715 e
1679 5677 1748 5717 corr.
1767 5677 1819 5714 uus
1836 5678 1855 5715 u
1915 5661 1937 5729 i)
1957 5662 2155 5727 emsapsfsiitu
