4836 6492
874 446 1112 503 HEINRICH
1136 447 1174 501 11.
1217 446 1312 503 1023.
1858 440 1921 503 641

260 646 293 700 et
317 636 443 722 capillis
467 637 645 723 priventur.
683 635 719 699 Si
743 645 852 700 autem
874 633 923 699 ibi
938 633 1109 715 occiditur,
1134 656 1256 715 omnes,
1281 637 1337 721 qui
1355 635 1450 700 huius
1474 634 1643 701 homicidii
1666 635 1719 699 vel
1743 635 1923 699 invasionis

261 744 438 830 participes
469 754 553 825 sunt,
584 754 657 807 cute
689 753 722 807 et
750 741 876 828 capillis
906 741 1042 828 perditis
1073 763 1172 828 supra
1202 741 1290 806 dicta
1314 741 1538 807 combustione
1564 743 1742 827 signentur,
1767 764 1807 806 ac
1831 743 1923 806 neri-

260 849 392 935 geldum
415 851 517 915 occisi
540 849 671 914 domiuo
695 871 754 913 suo
779 859 893 913 auctor
915 847 1082 913 homicidii
1112 847 1279 935 persolvat
1309 860 1342 913 et
1373 873 1447 914 cum
1471 850 1630 936 proximis
1654 849 1801 914 eiusdem
1824 851 1923 913 inter·

261 957 339 1021 fecti
362 957 660 1022 reconciliationem
684 955 800 1039 faciat3
825 967 857 1020 et
880 957 914 1020 in
931 977 1138 1042 quocumque
1162 955 1233 1021 loco
1257 955 1377 1043 aliquis
1401 979 1444 1020 ex
1459 966 1598 1043 utraque
1621 956 1747 1022 familia
1770 956 1812 1021 ab
1828 957 1922 1021 utris·

227 1080 325 1151 sque
348 1064 506 1129 innocens
530 1063 701 1145 occiditur,
726 1063 890 1128 homicida
914 1061 1124 1149 supradicte
1148 1064 1309 1127 sententie
1340 1062 1520 1128 subiaceat.
1566 1063 1663 1128 Hanc
1686 1063 1866 1129 vindictam
1891 1074 1924 1128 et

261 1170 347 1235 istud
374 1194 483 1237 meum
514 1172 723 1236 constitutum
754 1170 946 1251 advocatus,
977 1171 1012 1233 in
1042 1170 1135 1234 cuius
1167 1169 1383 1235 advocatione
1414 1170 1476 1235 hoc
1506 1172 1663 1251 evenerit,
1688 1194 1763 1235 cum
1786 1172 1924 1235 scientia

261 1278 407 1365 episcopi
431 1289 463 1343 ct
486 1277 615 1342 abbatis
638 1278 673 1341 in
695 1278 862 1364 presentia
884 1277 1072 1365 nuntiorum
1096 1287 1307 1363 utrorumque
1327 1276 1467 1341 fideliter
1489 1276 1676 1363 adimpleat.
1717 1277 1753 1343 Si
1768 1300 1847 1342 vero
1866 1277 1923 1341 ad-

260 1396 396 1449 vocatus
419 1396 476 1450 aut
491 1384 643 1450 mercede
660 1382 841 1449 conductus
865 1394 921 1448 aut
944 1364 1051 1469 gratia
1075 1394 1255 1448 commotus
1275 1382 1385 1470 aliqua
1401 1383 1578 1450 calliditate
1602 1384 1664 1449 hec
1681 1384 1814 1449 decreta
1830 1407 1923 1449 arer-

261 1502 329 1557 tere
344 1492 494 1575 voluerit,
518 1494 623 1578 gratia
645 1502 757 1556 nostra
780 1502 813 1556 et
829 1490 1044 1555 advocatione
1062 1489 1198 1571 carebit,
1222 1491 1286 1554 nisi
1309 1513 1408 1577 super
1423 1513 1534 1556 sacras
1558 1492 1712 1578 reliquias
1735 1491 1798 1556 hoc
1814 1494 1923 1557 iurare

216 1626 243 1665 ro
260 1597 404 1682 audebit,
435 1600 524 1687 quod
553 1621 639 1680 eum,
670 1599 725 1685 qui
756 1597 925 1663 homicidii
955 1620 1014 1661 seu
1043 1597 1222 1662 invasionis
1252 1596 1339 1662 illius
1369 1620 1444 1663 reus
1475 1608 1534 1679 est,
1565 1621 1727 1685 nusquam
1751 1600 1922 1685 acquirere

260 1708 379 1794 possit3
409 1706 542 1770 tarnen‘
567 1728 665 1792 quam
697 1706 853 1770 citissime
883 1705 1002 1790 poterit
1032 1704 1192 1790 acquirat.
1238 1704 1282 1768 Et
1312 1705 1339 1768 si
1370 1705 1535 1769 homicida
1563 1728 1605 1769 ex
1628 1704 1753 1770 familia
1776 1707 1922 1793 episcopi

261 1812 372 1878 e'st'et
402 1813 583 1877 advocatus
614 1835 689 1876 eum
719 1813 890 1899 acquirere
921 1833 987 1874 non
1016 1811 1159 1896 poterit⁵
1181 1810 1234 1876 vel
1258 1811 1407 1891 noluerit,
1431 1811 1545 1876 fideles
1569 1810 1710 1894 abbatis,
1735 1814 1763 1876 si
1785 1814 1921 1899 possint,

260 1920 351 1985 illum
374 1921 548 2007 acquirant
570 1931 603 1985 et
625 1919 690 1984 ad⁰
714 1918 897 2005 predictam
920 1940 1041 2004 penam
1062 1916 1270 2004 presentibus
1293 1919 1416 1983 nuntiis
1446 1927 1656 2005 utrorumque
1680 1931 1921 2006 representant3

261 2026 415 2092 similiter
431 2028 489 2092 fiat
512 2050 555 2091 ex
578 2037 671 2114 parte
696 2026 853 2112 episcopi.
899 2025 944 2089 Et
973 2024 1014 2089 de
1046 2023 1264 2090 servientibus
1295 2026 1443 2112 episcopi
1470 2036 1503 2090 et
1526 2025 1655 2090 abbatis
1678 2025 1780 2091 illude
1804 2028 1922 2092 cons'ti-
1977 2066 1980 2071 ·

216 2158 242 2199 rs
261 2135 392 2218 brimus,
423 2145 468 2215 ut,
500 2135 624 2221 siquis
654 2133 784 2198 illorum
813 2132 878 2209 tale
909 2132 1034 2218 ahquid
1063 2133 1192 2213 fecerit,
1223 2131 1371 2218 predicte
1400 2155 1485 2219 pene
1516 2133 1685 2198 subiaceat
1707 2133 1760 2198 vel
1783 2149 1807 2198 x
1830 2134 1922 2199 libris

261 2242 470 2307 denariorum
501 2241 689 2305 redimatur.
736 2240 846 2305 Unum
877 2250 986 2304 autem
1017 2239 1098 2321 esth,
1130 2238 1218 2325 quod
1246 2238 1321 2303 volo
1352 2237 1449 2304 iubeo
1480 2251 1513 2304 et
1539 2240 1675 2304 firmiter
1704 2242 1862 2328 precipio,
1886 2253 1922 2306 ut

261 2372 330 2414 reru
354 2349 455 2414 semel
478 2347 563 2413 bene
588 2371 627 2413 ac
651 2357 740 2412 recte
765 2345 933 2412 definitam
956 2345 1063 2410 nullus
1086 2348 1206 2410 iterare
1224 2346 1278 2411 vel
1301 2368 1462 2419 renovare
1487 2346 1616 2411 audeat.
1657 2346 1692 2412 Si
1716 2358 1825 2412 autem
1848 2371 1921 2434 pre-

261 2455 368 2521 dictus
392 2457 566 2543 episcopus
589 2465 646 2520 aut
669 2453 772 2520 abhas
803 2454 865 2518 hoc
896 2453 1063 2519 decretum
1094 2452 1240 2517 anullare
1265 2455 1386 2539 cupiat,
1417 2454 1528 2556 michi⁸
1541 2460 1619 2518 aut⁶
1641 2476 1714 2519 meo
1739 2457 1921 2520 successori

155 2554 163 2577 ⁹
260 2578 288 2628 11
310 2562 411 2628 libras
441 2565 512 2628 auri
535 2562 715 2650 persolvat,
747 2565 922 2627 conatumi
945 2564 1062 2624 suum⁷
1084 2582 1293 2647 nequaquam
1316 2560 1475 2647 perficiat.
1522 2560 1567 2625 Et
1589 2572 1625 2626 nt
1648 2561 1709 2626 hec
1734 2564 1920 2627 constitutio

214 2695 243 2734 ao
261 2669 386 2735 stabilis
410 2670 667 2756 inconvulsaque
691 2678 891 2756 permaneat,
916 2666 1014 2754 sigilli
1044 2668 1147 2731 nostri
1170 2668 1373 2754 inpressione
1397 2667 1482 2732 hanc
1507 2678 1630 2733 cartam
1653 2670 1833 2754 insignire⁸
1856 2671 1921 2733 ius·

261 2779 393 2842 simusa

368 2902 589 2967 Gunthorius¹
616 2899 829 2966 cancellarius
853 2901 926 2965 vice
950 2898 1107 2964 Aribonis
1130 2899 1384 2986 archicapellani
1408 2900 1600 2985 recognovit
1610 2905 1645 2964 ¹⁰.

367 3028 458 3091 Data
473 3042 539 3091 IIII.
564 3050 640 3091 non.
665 3023 813 3091 decemb.
838 3024 1017 3089 indictione
1034 3039 1083 3106 VI,
1107 3046 1193 3088 anno
1210 3023 1374 3088 dominico
1398 3025 1631 3090 incarnationis
1647 3040 1776 3109 MIDIIII,
1799 3031 1921 3092 anuo¹¹

261 3158 339 3198 vero
371 3133 504 3199 domnil
534 3134 684 3198 Heinrici
717 3131 854 3198 secundi
888 3131 1067 3219 regnante¹
1100 3146 1207 3211 XXIII,
1238 3132 1367 3219 imperii
1394 3147 1433 3215 II,
1465 3142 1573 3198 actum
1603 3134 1638 3198 in
1668 3133 1800 3199 Tribuni
1831 3135 1922 3221 regia

214 3273 242 3313 25
261 3242 354 3323 villa3
379 3264 475 3306 amen
487 3246 522 3308 ¹¹.

368 3385 459 3453 501⁶.
493 3387 524 3466 1)
547 3383 620 3469 Ego
650 3382 828 3446 Heinricus
852 3393 962 3450 <11.>
986 3380 1098 3446 divina
1129 3382 1261 3446 favente
1293 3381 1467 3467 clementia
1494 3383 1711 3449 Romanorum
1745 3385 1923 3472 imperator

550 3500 718 3577 augustus.

514 3598 618 3683 )tam
645 3594 862 3683 presentibus.

513 3706 526 3791 )
551 3704 715 3769 contentio
738 3704 823 3767 inter
845 3701 917 3767 illos
938 3714 1061 3770 exorta.

513 3812 526 3898 )
550 3810 660 3898 capilli
684 3822 717 3874 et
740 3811 874 3875 corium.

513 3919 702 4005 )potucrit.

513 4026 526 4113 )
550 4026 613 4090 vel.

514 4134 528 4220 )
552 4143 706 4198 conatum
729 4142 838 4196 tamon
862 4153 966 4194 sunm.

512 4241 525 4327 )
549 4241 710 4327 insigniri.

492 3602 511 3662 2

491 3710 511 3769 3

490 3816 510 3875 4

491 3922 511 3984 5

491 4030 510 4090 6

494 4137 511 4198 7

490 4244 510 4304 8

491 4351 510 4412 9

547 4455 626 4518 toris
650 4453 789 4539 augusti.
823 4461 887 4529 (II.)

467 4562 522 4647 10)
546 4561 734 4647 recognovi.

468 4670 522 4755 11)
547 4691 632 4733 anno
656 4666 767 4730 domni
787 4665 934 4730 Heinrici
959 4664 1094 4730 secundi
1117 4666 1284 4751 regnantis
1301 4675 1459 4736 (anuo)
1476 4681 1575 4747 XXIII,
1599 4667 1730 4754 imperii
1753 4681 1861 4735 autem
1877 4686 1917 4753 x3
1985 4716 1989 4727 ι

547 4787 656 4840 actum
680 4775 714 4838 in
737 4772 891 4838 Triburia
915 4773 1006 4859 regia
1029 4771 1122 4855 villa,
1147 4795 1252 4837 anien.

211 5089 241 5128 a
1044 5037 1136 5124 5⁰2.

259 5186 438 5262 Heinrich
463 5184 648 5260 urkundet
663 5184 742 5283 fiir
767 5183 835 5258 dus
860 5183 1007 5259 Kloster
1032 5179 1069 5258 S.
1091 5182 1275 5257 Mummio
1302 5184 1359 5259 ba·
1386 5185 1502 5260 Trica

1407 5333 1519 5392 Trcbnr
1543 5334 1622 5393 1023
1645 5334 1800 5395 Decoaba·
1823 5337 1870 5397 10.

369 5477 516 5547 Urhanda
538 5476 715 5552 peacbrieben
739 5494 786 5534 um
808 5475 862 5534 dos
879 5474 959 5535 Jalr
979 5474 1066 5543 1116,
1089 5473 1119 5532 in
1143 5472 1345 5547 Diplomsorm
1367 5475 1408 5533 im
1430 5474 1498 5535 Cod.
1519 5476 1570 5537 lat.
1590 5480 1672 5538 9266
1694 5478 1746 5539 der
1764 5479 1918 5542 Nationul·

366 5585 518 5644 bibliotbelc
539 5603 575 5643 ru
597 5583 689 5643 Paris
713 5584 785 5650 (A).

210 5774 240 5814 rs
312 5754 393 5809 bola.
417 5754 444 5819 I)
463 5770 496 5806 cu
515 5758 593 5819 (stau
610 5754 654 5817 In)
674 5753 701 5803 D
755 5750 918 5821 g)istud1)
969 5750 999 5817 h)
1021 5758 1061 5803 est
1080 5753 1173 5803 autern
1186 5750 1213 5801 D
1265 5748 1285 5815 i)
1302 5748 1501 5805 Guutherusl)
1552 5753 1581 5815 k)
1598 5753 1686 5810 duiD
1738 5756 1758 5826 l)
1778 5759 1826 5812 CD
1859 5761 1919 5813 rr‘el·

420 5825 496 5878 leam
513 5826 595 5878 nond
612 5826 651 5876 im
671 5824 798 5891 Oripinol
815 5832 941 5894 regnant,
960 5838 1016 5874 aas
1034 5822 1108 5873 donn
1126 5838 1161 5873 ru
1181 5820 1322 5891 regnantis
1339 5825 1498 5889 oufzuldsm
1516 5830 1595 5882 ware.

325 5947 526 5992 Katrernrkundeu
541 5950 582 5994 m
1651 5942 1683 5991 81
