4836 6504
847 470 1086 527 HEINRICH
1109 470 1147 525 11.
1191 467 1285 525 1007.
1826 463 1887 525 181

342 664 411 735 Ass
429 665 475 723 eiu
498 666 530 723 in
552 666 604 724 der
626 666 716 724 Weiss
739 685 794 725 voa
817 665 858 725 D,
876 668 935 724 155
957 667 1172 741 lurpoiclrtctes
1194 666 1339 739 Bluoquet
1360 664 1587 724 retrorsa!
1605 667 1790 724 ouruittelbor
1813 667 1884 724 uach

340 771 382 831 D.
400 774 459 831 148
484 772 565 838 (VU.
583 770 620 839 Ι)
645 772 699 831 dus
716 773 1009 848 Eiuqauqsprotolsoll
1031 774 1091 831 uod
1114 773 1167 831 deu
1188 772 1308 830 Goutcst
1331 771 1416 830 seroie
1438 772 1486 830 die
1504 770 1677 845 Dotimmq.
1719 773 1785 830 Far
1808 773 1888 831 auen

340 879 372 937 ia
395 879 447 937 der
464 879 629 952 Dispositio
651 880 830 938 consociant
852 880 1053 951 famulierteu
1075 879 1145 937 Solz
1168 880 1293 937 beuulzte
1315 897 1347 935 rr
1368 878 1415 937 eiu
1438 897 1492 936 ooo
1514 877 1575 936 ΕΙ)
1597 880 1753 949 versosstes
1774 878 1886 949 Dictat

339 987 455 1045 welches
483 987 515 1044 iu
545 986 597 1044 der
619 984 879 1056 Pertiucuzformel
908 987 968 1045 siclt
998 1007 1037 1046 ou
1061 986 1100 1045 D.
1119 987 1178 1044 147
1202 985 1284 1051 (VU.
1300 983 1358 1050 ΙΙ)
1383 986 1452 1043 oder
1480 985 1611 1043 dboliclrc
1634 984 1738 1044 stacte
1761 987 1884 1044 oulebm.

340 1091 404 1152 Dcn
427 1093 655 1163 Grafcuoamcu,
677 1093 817 1151 vitilem
836 1095 907 1152 auch
927 1094 979 1152 deu
1001 1094 1179 1161 Gaunomeu,
1203 1093 1254 1150 tut
1271 1092 1329 1150 Ba.
1344 1091 1366 1149 I
1384 1093 1469 1149 selbst
1491 1093 1822 1167 astronomorum.
1843 1123 1886 1130 -

339 1198 405 1257 Dus
428 1198 497 1257 Do.
518 1197 546 1257 I.
577 1200 635 1257 431
664 1200 734 1258 tiber
762 1200 809 1258 die
833 1199 998 1273 Scburtuup
1028 1201 1079 1258 der
1102 1198 1200 1257 Solius
1223 1196 1409 1256 Reicheubull
1439 1217 1476 1256 ou
1508 1198 1666 1257 Halirriclu
1691 1198 1887 1258 Grossmultcr

339 1306 444 1365 Judttt
467 1307 539 1365 stelit
561 1325 597 1365 zu
614 1304 655 1365 D.
673 1307 732 1364 157
754 1307 785 1365 iu
808 1307 906 1365 bauer
924 1307 1094 1381 Bcziehuuo.
1119 1336 1163 1343 -
1190 1306 1232 1364 Ob
1252 1304 1291 1364 D.
1306 1306 1365 1363 157
1383 1306 1487 1375 frater
1506 1305 1574 1363 oder
1591 1311 1690 1378 spolier
1708 1306 1753 1364 als
1771 1304 1812 1364 D.
1826 1308 1886 1364 158

338 1413 504 1471 crrtstoudcu
527 1413 575 1481 ist,
599 1413 753 1472 1111311101
775 1413 854 1471 111111
876 1414 1059 1472 enachides.

339 1660 397 1731 (C.)
420 1650 438 1740 ᾗ
460 1653 499 1715 In
522 1654 652 1716 nomine
677 1664 810 1716 sanctae
834 1664 866 1716 et
896 1652 1065 1716 individue
1093 1653 1257 1716 trinitatis,
1304 1652 1480 1715 Heinrieus
1512 1651 1623 1715 divirm
1653 1651 1884 1738 preordinante

190 1790 214 1826 10
234 1760 406 1824 clementia
429 1782 497 1823 rex.
604 1773 797 1824 Saluberrimis
825 1776 910 1839 igitur
937 1776 1007 1824 sacri
1037 1773 1140 1838 eloquii
1168 1774 1386 1823 institutionibus
1415 1774 1554 1823 erudimur
1582 1780 1609 1822 et
1637 1772 1826 1832 admonemur,
1854 1779 1909 1822 utl

233 1879 396 1946 temporalia
415 1879 601 1945 relinquentes
619 1881 692 1930 bona
711 1887 739 1931 et
758 1888 865 1931 terrena
885 1888 1082 1947 postponentes
1102 1882 1245 1931 commoda
1264 1887 1376 1931 aeterua
1393 1872 1407 1946 ξ
1426 1887 1453 1930 et
1472 1880 1531 1930 siue
1551 1879 1604 1930 fine
1623 1896 1752 1930 mansura
1770 1882 1799 1930 iu
1818 1880 1885 1949 celis

232 1987 390 2036 studeamus
410 1987 526 2051 adipisci
546 1988 738 2038 consistoria&
776 1990 950 2053 Quapropter
969 2004 1018 2037 nos
1038 1988 1183 2037 dominicis
1210 2003 1265 2037 uon
1290 1986 1401 2037 surdum
1428 1988 1551 2037 auditum
1576 1988 1721 2053 prebentes
1748 1989 1884 2053 preceptis

232 2100 259 2143 ct
278 2094 381 2143 deificis
401 2094 613 2157 obtemperando
633 2094 806 2144 intendentes
825 2095 999 2144 suasionibus
1019 2095 1155 2158 quendam
1175 2101 1285 2144 nostrae
1305 2100 1417 2160 paterne
1437 2093 1597 2143 hereditatis
1617 2092 1707 2145 locum
1724 2095 1884 2145 Bobenberc

232 2201 335 2249 dictum
352 2201 380 2250 in
396 2202 488 2250 sedem
506 2207 533 2251 et
550 2200 659 2251 culmen
675 2203 851 2267 episcopatus
868 2201 1041 2250 sublimando
1059 2203 1234 2266 proveximus
1252 2207 1279 2251 et
1295 2201 1419 2250 Romana
1436 2202 1602 2252 auctoritate
1620 2208 1702 2267 atque
1719 2200 1884 2251 venerabilis

189 2313 212 2352 re
231 2307 612 2371 Heinricil'uirciburgeusis
631 2309 756 2373 episcopi
775 2323 910 2358 consensu
930 2325 962 2358 ac
982 2309 1040 2373 pari
1061 2310 1252 2371 communique
1273 2309 1393 2359 omnium
1415 2309 1502 2357 nostri
1521 2306 1643 2357 lidelium
1669 2315 1724 2356 tam
1750 2307 1883 2373 archiepi-

231 2429 378 2478 scoporum
397 2428 479 2477 quam
498 2414 690 2479 episcoporum
709 2414 894 2477 abbatumque
920 2431 970 2464 nec
996 2431 1050 2465 nou
1077 2416 1177 2464 ductim
1203 2415 1333 2463 comitum
1360 2413 1488 2464 consultu
1515 2414 1681 2478 decretoque
1705 2416 1734 2464 iu
1753 2414 1883 2465 honorem

230 2528 342 2569 sanctae
368 2521 413 2569 dci
438 2521 580 2584 genitricis
603 2520 709 2571 Mariae
734 2527 945 2585 sanctorumque
972 2520 1160 2587 apostolorum
1180 2522 1255 2570 Petri
1281 2527 1309 2571 et
1327 2520 1407 2571 Pauli
1433 2536 1484 2571 uec
1510 2517 1586 2571 noub
1612 2523 1752 2571 martirum
1772 2519 1884 2585 Kyliaui

231 2634 313 2690 atque
342 2628 437 2675 (scorti
464 2626 646 2677 stabilivimus
674 2633 702 2677 et
729 2628 980 2687 corroboravimus,
1010 2635 1040 2676 ut
1068 2634 1096 2678 et
1123 2629 1190 2677 inibi
1219 2634 1340 2678 nostrum
1368 2634 1566 2692 parentumque
1594 2634 1746 2679 nostrorum
1775 2626 1883 2677 celebre

231 2735 377 2783 haberetur
403 2732 559 2784 memoriale
586 2740 613 2784 et
638 2735 710 2799 iugis
736 2749 786 2799 pro
813 2735 939 2784 omnibus
966 2735 1105 2784 ortodoxis
1132 2734 1222 2784 hostia
1250 2741 1417 2784 mactaretur
1444 2732 1582 2785 salutaris.
1628 2735 1748 2785 Proinde
1776 2735 1884 2784 noverit

186 2848 212 2885 :o
231 2842 351 2889 cranium
372 2843 457 2890 nostri
477 2840 597 2890 fidelium
616 2848 672 2891 tam
691 2847 808 2907 presen⁰
829 2850 888 2891 etas
909 2857 990 2907 quam
1010 2848 1037 2892 et
1055 2857 1217 2892 successura
1236 2843 1391 2906 posteritas,
1416 2842 1480 2905 quia
1499 2858 1549 2891 nos
1574 2827 1653 2891 talia
1675 2826 1762 2890 b0na
1785 2838 1883 2912 alque

231 2933 355 3019 predia,
387 2931 496 3019 qualia
524 2932 642 2997 beatae
674 2935 850 2997 memoriae
880 2945 984 2998 mater
1013 2945 1124 2997 nostra
1153 2935 1186 2996 in
1216 2934 1287 2998 loco
1312 2933 1410 2997 Halia
1440 2934 1526 2998 dicto
1558 2945 1591 2997 et
1621 2935 1654 2997 in
1685 2955 1769 3020 pago
1794 2933 1883 2997 Sals-

231 3039 490 3125 bu1·cgouui‘¹iu
514 3041 669 3104 comitatu
692 3063 771 3104 vero
795 3040 1007 3104 Thiemonisd
1031 3041 1157 3105 comitis
1180 3042 1253 3103 visa
1275 3026 1332 3104 'est
1361 3042 1510 3126 proxime
1540 3042 1656 3105 vivens
1686 3040 1882 3127 possedisse,

230 3148 364 3232 insuper
398 3158 430 3210 et
464 3147 556 3229 talia,
592 3147 703 3234 qualia
732 3148 767 3210 in
796 3170 902 3233 nuper
931 3146 1027 3211 dictis
1057 3145 1137 3211 locis
1167 3146 1262 3210 nobis
1292 3148 1525 3234 proprietavit⁸
1557 3147 1677 3211 domna
1707 3147 1816 3227 Rilint,
1847 3162 1883 3210 ad
1896 3168 1918 3211 11

231 3269 345 3318 eandem
365 3281 382 3312 r
404 3267 588 3333 episcopalem
608 3270 699 3319 sedem
720 3269 880 3318 Babeuberc
901 3270 1001 3319 dictam
1022 3284 1076 3318 unu
1095 3284 1156 3317 cum
1177 3269 1303 3318 omnibus
1323 3284 1436 3319 eorum
1457 3270 1628 3333 pertinentiis
1648 3270 1707 3319 sive
1727 3268 1882 3326 adereutiis,

186 3389 212 3428 ss
231 3375 361 3427 videlicet
377 3389 394 3420 a
422 3377 508 3425 servis
535 3382 562 3425 et
587 3374 695 3425 ancillis
721 3361 884 3426 cortilocis
908 3363 978 3425 sive
1001 3359 1193 3447 patellarum
1217 3360 1312 3442 locis,
1341 3383 1425 3447 quae
1449 3361 1628 3446 vulgariter
1651 3361 1804 3446 pfansteti
1827 3381 1883 3423 vo·

231 3480 355 3547 cantur,
380 3490 419 3533 ac
444 3482 577 3533 aedificiis
596 3484 675 3532 terris
694 3481 774 3532 cultis
794 3490 822 3532 et
841 3481 951 3532 incultis
971 3484 1022 3532 riis
1042 3483 1123 3532 inviis
1143 3483 1262 3532 exitibus
1282 3489 1309 3532 et
1331 3484 1466 3533 reditibus
1486 3484 1599 3546 quesitis
1617 3481 1660 3532 vel
1682 3482 1881 3546 inquirendis*

232 3591 312 3638 rebus
332 3588 479 3639 mobilibus
498 3600 526 3640 et
543 3588 720 3639 inmobilibus
739 3588 816 3639 silvis
835 3573 1121 3639 communitatibus
1140 3606 1173 3640 ac
1191 3591 1289 3639 ceteris
1307 3590 1431 3640 omuibus
1445 3604 1515 3653 quae
1529 3591 1579 3639 rite
1593 3590 1675 3639 scribi
1690 3596 1738 3639 sut
1750 3570 1883 3654 appellari

231 3702 345 3761 possunt
362 3709 378 3740 s
400 3696 574 3756 utilitatibus,
594 3698 644 3747 bac
664 3704 773 3746 nostrae
793 3697 966 3747 auctoritatis
985 3695 1137 3762 preceptali
1160 3698 1270 3762 pagina,
1297 3703 1380 3761 prout
1403 3698 1552 3747 firmissime
1572 3712 1724 3761 possumus,
1750 3697 1906 3745 donamus!

231 3808 314 3865 atque
334 3804 544 3867 proprietamus,
571 3804 691 3853 omnium
711 3804 928 3853 contradictione
948 3804 1270 3868 renrotasprecipientes
1290 3804 1382 3868 igitur,
1409 3811 1440 3853 ut
1459 3804 1538 3853 nobis
1562 3804 1589 3852 in
1609 3803 1660 3853 deo
1680 3801 1797 3852 dilectus
1816 3818 1882 3866 sepe

187 3913 213 3952 ³0
232 3909 304 3975 dicte
323 3909 395 3958 sedis
414 3909 588 3960 Eberhardus
608 3911 754 3976 episcopus
775 3909 888 3960 liberam
908 3911 1005 3960 dehinc
1024 3911 1125 3960 habeat
1144 3917 1308 3975 protestatem
1328 3928 1360 3961 sc
1378 3912 1421 3961 sui
1441 3926 1614 3961 successores
1634 3911 1748 3960 eadcur
1771 3894 1885 3981 predia

232 4012 329 4086 atque
353 4000 453 4081 bona,
485 4003 719 4089 cuiuscumque
749 4004 888 4067 nominis
918 4002 972 4066 vel
1002 4003 1150 4066 utilitatis
1180 4004 1259 4083 siut,
1290 4005 1323 4066 iu
1355 4025 1453 4089 supra
1482 4002 1569 4066 dicto
1600 4002 1671 4067 loco
1694 4000 1793 4066 Halla
1822 4002 1884 4066 sita

232 4123 342 4171 tenendi
363 4123 518 4187 possidendi
538 4139 587 4172 seu
607 4125 739 4187 quicquid
758 4126 811 4173 sibi
832 4122 916 4174 libeat
934 4125 1022 4174 modis
1041 4124 1167 4174 omnibns
1185 4125 1214 4173 iu
1234 4140 1313 4174 usum
1333 4126 1509 4189 episcopatus
1528 4124 1591 4173 inde
1611 4124 1739 4173 faciendi.
1775 4123 1803 4172 si
1822 4124 1884 4187 quis

232 4229 325 4293 igitur,
344 4230 417 4292 quod
437 4229 517 4288 absit,
537 4229 618 4279 huius
637 4235 747 4279 nostrae
767 4231 922 4280 donationis
936 4230 1154 4280 munificentiam
1169 4232 1308 4280 destrucre
1321 4232 1379 4281 sive
1398 4230 1502 4280 violare
1521 4238 1668 4296 presumet,
1687 4232 1715 4280 iu
1735 4230 1883 4279 uormsimo

232 4335 276 4385 die
296 4352 387 4385 eoram
407 4333 496 4385 oculis
516 4334 561 4384 dei
579 4335 782 4398 inextinguibili
804 4344 940 4386 tormento
961 4336 1027 4386 lust.
1071 4338 1204 4398 Quodne
1224 4338 1279 4395 fist,
1305 4338 1353 4387 sed
1372 4338 1441 4387 baec
1460 4338 1572 4387 traditio
1592 4344 1685 4387 nostra
1704 4338 1738 4386 ab
1758 4338 1883 4386 omnibus

185 4449 212 4488 ³⁶
231 4443 390 4508 incorrupta
408 4450 575 4508 permaneat,
595 4441 665 4491 hanc
685 4448 787 4491 cartam
807 4444 869 4493 indc
890 4445 1072 4508 conscriptam
1093 4459 1174 4493 ruanu
1194 4446 1306 4509 propria
1326 4445 1485 4494 roborantes
1503 4443 1588 4507 sigilli
1608 4445 1693 4493 riustri
1712 4445 1882 4508 inpressione

229 4549 354 4613 insigniri
373 4548 508 4599 iussimus.

335 4728 353 4818 ᾖ
378 4730 516 4815 Signum
539 4730 649 4795 domni
671 4730 820 4795 Heinrici
845 4740 908 4809 (11.)
933 4733 1020 4818 regis
1044 4732 1259 4796 invictissimi.
1283 4729 1301 4820 ξ

335 4933 588 5023 {Eberhardus
613 4936 847 5001 cancellarius‘
870 4939 944 5002 vice
968 4937 1134 5022 Uuilligisi
1157 4936 1409 5024 archicapellani
1434 4939 1621 5022 recognovi.
1646 4935 1663 5024 ff
1716 4946 1772 5015 (Sl.
1794 4944 1836 4999 21

334 5138 425 5204 Data
447 5139 512 5204 kal.
537 5163 612 5205 nov.
636 5140 815 5205 indictione
832 5157 865 5223 V,
890 5163 975 5205 auno
1000 5140 1162 5205 dominice
1186 5143 1419 5206 incarnationis
1444 5156 1535 5221 MVII,
1560 5164 1645 5205 anno
1668 5164 1746 5205 vero
1771 5140 1881 5204 donini

182 5269 211 5309 so
230 5245 401 5310 Heinriciss
425 5247 559 5311 secundi
583 5248 749 5333 regnantis
766 5263 820 5331 v13
851 5260 960 5313 actum
983 5247 1241 5331 Frankonofnrt3
1272 5247 1411 5313 feliciter
1434 5271 1539 5312 amen.

302 5512 364 5568 15⁷.
390 5511 537 5584 [Bresslsu]
581 5518 607 5581 a)
628 5516 679 5567 dua
696 5522 763 5568 erate
781 5533 793 5567 s
811 5517 898 5579 soson
915 5533 985 5570 corr.
1005 5533 1056 5567 uus
1073 5520 1098 5566 st
1171 5515 1199 5581 b)
1218 5532 1254 5567 ou
1272 5533 1342 5570 corr.
1362 5532 1413 5567 oue
1431 5531 1463 5567 ec
1535 5520 1560 5582 c)
1579 5518 1604 5567 A
1676 5513 1705 5583 d)
1724 5513 1882 5567 Thiemouis

389 5587 419 5636 in
435 5586 525 5650 drosela·
538 5587 671 5651 oetam
687 5587 776 5639 Lrttke
792 5604 840 5639 rou
859 5588 940 5642 Bul
956 5588 1163 5653 nurquctropcrr3
1182 5588 1215 5638 ob
1232 5588 1298 5637 aruh
1318 5589 1367 5638 der
1384 5588 1525 5637 Gonnomc
1542 5587 1736 5652 noobpetrugm
1754 5589 1796 5651 rat,
1816 5587 1882 5638 lctsst

388 5658 683 5782 req'qltq'piicbtcob'qswt
700 5659 862 5711 mtarbestieu
941 5674 966 5725 e)
987 5657 1168 5727 proprietavit
1185 5661 1241 5723 uus
1254 5660 1348 5710 Rosos·
1427 5657 1453 5725 f)
1473 5673 1516 5708 am
1535 5675 1553 5708 n
1574 5658 1716 5710 Cosrectur
1786 5662 1815 5727 g)
1837 5674 1881 5707 om

1613 5927 1666 5981 24*
