4836 6504
838 453 1073 510 Huln'nlcn
1102 454 1141 508 H.
1169 451 1263 508 1009.
1823 440 1885 500 247

344 650 660 725 Votuietunpsstrictes
683 651 723 709 im
740 650 940 725 Menoprunuu
963 651 1047 709 sowie
1065 651 1114 709 des
1133 650 1337 723 Tnpesdatunts
1356 649 1413 706 asrael
1428 648 1475 706 dic
1490 613 1676 719 Besiepelunp
1698 643 1886 702 arttmbh'ebeu

340 757 414 816 sind
455 756 495 815 D.
513 758 574 816 210
597 757 703 815 selseint
727 758 788 815 also
812 758 857 815 trie
880 755 1126 831 Reehlsps'ltiplreit
1148 757 1275 815 erboltcn
1297 773 1333 814 ru
1355 756 1453 813 habers.
1474 783 1518 791 —
1537 753 1600 811 Zur
1618 753 1815 823 Erlttuteruaq
1837 749 1888 807 der

340 863 548 937 Forstprenzea
569 865 624 938 opt.
644 864 771 938 Wippert
789 865 821 922 in
841 863 1027 939 llapdeburp.
1051 864 1251 923 Geselichtsbl.
1272 864 1301 932 5,
1317 863 1376 920 421
1392 861 1444 934 ff.,·
1466 880 1519 918 zur
1538 859 1702 933 Datierunp
1722 858 1761 916 N.
1779 856 1888 914 Archia·

341 973 393 1040 22,
411 972 479 1029 178.

203 1130 216 1169 s
344 1109 402 1185 (C.)
424 1102 441 1191 ᾖ
465 1105 504 1167 In
527 1105 657 1168 nomine
682 1116 815 1169 sanctae
840 1118 873 1169 et
896 1105 1085 1169 individuae
1109 1105 1273 1168 trinitatis.
1321 1104 1497 1167 Heinricus
1526 1101 1640 1164 divina
1667 1099 1800 1163 favente
1824 1096 1887 1161 cle-

236 1211 358 1274 mentia
381 1233 450 1274 rex.
563 1210 738 1299 [Rectolri2
762 1235 875 1297 regum
900 1212 1100 1296 gratulantes
1125 1224 1157 1275 et
1181 1210 1326 1274 remedio
1351 1211 1480 1273 animae
1504 1219 1633 1271 nostrae
1655 1203 1887 1295 {consulendo

236 1316 381 1380 fidelium
405 1328 588 1381 nostrorum
612 1317 831 1403 peticionibus
859 1341 971 1383 aurem
1001 1320 1088 1404 piam
1121 1316 1406 1383 accommodantes
1437 1326 1556 1378 statum
1586 1325 1618 1377 ct
1649 1312 1798 1377 ordinem
1822 1334 1887 1375 om-

237 1425 328 1486 nium
363 1423 596 1488 aecclesiarum
631 1424 762 1488 firmare
797 1438 895 1512 atque
931 1424 1097 1513 rob[0rare
1133 1422 1350 1512 con]g[ruum]
1392 1436 1423 1486 et
1459 1420 1589 1485 salubre
1625 1420 1887 1497 diiudicavimus,

238 1531 379 1594 maxime
404 1544 513 1595 autem
537 1554 576 1594 ea
607 1530 678 1595 loca
707 1544 844 1613 sacrata,
877 1555 960 1619 quae
992 1532 1033 1596 ab
1060 1529 1346 1619 [antelcessoribns
1377 1528 1509 1614 regibus
1543 1525 1732 1614 parentibus
1763 1525 1889 1589 scilicet

194 1662 219 1700 ro
238 1639 354 1700 nostris
385 1637 521 1701 fundata
550 1650 736 1702 constructa
766 1651 798 1703 ct
828 1641 957 1725 penitus
986 1637 1185 1726 acdillicata]
1218 1638 1282 1702 huc
1306 1660 1408 1723 usquc
1433 1638 1546 1721 vigere
1569 1644 1757 1713 noscuntur,
1787 1634 1887 1696 nostri

238 1743 472 1831 mundiburdh]
494 1745 650 1809 tutamine
671 1745 813 1832 sigillare
833 1746 1048 1810 decrevimus.
1089 1746 1296 1831 Quapropter
1315 1745 1488 1809 caritativa
1506 1755 1637 1806 nostrae
1657 1741 1888 1805 dilectissimae

240 1850 432 1915 contectalis
463 1849 706 1939 Chunhgunde]
738 1852 959 1916 admonitione
990 1853 1204 1917 circumventi
1236 1875 1274 1915 ac
1304 1850 1450 1915 fidelium
1481 1860 1666 1913 nostrorum
1690 1846 1887 1911 venerabilis

239 1956 392 2022 videlicet
415 1957 604 2022 Heriberhti
628 1959 887 2046 archiepiscopil'
912 1958 1115 2023 Coloniensis
1146 1959 1326 2023 aecclesiae
1358 1970 1390 2021 et
1413 1956 1597 2021 Bernhardi
1626 1955 1717 2019 ducis
1748 1954 1887 2040 supplici

238 2064 453 2150 postulatione
473 2066 617 2150 instigati
636 2065 977 2151 Magadahurgensem
997 2067 1323 2153 archiepiscopatum,
1343 2088 1440 2151 quem
1459 2065 1487 2128 T
1490 2065 1622 2149 eginoni
1642 2062 1887 2148 archiepiscopo

194 2195 219 2234 rs
239 2172 363 2234 servitii
379 2172 482 2235 nostri
497 2170 695 2260 devotio[ne]
712 2196 891 2259 numquam
907 2173 1036 2237 devicto
1053 2172 1301 2258 gubernandum
1318 2172 1548 2253 commisimus,
1565 2172 1649 2234 sicut
1664 2181 1888 2233 antecessores

238 2281 339 2342 nostri
359 2301 452 2364 reges
472 2279 625 2344 videlicet
645 2292 677 2343 et
695 2281 909 2366 imperatores
929 2292 1003 2345 ante
1023 2282 1181 2361 fecerunt,
1204 2281 1321 2343 iterum
1341 2302 1414 2342 eum
1434 2278 1588 2342 roborare
1608 2278 1695 2341 omni
1715 2276 1888 2340 devotione

239 2386 415 2449 studemus.
462 2386 590 2451 ldcirco
615 2386 764 2450 omnibus
787 2386 939 2451 fidelibus
962 2389 1081 2451 nostris
1110 2398 1222 2450 notum
1252 2409 1322 2449 esse
1347 2385 1506 2467 volumus,
1537 2384 1625 2471 qnod
1655 2385 1773 2463 omnia,
1804 2405 1887 2468 quac

238 2493 311 2578 pius
335 2516 453 2578 parcns
484 2506 594 2557 noster
624 2516 761 2579 magnus
792 2506 824 2569 et
853 2494 1010 2579 pacificus
1035 2494 1111 2559 Otto
1143 2495 1319 2580 imperator
1350 2504 1507 2578 augustus
1538 2494 1653 2577 suique
1684 2512 1888 2555 successores

239 2598 291 2663 vel
324 2601 556 2686 cuiuscumque
590 2600 758 2685 dignitatis
790 2624 949 2687 personae
983 2601 1045 2665 deo
1079 2612 1111 2664 et
1143 2601 1284 2687 principi
1317 2599 1537 2685 apostolorum
1569 2600 1667 2663 Petro
1700 2599 1886 2683 sanctisque

193 2730 219 2768 so
237 2704 424 2770 martiribus
455 2706 640 2795 hlaur[ici]o
676 2718 773 2794 atquc
808 2708 998 2772 Innocentio
1035 2709 1196 2793 sociisque
1232 2707 1409 2771 eorundem
1444 2706 1649 2770 tradiderunt
1678 2704 1731 2768 vel
1760 2717 1886 2769 nosmet

238 2811 324 2899 ipsffl
357 2813 559 2896 tradidimus,
592 2815 661 2878 sive
692 2816 757 2878 iam
788 2817 821 2877 in
849 2828 1009 2901 potestate
1033 2838 1131 2901 supra
1155 2815 1262 2878 dictae
1286 2814 1465 2878 aecclesiae
1488 2812 1672 2877 habeantur
1699 2836 1758 2875 seu
1788 2813 1886 2875 etiam

238 2919 280 2983 ad
310 2943 369 2983 nos
399 2933 456 2984 aut
485 2920 528 2984 ad
558 2920 657 2985 alium
688 2921 830 3008 aliquem
860 2936 1042 2986 nostrorum
1072 2922 1217 2985 fidelium
1248 2921 1357 3007 aliquo
1389 2920 1486 2984 modo
1517 2921 1702 3006 respiciat0,
1734 2920 1887 2983 reiterata

238 3026 453 3091 affirmatione
478 3027 539 3092 deo
565 3040 597 3091 et
620 3051 719 3114 snpra
749 3029 845 3093 dictis
876 3031 996 3095 sanctis
1027 3029 1183 3093 tradimus
1214 3040 1246 3092 ct
1275 3051 1390 3092 manus
1420 3041 1550 3091 nostrae
1581 3029 1722 3112 gratuito
1753 3050 1887 3091 munere

238 3132 438 3217 roboramus,
470 3134 589 3220 regalis
621 3138 766 3222 precepti
797 3137 962 3221 pessulum
993 3150 1205 3222 opponentes
1235 3158 1276 3200 ne
1307 3158 1393 3199 nunc
1424 3146 1480 3199 aut
1504 3136 1537 3197 in
1560 3147 1726 3221 posterum
1750 3134 1887 3198 alicuius

193 3266 219 3304 ss
240 3239 405 3327 dignitatis
429 3264 569 3328 persona
592 3266 643 3307 res
668 3244 813 3307 eiusdem
833 3243 1013 3308 aecclesiae
1033 3266 1108 3308 cum
1126 3243 1235 3329 aliqua
1255 3244 1437 3307 temeritate
1457 3243 1621 3306 infirmare
1643 3240 1710 3329 [aut
1728 3241 1887 3329 milnuerc

241 3346 317 3435 [vell
341 3347 451 3434 aliqua
473 3348 724 3438 inq[uiet]udine
751 3349 931 3438 [invladerc
956 3362 1153 3437 praesumat,
1184 3350 1243 3413 sed
1267 3374 1340 3414 cum
1370 3362 1461 3413 tanta
1490 3349 1693 3436 plenitudine
1724 3350 1788 3412 sint
1817 3348 1887 3412 ubi·

239 3478 378 3542 cumque
409 3455 577 3520 locorumd
601 3459 670 3521 sive
701 3460 942 3544 provinciarum
973 3456 1033 3520 sub
1064 3469 1225 3544 potestate
1249 3456 1564 3542 Magadaburgensis
1596 3456 1754 3546 ecelesiae
1784 3456 1887 3519 arehi-

239 3563 384 3649 episcopi
409 3562 588 3647 Taginonis
613 3578 644 3628 ct
675 3588 898 3629 successorum
928 3567 997 3629 eius
1029 3567 1097 3628 sive
1128 3564 1370 3645 advocatorum,
1402 3588 1483 3649 quos
1513 3565 1576 3650 ipsi
1607 3563 1774 3647 elegerint,
1806 3565 1889 3626 sieut

240 3671 348 3733 senior
377 3683 487 3734 noster
517 3694 556 3735 ac
586 3694 705 3758 parens
736 3673 897 3736 maximus
928 3674 1159 3758 imperatorum
1191 3671 1267 3736 Otto
1299 3694 1354 3735 eas
1385 3671 1530 3755 possedit
1559 3670 1694 3734 tradidit
1723 3670 1889 3734 roboravit

194 3800 220 3838 so
240 3799 278 3840 ae
303 3776 421 3840 deinde
446 3777 689 3842 successoribus
714 3781 780 3842 suis
805 3790 837 3842 et
859 3778 953 3842 nobis
977 3802 1035 3865 pro
1059 3778 1204 3841 remedio
1235 3780 1416 3841 animarum
1440 3790 1622 3842 nostrarum
1652 3777 1695 3841 ad
1718 3777 1888 3841 utilitatem

240 3906 338 3969 supra
360 3896 537 3973 memorate
563 3885 746 3973 [eccllesiac
771 3885 971 3949 roborandas
995 3886 1133 3971 reliquit.
1172 3885 1311 3972 Insuper
1335 3900 1442 3949 autem
1466 3886 1558 3969 regia
1580 3894 1739 3970 potestate
1764 3885 1888 3970 praeci-

240 3991 356 4076 pimus,
385 4004 420 4055 ut
450 3990 569 4055 liberas
600 3993 739 4055 familias
770 3992 812 4056 ad
843 3993 992 4057 civitates
1024 3992 1173 4055 Scltidcn'
1204 4003 1236 4055 ct
1259 3992 1382 4075 Angcri
1413 3993 1612 4078 pertinentes
1643 3991 1749 4054 nullus
1780 4014 1888 4054 comes

240 4108 296 4160 aut
319 4096 428 4184 aliqua
453 4097 643 4162 iuridicialis
667 4122 808 4184 persona
831 4101 1012 4186 iuquietare
1044 4110 1099 4162 aut
1129 4120 1207 4162 suae
1239 4099 1386 4162 servituti
1420 4097 1578 4186 [alliqluo]
1611 4099 1706 4163 modo
1737 4096 1888 4183 subigere

240 4216 439 4289 praesumat,
476 4205 534 4269 sed
569 4229 642 4269 cnm
678 4218 767 4270 tanta
799 4206 999 4292 plenitudine
1032 4206 1158 4269 numeri
1191 4216 1288 4291 atquc
1322 4204 1433 4269 tributi
1466 4206 1611 4269 serviant
1642 4205 1888 4291 archiepiscopo

195 4333 221 4371 as
241 4310 540 4397 llagadaburgensi
573 4312 693 4400 [supra]
727 4313 813 4376 dieto
845 4311 1152 4398 successoribusque
1184 4313 1252 4375 eius
1284 4326 1316 4375 et
1348 4312 1396 4375 his
1430 4311 1597 4376 advocatis
1631 4311 1800 4393 obediant,
1834 4313 1889 4398 qui

241 4417 424 4482 voluntaria
448 4418 605 4483 electione
630 4442 740 4483 eorum
765 4421 812 4483 cis
836 4419 944 4505 aliquo
968 4419 1064 4483 modo
1088 4432 1340 4505 praeponantur,
1369 4420 1453 4483 sicut
1476 4420 1624 4482 fecerunt
1646 4442 1764 4504 magno
1789 4420 1889 4505 impc-

241 4526 339 4589 ratori
363 4527 481 4612 pioque
506 4528 633 4612 parenti
657 4540 766 4590 nostro
793 4528 906 4591 Ottoni
931 4540 963 4590 et
987 4526 1165 4599 advocatis,
1198 4550 1278 4612 (pros
1309 4549 1407 4613 super
1437 4550 1491 4589 eos
1522 4528 1591 4612 ipse
1617 4527 1789 4590 constuit⁰.
1836 4527 1888 4590 Dc

240 4632 368 4695 forestis
388 4645 496 4696 autem
516 4632 674 4697 theloneis
694 4634 865 4719 mancipiis
886 4634 1020 4698 decimis
1040 4632 1293 4719 proprietatibus
1314 4647 1345 4697 et
1365 4634 1509 4697 terminis
1529 4631 1726 4720 ubicumque
1746 4633 1890 4698 locorum

241 4752 297 4803 aaut
319 4741 561 4825 provinciarum
584 4741 699 4826 positis
723 4740 766 4803 ad
790 4742 969 4826 praefatam
994 4740 1187 4804 aecclesiam
1207 4740 1547 4826 Magadabnrgensem
1566 4740 1804 4827 pertinentibus
1824 4754 1890 4805 tam

195 4867 223 4905 ro
240 4846 366 4910 firmam
391 4846 452 4911 deo
477 4858 509 4910 et
533 4847 826 4933 supranominatis
851 4848 972 4911 sanctis
996 4848 1131 4911 facirnns
1156 4846 1406 4928 roborationem,
1437 4862 1472 4912 ut
1499 4849 1721 4934 unusquisque
1745 4848 1890 4912 fidelium

241 4952 323 5017 haec
347 4976 420 5017 eum
445 4953 555 5040 aliqua
577 4956 760 5017 temeritate
791 4954 946 5018 invadere
977 4956 1186 5041 pertimescat
1196 4954 1218 5017 s.
1265 4955 1308 5018 Et
1337 4970 1372 5018 ut
1402 4955 1483 5019 haec
1515 4968 1643 5019 nostrae
1675 4955 1890 5020 roborationis

241 5062 417 5123 auctoritas
447 5084 533 5124 nunc
564 5072 596 5124 et
626 5062 659 5124 in
689 5074 854 5146 posterum
885 5062 978 5125 lirma
1009 5078 1041 5125 et
1071 5062 1262 5125 inconvulsa
1293 5074 1492 5148 permaneat,
1526 5062 1631 5148 sigillo
1664 5076 1772 5126 nostro
1805 5063 1890 5128 hanc

242 5178 364 5230 cartam
387 5168 524 5231 fecimus
549 5167 682 5254 sigillari
707 5191 822 5231 manus
847 5169 1009 5255 propriae,
1034 5180 1069 5233 ut
1093 5170 1178 5232 infra
1200 5170 1340 5247 videtur,
1370 5184 1479 5233 notam
1504 5169 1671 5233 addentes
1719 5171 1889 5234 Forcstum

242 5296 381 5360 quoque,
413 5273 500 5360 qnod
530 5273 615 5338 ultra
637 5273 769 5337 Albium
799 5274 935 5339 fluvium
965 5276 1061 5349 iacet,
1095 5276 1135 5339 dc
1167 5300 1230 5362 quo
1262 5278 1411 5363 superius
1444 5277 1629 5363 specialiter
1659 5300 1723 5341 non
1753 5278 1891 5342 fecimus

195 5401 222 5439 rs
241 5382 449 5461 mentionem,
473 5420 517 5428 -
540 5381 590 5445 his
614 5383 760 5445 terminis
791 5405 949 5468 aquarum
981 5381 1199 5469 silvarumque
1231 5383 1446 5469 designatum,
1471 5384 1532 5449 hoc
1557 5397 1622 5448 est:
1658 5386 1691 5448 in
1721 5384 1890 5449 occidente

242 5511 316 5552 cum
339 5486 438 5551 Albia
461 5487 604 5570 flumine,
629 5489 663 5551 in
687 5490 907 5575 septentrione
932 5513 1006 5555 cum
1030 5489 1201 5554 Nactanha
1224 5502 1256 5554 et
1279 5491 1373 5555 Duru
1398 5505 1429 5555 ct
1453 5491 1557 5555 Uinalr
1579 5492 1679 5574 silvis,
1710 5493 1743 5555 in
1767 5494 1890 5559 oriente

312 5664 378 5721 21⁰.
403 5664 551 5735 [Bresslau]
597 5674 623 5731 a)
644 5667 712 5718 disse
731 5668 787 5718 und
805 5669 848 5719 die
865 5668 1003 5734 folyarden
1022 5669 1224 5736 Eryrtnzunqen
1244 5672 1336 5723 uusC
1409 5671 1438 5737 b)
1458 5669 1655 5738 archiepiscopi
1675 5671 1739 5723 atbar
1755 5673 1804 5723 der
1822 5674 1892 5728 Zao

401 5739 595 5803 rtochyampen
668 5748 693 5803 c)
714 5741 739 5790 A
818 5738 847 5807 d)
874 5756 906 5792 eo
931 5757 999 5794 corr.
1023 5757 1074 5792 ares
1099 5759 1133 5793 cu
1206 5742 1231 5807 e)
1257 5744 1282 5793 A
1307 5745 1357 5806 fur
1382 5741 1535 5807 constituit,
1563 5745 1610 5794 teis
1635 5743 1658 5796 C
1681 5744 1821 5796 massas
1845 5748 1892 5799 bat

401 5808 424 5873 f)
445 5810 620 5876 pertimescat
638 5811 692 5871 ares
709 5811 801 5861 Resur
