4836 6492
861 283 1095 340 HEINRICH
1117 284 1156 340 11.
1197 282 1293 341 1023.
1838 277 1899 340 621

252 474 430 561 mancipati
453 475 488 538 in
511 495 592 560 paee
616 484 649 537 et
672 473 781 559 quiete
805 472 935 536 domino
959 472 1082 535 servire
1107 470 1309 536 delectentur
1331 481 1373 553 et,
1398 471 1454 558 qui
1478 472 1564 535 curis
1588 481 1621 535 et
1643 472 1789 557 negociis
1813 493 1904 558 secu·

253 580 376 647 laribus
400 603 584 668 gravamur,
609 602 731 661 eorum,
755 581 811 665 qui
827 580 861 642 in
876 579 949 665 lege
966 579 1036 642 eius
1053 577 1105 642 die
1129 601 1168 642 ac
1183 588 1279 642 nocte
1302 577 1511 661 meditantur,
1535 576 1689 665 precibus
1713 600 1733 643 a
1754 588 1905 665 peccato·

253 713 324 754 rum
349 697 531 753 nostrorum
554 685 695 751 nexibus
718 685 904 750 liberemur.
947 684 1155 772 Quapropter
1177 687 1321 750 omnium
1343 683 1489 750 fidelium
1512 681 1634 749 Christi
1656 694 1905 772 nostrorumque

254 797 383 861 noverit
415 796 622 877 universitas,
653 793 794 880 qualiter
825 792 963 857 dilectus
997 790 1091 858 nobis
1125 790 1387 878 venerabilisque
1417 791 1656 877 Meginwercus
1686 790 1905 857 Potherbrun-

218 902 387 974 anenaisb
410 901 593 967 aecclesiae
623 902 758 965 antistes
782 898 1008 964 celsitudinem
1030 909 1173 963 nostram
1196 897 1277 963 adiit
1299 898 1489 986 suppliciter
1512 921 1663 981 exorans,
1687 910 1723 963 nt
1746 910 1906 965 monaste·

254 1012 338 1075 rium
361 1011 395 1073 in
419 1007 614 1074 occidentali
637 1017 730 1094 parte
752 1004 1092 1071 Potherbrunnensisb
1115 1003 1263 1070 suburbii
1287 1004 1329 1070 ab
1346 1028 1385 1070 eo
1408 1007 1442 1069 in
1466 1006 1587 1071 honore
1611 990 1724 1092 sancte
1740 1006 1794 1071 dei
1817 1008 1906 1093 geni·

255 1118 345 1182 tricis
375 1126 408 1182 et
436 1126 594 1203 perpetue
624 1115 761 1200 virginis
789 1113 893 1200 Marie
922 1114 1129 1199 omniumque
1164 1122 1350 1177 sanctorum
1379 1112 1551 1177 fundatum
1583 1111 1714 1202 [nostra]
1746 1113 1907 1201 imperiali

256 1223 448 1288 auctoritate
472 1221 726 1302 confirmaretur,
751 1222 902 1306 quatinus
925 1217 1055 1307 fr[atres
1078 1218 1193 1308 ipsilns
1216 1221 1404 1284 monasterii
1433 1221 1467 1284 in
1497 1219 1608 1285 divino
1632 1222 1765 1285 servitio
1789 1222 1909 1306 iugiter

256 1331 461 1418 permansuri
491 1327 533 1393 ab
564 1329 651 1393 omni
682 1326 823 1417 seculari
845 1326 1000 1391 violentia
1031 1337 1064 1391 et
1093 1327 1242 1392 molestia
1270 1329 1385 1391 remoti
1415 1338 1448 1391 et
1470 1328 1586 1391 muniti
1609 1337 1698 1392 tanto
1723 1327 1908 1415 expeditius

212 1469 240 1509 m
256 1439 344 1502 viam
367 1435 594 1501 mandatorum
618 1434 672 1499 dei
696 1444 874 1516 currerent,
898 1444 1018 1520 quanto
1042 1435 1090 1497 eis
1113 1443 1242 1521 terrene
1265 1433 1540 1499 incommoditatis
1563 1434 1798 1521 impedimenta
1820 1434 1910 1499 nulla

257 1542 433 1610 obstarent.
480 1539 583 1607 Cuius
605 1538 779 1606 laudabilis
803 1541 902 1605 studii
925 1541 1104 1605 intentione
1128 1539 1371 1624 congaudentes
1395 1551 1428 1604 et
1449 1563 1510 1627 per
1530 1541 1750 1607 interventum
1768 1541 1909 1606 dilectis·

257 1652 337 1737 sime
367 1650 515 1734 coniugis
543 1658 673 1713 nostrae
704 1646 900 1737 Ounigunde
930 1646 1085 1712 videlieet
1112 1647 1330 1733 imperatricis
1360 1659 1497 1733 auguste
1528 1647 1730 1735 aliorumque
1764 1647 1909 1713 fidelium

257 1768 440 1822 nostrorum
469 1757 562 1820 iustis
592 1754 810 1843 peticionibus
841 1755 982 1841 gratuito
1010 1752 1250 1842 ass[entient]es
1280 1754 1441 1841 imperiali
1473 1756 1665 1819 auctoritate
1693 1753 1908 1839 decrevimus,

257 1876 294 1930 nt
316 1864 425 1929 omnia
447 1886 467 1927 a
489 1862 584 1927 nobis
606 1861 660 1927 vel
685 1860 727 1926 ab
751 1863 822 1948 ipso
846 1858 1027 1926 venerabili
1057 1862 1211 1947 episcopo
1243 1860 1284 1925 de
1312 1883 1372 1925 sua
1394 1861 1575 1926 hereditate
1598 1861 1651 1927 vel
1674 1861 1827 1951 aliunde⁰
1851 1886 1912 1950 per

213 2003 240 2042 11
259 1971 544 2037 commutationem
574 1981 631 2034 aut
659 1970 842 2056 precariam
872 1968 926 2033 vel
956 1967 998 2033 ab
1022 1967 1094 2032 aliis
1126 1968 1179 2032 dei
1210 1966 1388 2033 cultoribus
1419 1968 1525 2033 eidem
1554 1970 1751 2034 monasterio
1783 1969 1910 2053 collata,

258 2076 413 2142 videlicet
434 2079 468 2141 in
492 2077 661 2141 territoriis
685 2075 770 2140 villis
796 2074 905 2164 [areils
929 2075 1051 2140 curtis<¹
1075 2073 1284 2164 [ae]d[i]ficiis
1308 2077 1479 2163 mancipiis
1502 2076 1670 2162 utriusque
1695 2099 1793 2141 sexus
1815 2078 1911 2141 terris

258 2185 354 2250 cultis
377 2196 410 2249 et
433 2182 563 2248 incultis
585 2184 687 2270 pratis
710 2185 842 2269 pascuis
866 2183 989 2268 campis
1013 2184 1107 2269 aquis
1131 2205 1354 2269 aquarumque
1386 2180 1577 2247 decursibus
1600 2182 1694 2247 molis
1717 2183 1911 2248 molendinis

257 2289 494 2380 piscationibus
518 2290 608 2354 silvis
631 2287 861 2355 venationibus
885 2286 1026 2353 exitibus
1058 2301 1090 2354 et
1121 2288 1278 2355 reditibus
1301 2291 1364 2354 viis
1395 2301 1427 2354 et
1457 2290 1554 2353 inviis
1577 2291 1713 2376 quesitis
1738 2301 1771 2354 et
1792 2290 1911 2379 inq[ui-

257 2398 368 2464 rendis
384 2396 472 2486 culm
495 2398 583 2461 omni
606 2397 743 2461 utilitate
767 2406 800 2461 ct
822 2398 1018 2482 integritate,
1042 2420 1106 2484 que
1122 2395 1186 2461 ullo
1202 2396 1298 2461 modo
1323 2419 1366 2460 ex
1389 2397 1436 2461 eis
1459 2398 1633 2484 provenire
1656 2398 1785 2483 poterit,
1808 2398 1912 2485 ipsius

213 2538 242 2578 ω
258 2506 446 2571 monasterii
470 2502 573 2569 abbas
596 2526 671 2569 cum
695 2504 762 2568 suis
785 2501 939 2567 fratribus
962 2504 1176 2589 proprietario
1207 2504 1277 2568 iure
1308 2505 1542 2590 potestativaec
1567 2501 1687 2568 babeat
1717 2515 1815 2591 atque
1838 2527 1912 2591 pos·

259 2612 364 2678 sideat
393 2622 426 2677 ct
456 2635 531 2676 curn
561 2611 707 2699 episcopi
737 2608 895 2698 lic[entia]
920 2608 1103 2698 qlulicquid
1133 2609 1197 2673 illis
1226 2608 1427 2699 plaleulerfit
1449 2610 1503 2699 ad]
1536 2610 1764 2700 commun[em]
1790 2610 1911 2700 us[u]m

261 2719 445 2809 [eccllesiae
469 2718 579 2783 faciat.
617 2717 757 2805 Insuper
780 2717 884 2781 eciam
907 2716 1036 2780 firmum
1059 2727 1092 2780 et
1115 2715 1230 2781 stabile
1253 2728 1412 2804 perpetuo
1435 2718 1504 2781 iure
1529 2719 1723 2800 sanccimus,
1747 2729 1783 2783 ut
1804 2718 1913 2783 nullus

259 2828 327 2893 dux
350 2838 406 2891 aut
429 2849 539 2891 comes
562 2835 619 2889 aut
641 2824 751 2911 aliqua
773 2846 914 2910 persona
937 2845 1040 2909 parva
1062 2823 1117 2888 vel
1146 2846 1267 2908 magna
1296 2821 1474 2910 quemlibet
1498 2822 1652 2888 abbatum
1676 2825 1778 2911 ipsius
1801 2848 1912 2890 mona-

259 2935 349 2999 sterii
373 2956 446 2999 cum
470 2933 537 2997 suis
560 2929 715 2996 fratribus
739 2953 838 3016 super
867 2929 991 2994 eisdem
1020 2928 1115 2994 bonis
1144 2930 1327 3016 inquietare
1357 2929 1556 3019 mo[le]stare
1587 2942 1643 2995 aut
1672 2931 1825 2996 divestire
1857 2944 1913 2998 ant

214 3070 242 3112 2⁶
259 3042 368 3129 aliqua
389 3039 563 3104 iudiciaria
584 3048 745 3125 potestate
769 3060 804 3101 se
827 3038 1041 3101 intromittere
1062 3047 1238 3123 presumat,
1263 3037 1325 3100 nisi
1341 3037 1521 3102 advocatus
1537 3036 1717 3104 aecclesiae
1734 3037 1776 3103 ab
1792 3037 1912 3105 abbate

260 3158 293 3214 et
321 3146 475 3212 fratribus
505 3148 539 3210 in
570 3145 774 3210 defensorem
805 3143 927 3208 electus
957 3155 990 3208 et
1019 3143 1061 3208 ab
1092 3146 1245 3230 episcopo
1276 3145 1478 3226 constitutus,
1503 3167 1542 3208 eo
1565 3145 1721 3211 videlicet
1742 3157 1854 3212 tenore
1877 3158 1914 3212 ut

259 3257 330 3321 iure
354 3264 524 3320 contentus
548 3252 708 3342 ecclesiae
733 3274 806 3317 cum
830 3263 983 3338 precepto
1008 3261 1041 3315 et
1064 3250 1198 3316 consilio
1222 3249 1350 3316 abbatis
1374 3253 1484 3316 omnia
1506 3251 1607 3317 faciat
1629 3263 1727 3340 atque
1751 3253 1913 3341 disponat,

260 3362 296 3429 Si
321 3363 393 3449 quis
423 3372 533 3425 autem
562 3360 624 3424 hoc
654 3370 785 3424 nostrae
815 3357 993 3446 imperialis
1023 3357 1277 3423 confirmationis
1300 3357 1444 3424 edictum
1468 3358 1577 3446 aliqua
1600 3362 1842 3447 presumptione
1865 3363 1912 3426 in·

259 3470 402 3555 iringere
426 3468 644 3555 temptaverit,
669 3476 799 3531 eentum
823 3464 978 3529 librarum
1002 3466 1181 3529 examinati
1208 3467 1279 3529 auri
1309 3465 1352 3529 ad
1381 3464 1539 3554 n[ostmm
1563 3465 1729 3556 pon]d[u]s
1754 3469 1913 3556 composi·

215 3607 243 3648 m
259 3579 347 3642 tione
371 3573 533 3657 multetur,
556 3585 593 3638 ut
615 3574 852 3660 quinquaginta
874 3583 984 3662 nostre
1008 3595 1136 3637 camere
1160 3572 1334 3658 persolvat,
1366 3574 1603 3660 quinquaginta
1631 3574 1738 3639 eidem
1763 3575 1912 3664 ecclesie,

260 3706 358 3772 quam
388 3705 470 3746 ausu
500 3682 672 3746 temerario
703 3680 885 3766 inquietare
915 3680 1123 3766 presumpsit.
1168 3678 1213 3743 Et
1241 3689 1277 3743 ut
1306 3679 1367 3767 hec
1396 3678 1597 3745 confirmatio
1621 3682 1731 3746 verius
1762 3683 1915 3747 credatur

260 3789 450 3877 stabilisque
474 3798 507 3854 et
529 3787 721 3853 inconvulsa
745 3788 1000 3872 omnitempore
1024 3783 1194 3867 habeatur,
1217 3786 1302 3851 hane
1333 3785 1511 3873 imperialis
1535 3786 1635 3852 edicti
1658 3790 1813 3875 paginam
1836 3789 1912 3854 inde

260 3894 423 3963 conscribi
446 3907 479 3961 et
501 3918 600 3960 mann
622 3895 754 3981 propria
778 3892 1005 3958 confirmantes
1029 3892 1134 3978 sigillo
1158 3903 1267 3957 nostro
1290 3894 1439 3979 insigniri
1462 3895 1624 3958 iussimus.

216 4217 243 4259 2⁶
368 4180 385 4271 ᾗ
409 4181 609 4247 Guntherius
633 4178 847 4245 cancellarius
870 4179 943 4242 viee
966 4175 1122 4242 Aribonis
1146 4178 1421 4266 archicappellani
1445 4182 1646 4267 recognovit.
1669 4180 1687 4271 ᾗ
1711 4183 1799 4269 (81.)ο

368 4325 491 4390 Datum
507 4337 622 4389 mm.
638 4322 705 4386 kal.
722 4320 787 4385 feb.
803 4319 980 4385 indictione
997 4307 1045 4402 tlt,
1068 4343 1153 4384 anno
1172 4319 1354 4385 dominicae
1373 4323 1606 4387 incarnationis
1625 4324 1796 4389 millesimo
1811 4314 1912 4409 xxtlr,

261 4455 449 4499 annovera
480 4431 590 4495 domni
620 4429 768 4494 Heinrici
799 4426 934 4491 secundi
964 4428 1131 4513 regnantis
1153 4415 1229 4510 xxi,
1259 4429 1386 4516 imperii
1417 4452 1496 4494 vero
1527 4431 1597 4494 eius
1620 4430 1767 4520 t⁷11[1]1¹;
1803 4444 1912 4498 actum

261 4538 536 4619 Paderbrunnon3
560 4536 699 4601 feliciter
722 4558 827 4600 amen.

1037 4799 1134 4887 487.

216 5006 246 5046 11
265 4967 441 5043 Heinrich
475 4963 620 5040 aebertkt
653 4963 734 5038 dem
760 4960 1053 5037 Nonnenlcloster
1075 4988 1120 5035 za
1146 4961 1376 5063 Kamsanpen
1402 4963 1471 5038 das
1500 4962 1576 5041 Get
1599 4966 1912 5068 Hardinghuson.

1383 5111 1553 5171 Puderborn
1577 5114 1656 5172 1023
1678 5114 1797 5175 Jonaar
1821 5115 1867 5174 14.

372 5239 617 5315 Otieimldiplem
638 5238 680 5296 im
702 5236 730 5296 11.
751 5234 952 5295 Staatsarcbiv
973 5252 1008 5294 aa
1030 5233 1165 5294 Monta*
1188 5234 1260 5302 (A).

333 5444 398 5502 486.
423 5444 453 5511 b)
481 5446 519 5495 a'm
538 5443 584 5497 Or.
603 5442 704 5507 (tarsu,
730 5442 788 5492 dem
806 5440 908 5492 Dialect
932 5439 977 5492 da
1000 5439 1051 5490 GB
1074 5439 1269 5504 entspreelrend,
1295 5436 1549 5494 Poderbrunnensia
1573 5444 1636 5495 oder
1661 5441 1914 5497 Paderbrunneusis

422 5517 566 5583 erstanden
582 5513 667 5566 baben
739 5516 764 5578 e)
785 5515 810 5563 A
883 5510 912 5577 d)
929 5513 963 5575 Α,
982 5515 1046 5561 rtatt
1064 5510 1186 5563 curtibus
1211 5512 1275 5563 oder
1293 5508 1432 5563 curtificiis
1515 5516 1542 5581 e)
1569 5515 1914 5580 casamassancia

217 5606 248 5647 ⁴5
423 5593 503 5640 awos
519 5587 673 5655 sumpsere,
698 5584 767 5636 wohl
783 5583 868 5635 durch
886 5583 993 5647 Abyssa
1016 5597 1065 5634 ron
1090 5585 1172 5634 elnam
1196 5582 1283 5634 eristen
1302 5583 1450 5651 Exemplar
1474 5584 1634 5651 herewalde
1654 5587 1844 5653 Narhbe'lduap
1868 5588 1915 5640 dea

423 5660 524 5711 aram
541 5658 640 5723 Ss'eeela
657 5655 801 5708 Heinrich
818 5671 853 5706 aa
871 5656 928 5707 aeia
1000 5652 1024 5721 l)
1043 5669 1116 5706 nono
1129 5653 1175 5708 24¹.
