4800 6516
597 411 619 472 8
1196 416 1659 473 RAISEst'tht'xnsx.

594 601 686 666 urbis
704 601 971 688 Radesponensis
990 604 1097 683 sitam,
1120 601 1297 667 habentem
1319 605 1354 667 in
1377 602 1549 667 latitudine
1572 602 1675 689 pedes
1698 601 1917 688 quadraginta
1940 620 1975 667 et
1996 605 2032 668 in
2049 604 2245 691 longitudine

594 709 697 796 pedes
719 711 897 795 octoginta.
921 733 987 795 que
1010 732 1054 772 ex
1076 732 1143 773 una
1165 724 1259 795 parte
1283 709 1412 795 plateae
1435 733 1500 795 que
1523 709 1613 772 ducit
1636 709 1679 772 ad
1701 708 1833 775 flumen.
1863 732 1906 773 ex
1929 710 2035 774 altera
2056 734 2143 776 veru
2166 728 2245 799 parts

593 838 691 880 areae
714 815 887 880 cuiusdam
909 816 1051 880 bominis
1073 817 1205 880 nomine
1228 815 1332 880 Ruozi
1356 816 1536 885 collimitat
1563 817 1761 880 monasterio
1783 818 1889 880 sancti
1911 816 2068 882 Mauricii
2091 822 2244 905 martyris

593 925 648 987 cui
670 922 759 986 idern
777 921 977 986 venerabilis
995 921 1101 986 abbas
1123 924 1158 987 in
1175 922 1249 987 loco
1266 926 1323 1009 qui
1339 922 1460 987 dicitur
1473 920 1615 987 Alana*
1637 944 1770 1008 preesse
1788 922 1979 991 dinoscitur.
2002 925 2078 988 iurc
2098 942 2245 1012 perpetuo

592 1029 799 1094 retinendam
821 1052 882 1115 per
903 1029 965 1094 boc
989 1028 1101 1114 regale
1124 1046 1337 1116 praeceptum
1360 1029 1566 1097 contulimus,
1594 1052 1669 1093 cum
1692 1030 1840 1093 terminis
1863 1031 1930 1093 suis
1953 1029 2104 1095 exitibus
2127 1056 2269 1119 quoques

593 1154 627 1200 et
648 1134 809 1200 reditibus
839 1138 910 1199 sive
933 1138 1053 1219 cqteris
1076 1159 1141 1222 quq
1164 1135 1311 1222 quolibet
1341 1136 1438 1201 modo
1460 1138 1572 1199 vocari
1600 1137 1684 1199 iuste
1708 1150 1740 1198 et
1763 1135 1913 1221 legaliter
1934 1152 2076 1222 possunt
2098 1138 2244 1225 appendi

592 1245 664 1311 ciis,
694 1265 736 1306 ea
765 1245 892 1307 ratione
921 1245 1076 1329 quatinus
1107 1244 1255 1329 prefatus
1285 1242 1390 1306 abbas
1420 1241 1638 1307 Godehardus
1668 1244 1738 1305 sive
1773 1265 1980 1307 successores
2009 1244 2088 1307 eius
2120 1244 2244 1308 liberam

592 1350 751 1435 deinceps
782 1348 823 1413 de
854 1349 971 1413 eadem
1000 1372 1080 1413 area
1109 1349 1253 1413 babeant
1282 1366 1476 1435 potestatem
1505 1348 1695 1435 possidendi
1717 1348 1771 1412 vel
1793 1348 1951 1435 quioquid
1973 1373 2033 1436 pro
2058 1350 2243 1416 utilitatibus

591 1458 782 1521 monasterii
811 1456 876 1520 illis
906 1455 1008 1520 libeat
1036 1459 1231 1543 potestative
1261 1456 1417 1520 faciendi.
1462 1456 1507 1520 Et
1533 1472 1569 1519 ut
1598 1455 1680 1519 haec
1710 1468 1839 1519 nostrae
1865 1455 2053 1520 traditionis
2078 1460 2243 1522 auctoritas

592 1562 720 1628 stabilis
743 1580 776 1628 et
794 1564 988 1628 inconvulsa
1003 1578 1204 1650 permaneat,
1227 1586 1328 1628 mauu
1345 1564 1478 1651 propria
1498 1561 1596 1651 [elam
1614 1561 1804 1626 roborantes
1824 1561 1959 1647 sigillari
1975 1578 2094 1627 nostra
2112 1566 2242 1650 imagine
2256 1591 2271 1628 u

591 1672 757 1734 iussimus.

699 1821 718 1911 ᾖ
741 1822 878 1908 Signum
902 1821 1014 1886 domni
1036 1822 1186 1886 Heinrici
1210 1832 1275 1886 run
1298 1823 1387 1907 regis
1409 1822 1625 1885 invictissimi
1648 1819 1667 1909 ᾖ

699 1972 717 2062 ξ
740 1972 929 2059 Egilbertus
953 1972 1169 2037 cancellarius
1191 1974 1266 2037 vice
1289 1972 1455 2058 l'uilligisi
1478 1971 1731 2058 archicapellani
1752 1994 1863 2057 recog.
1885 1970 1904 2060 ξ
2085 1983 2144 2038 181.
2166 1982 2194 2038 2.

699 2125 790 2189 Data
818 2140 874 2189 111.
897 2124 942 2189 id
966 2124 1043 2188 iul.e
1071 2147 1157 2189 anno
1181 2124 1366 2189 dominicae
1396 2125 1628 2188 incarnationis
1651 2137 1726 2191 ΜΠ.
1756 2122 1935 2187 indictione
1958 2138 2023 2203 ΧΥ,
2054 2148 2146 2190 auno
2173 2148 2239 2189 vero

591 2232 703 2296 domni
726 2232 875 2296 Heinrici
898 2234 987 2318 regis
1010 2246 1042 2313 ¹3
1065 2248 1175 2296 actum
1197 2230 1404 2296 Babenberc.
2253 2261 2269 2299 5

1402 2548 1442 2635 7.

592 2720 772 2794 Heinrich
796 2720 944 2794 sclierrkt
967 2720 1047 2794 dem
1074 2720 1223 2794 Kloster
1247 2717 1285 2793 S.
1313 2719 1474 2793 Ηονίαη
1499 2721 1579 2792 eine
1605 2717 1709 2816 Herse
1733 2746 1783 2792 uu
1811 2718 1878 2792 der
1901 2718 1980 2818 Ips
2005 2721 2093 2794 trud
2114 2747 2187 2794 roos
2207 2745 2238 2790 er

592 2839 664 2913 deu
689 2839 865 2914 Brr'r‘dem
890 2843 984 2913 ciust
1004 2867 1050 2914 m
1074 2839 1196 2913 Leaen
1221 2839 1377 2940 qeqebeu
1403 2839 1511 2912 batte.
1781 2867 1944 2941 marm
1967 2869 2200 2930 1002Ju1520.

701 3063 946 3137 Oriqiauldr'plorr
969 3063 1010 3120 iar
1033 3062 1252 3121 Μεγακλέϊ
1274 3082 1309 3120 za
1332 3062 1363 3122 S.
1385 3062 1511 3121 Herios
1537 3063 1605 3129 (A).

699 3214 785 3273 Km
806 3214 903 3272 Beilr.
927 3234 981 3271 m·
1004 3214 1105 3273 Gra-i.
1128 3215 1178 3272 des
1200 3213 1316 3272 Laudes
1337 3216 1372 3272 ob
1393 3215 1447 3272 der
1468 3212 1552 3271 Esus
1574 3214 1603 3282 3,
1625 3215 1686 3270 256
1708 3232 1762 3271 uss
1783 3216 1820 3271 A.
1844 3242 1888 3252 -
1915 3213 1981 3273 ΓΒ.
2004 3215 2058 3274 des
2080 3214 2191 3275 Lasia
2208 3211 2262 3269 olr-

698 3320 752 3379 der
772 3320 857 3378 Erras
878 3322 910 3389 2,
926 3322 968 3380 70
989 3324 1022 3377 ι’
1040 3323 1082 3380 53
1102 3340 1138 3379 ιι
1159 3321 1227 3381 eri
1247 3324 1286 3379 18
1308 3341 1362 3379 oss
1381 3322 1418 3379 Α
1446 3349 1493 3359 -
1523 3319 1618 3378 Stet-et
1639 3319 1719 3378 ilos.
1742 3320 1882 3395 qmplira
1906 3322 1946 3379 73
1972 3340 2029 3381 aas
2051 3324 2081 3381 A
2104 3323 2155 3380 nil
2174 3319 2233 3378 Foc-

697 3428 794 3485 at'ntle
815 3430 891 3498 [aar.
914 3430 945 3497 3,
968 3429 1026 3486 lab.
1048 3430 1076 3486 1.
1104 3458 1150 3466 -
1176 3427 1300 3501 Slrrmps
1317 3428 1389 3503 qu.
1409 3429 1496 3486 1313.

704 3577 837 3649 Persasst
859 3579 919 3635 aad
939 3522 1116 3653 miricae·
1141 3599 1192 3637 um
1209 3579 1277 3637 ΕΒ.
1320 3580 1410 3639 [eber
1431 3580 1484 3637 dea
1501 3580 1673 3637 Ausucum
1696 3580 1750 3653 tul.
1775 3578 1884 3637 ΗΜ
1899 3579 2008 3639 latro.
2026 3584 2057 3651 1,
2075 3584 2139 3640 220
2158 3578 2193 3639 N.
2208 3576 2230 3632 1·

701 3791 759 3846 tc..
791 3783 810 3873 j
840 3783 881 3847 In
912 3786 1044 3848 nomine
1078 3798 1212 3849 sauctae
1247 3800 1280 3848 et
1314 3782 1506 3847 individuae
1540 3784 1703 3846 trinitatis
1759 3783 1937 3847 Heinricus
1969 3783 2087 3849 divina
2119 3785 2229 3849 favente

592 3891 766 3955 clementia
788 3914 859 3954 rex.
968 3890 1089 3956 Notum
1111 3894 1153 3955 sit
1176 3890 1327 3955 omnibus
1349 3889 1501 3954 fidelibus
1524 3891 1642 3953 uostris
1664 3888 1891 3975 praesentibus
1914 3890 2043 3956 scilicet
2067 3908 2101 3956 et
2121 3888 2255 3955 futurist

592 3997 733 4084 qualiter
754 4021 815 4062 nos
837 4021 898 4085 per
919 3999 1139 4062 interventum
1161 3997 1180 4087 ᾖ
1202 3997 1321 4062 dilecte
1337 3999 1486 4082 coniugis
1508 4012 1639 4060 nostrae
1655 3995 1851 4082 Cunigtmdq
1873 4020 1934 4083 pro
1948 3999 2098 4064 remedio
2119 3999 2226 4063 animae

591 4122 722 4169 nostrae
744 4105 798 4169 vel
828 4120 1002 4192 parentum
1024 4120 1058 4169 et
1087 4120 1332 4169 antecessorum
1362 4120 1546 4168 nostrorum
1576 4106 1733 4167 memoria
1756 4103 1888 4168 cuidam
1914 4108 2117 4171 monasterio
2142 4099 2226 4167 sancti

590 4212 736 4276 floriani
758 4215 912 4299 martyn's
937 4214 1030 4276 iuxta
1052 4215 1160 4299 ripam
1182 4211 1325 4275 fluminis
1348 4211 1437 4298 quod
1453 4210 1573 4275 dicitur
1587 4184 1692 4296 ippha
1709 4224 1893 4274 constructo
1909 4212 2099 4298 quandam·
2117 4224 2224 4276 nostrat

589 4321 799 4405 proprietatis
821 4318 963 4384 hobamb
990 4342 1092 4406 prope
1116 4319 1255 4382 eandem
1279 4320 1383 4404 ripam
1407 4315 1523 4381 sitaml’
1550 4316 1635 4381 dono
1659 4317 1854 4381 contulimus
1877 4334 1910 4381 et
1933 4320 2071 4408 insuper
2092 4310 2223 4407 quicquid

589 4425 744 4490 irambus
767 4426 892 4491 ibidem
914 4426 977 4491 deo
998 4425 1234 4491 famulantibus
1258 4425 1335 4489 olim
1358 4448 1418 4511 pro
1434 4423 1596 4488 beneficio
1612 4426 1842 4491 concessimus.
1866 4448 1942 4489 cum
1965 4426 2116 4492 omnibus
2137 4421 2248 4488 eidem

588 4533 724 4619 praedio
747 4536 832 4597 iuste
856 4550 890 4598 et
912 4533 1064 4619 legaliter
1092 4531 1331 4619 pertinentibus
1353 4530 1529 4595 mobilibus
1553 4546 1585 4595 et
1608 4530 1829 4596 immobilibus
1858 4534 1945 4596 areis
1974 4534 2134 4599 aedificiis
2153 4526 2221 4614 tgrit

588 4642 683 4704 terris
706 4640 802 4704 cultis
826 4658 859 4705 et
890 4640 1022 4705 incultis
1049 4642 1152 4726 pratis
1175 4640 1309 4725 pascuis
1337 4640 1407 4701 sive
1432 4640 1637 4725 compascuis
1661 4637 1751 4701 silvis
1775 4638 2007 4704 venationibus
2031 4641 2123 4728 aquis
2142 4653 2220 4721 aqut

587 4770 725 4834 rumque
748 4747 943 4812 decursibus
974 4746 1212 4834 piscationibus
1241 4745 1438 4809 molendinis
1466 4760 1563 4831 portu
1585 4762 1618 4809 et
1648 4747 1807 4831 portatico
1830 4748 1893 4809 viis
1920 4762 1953 4810 et
1981 4750 2081 4813 inviis
2102 4739 2218 4811 exitibus

588 4868 621 4917 et
643 4854 803 4918 reditibus
826 4855 963 4941 quqsitis
987 4870 1021 4918 et
1043 4852 1248 4940 inquirendis
1272 4875 1312 4915 ac
1336 4853 1454 4935 ceteris
1477 4876 1541 4938 quq
1565 4850 1710 4938 quolibet
1733 4851 1830 4916 modo
1853 4856 1965 4917 vocari
1989 4864 2123 4941 possunt
2148 4862 2217 4913 uten-

587 4960 702 5025 silibus
726 4974 760 5025 et
781 4960 998 5048 appendiciis,
1028 4983 1067 5024 eo
1091 4972 1204 5023 tenore
1228 4960 1382 5046 quatinus
1409 4959 1570 5045 praedicti
1594 4959 1711 5023 traces
1734 4982 1827 5023 suam
1849 4974 1977 5025 tannim
2000 4978 2035 5027 et
2057 4948 2241 5027 nronsattrfi'l

588 5070 733 5154 inopiam
762 5067 839 5131 inde
869 5067 1077 5154 aliquatenus
1100 5066 1247 5131 relevent
1271 5082 1304 5129 et
1327 5089 1387 5153 pro
1409 5064 1505 5129 uobis
1529 5065 1626 5129 deum
1649 5080 1683 5129 et
1705 5080 1855 5130 sanctum
1877 5066 2070 5134 Floritmum
2090 5060 2214 5131 euentus

588 5188 736 5239 exorent.
782 5175 826 5239 Et
848 5190 884 5239 ut
906 5174 989 5239 haec
1012 5190 1143 5238 nostrae
1167 5173 1370 5237 traditionise
1399 5172 1525 5236 stabilis
1548 5188 1581 5237 et
1604 5172 1796 5236 inconvulsa
1818 5190 2022 5259 permaneat,
2045 5176 2123 5240 hanc
2143 5184 2212 5256 put

587 5284 676 5370 cepti
710 5284 868 5369 paginam
903 5281 980 5346 iude
1012 5282 1231 5367 conscriptam
1264 5303 1366 5344 manu
1398 5282 1531 5366 propria
1561 5278 1751 5344 roborantes
1781 5280 1879 5367 sigilli
1908 5285 2014 5348 nostri
2043 5275 2210 5369 inpressione

587 5391 711 5477 signari
732 5390 896 5453 iussimus

692 5611 1146 5681 &marmandam
1227 5606 1811 5676 eruriuiutrrenetctsmsqua,
2216 5615 2231 5653 r

695 5700 723 5754 t.
747 5700 896 5770 sBresslau]
960 5702 987 5757 al
1006 5716 1076 5753 ωπ.
1096 5716 1149 5751 σιω
1165 5696 1304 5765 quoddam
1402 5697 1432 5749 bl
1447 5697 1550 5750 hobam
1573 5727 1607 5737 -
1630 5698 1712 5750 sitam
1735 5699 1793 5761 aas
1807 5699 1918 5759 Ram
1943 5694 2127 5771 anpwlifll
2145 5686 2205 5755 W

746 5774 803 5836 aas
817 5772 997 5841 proprietatis
1014 5771 1146 5823 nudabat
1163 5772 1215 5822 dua
1233 5770 1307 5822 ll'ort
1325 5768 1467 5837 praedium
1552 5774 1579 5835 c)
1596 5770 1745 5822 auctoritas
1762 5770 1830 5834 frklt
1848 5772 1878 5822 ia
1895 5774 1922 5823 A
