4760 6512
841 506 1079 563 HEINRICH
1100 507 1139 563 11.
1181 506 1276 563 1014.
1820 499 1882 562 331

342 678 839 778 (saviozussn.soup2.1⁶,se
861 705 893 762 η’
907 703 948 764 40
970 720 1024 761 aas
1040 702 1077 761 A.
1097 731 1142 741 -
1159 703 1287 762 ssime
1305 701 1375 777 seq.
1393 702 1481 762 1105.
1502 730 1545 740 -
1565 700 1689 776 sampf
1703 700 1774 777 Rey.
1794 703 1881 761 1595.

341 834 526 893 Gescbviebea
548 853 603 894 vos
625 834 690 893 ΗΒ
711 837 771 906 auf
788 836 878 894 ciuem
905 854 959 895 con
982 834 1043 894 HA
1065 834 1284 908 berqeicbteten
1306 834 1461 909 Blaoquet,
1489 835 1523 893 iu
1551 833 1666 894 redoles
1694 853 1750 894 con
1778 835 1883 894 diesen

339 939 386 999 die
403 958 491 1014 pause
505 941 681 1015 verldaqerts
696 939 810 1013 Scbsift
824 942 1003 1017 einqelrupen
1020 960 1094 1010 war,
1113 941 1169 1016 cpi.
1186 939 1227 999 D.
1240 941 1310 999 279.
1327 969 1372 979 -
1390 940 1607 1015 Wiederltoluap
1622 940 1671 999 des
1686 939 1755 1000 Do.
1768 939 1796 999 I.
1810 942 1880 1000 372.

340 1085 399 1163 (C.)
424 1078 442 1169 ᾖ
469 1080 508 1144 In
538 1081 667 1145 nomine
698 1092 810 1170 sancte
840 1094 872 1146 et
902 1081 1070 1171 individue
1100 1082 1263 1145 trinitatis.
1307 1080 1484 1145 Heinricus
1513 1080 1626 1145 divina
1655 1080 1788 1146 favente
1818 1080 1881 1146 ele·

197 1208 211 1248 s
233 1188 355 1251 mentia
383 1208 453 1251 rex·
583 1200 724 1252 Condscet
750 1199 859 1252 culmen
884 1188 1052 1272 regiminis
1080 1203 1165 1252 nostri
1193 1196 1294 1264 [iluxta
1321 1201 1432 1250 modum
1457 1201 1682 1266 predecessorum
1708 1200 1880 1251 dominorum

232 1314 346 1377 regum
371 1307 496 1357 omnibus
519 1291 664 1377 regalem
683 1305 775 1357 sulam
793 1308 970 1372 querentibus
989 1306 1128 1357 humiliter
1147 1324 1179 1357 ex
1199 1309 1259 1373 ipsa
1276 1300 1291 1372 R
1308 1306 1476 1372 praesidium
1494 1305 1703 1357 saluberrimum
1722 1307 1833 1357 exibere
1853 1314 1881 1357 et

232 1418 343 1462 nostrae
362 1428 410 1462 eos
428 1411 630 1462 munificentiae
648 1412 777 1462 benefitio
794 1411 948 1462 sublevare.
980 1413 1090 1463 Idcirco
1108 1415 1229 1464 omnium
1245 1420 1358 1463 sanctae
1375 1413 1419 1462 dei
1437 1411 1571 1462 ecclesiae
1588 1411 1709 1463 fidelium
1725 1420 1880 1463 nostrorum

232 1518 340 1569 seilicet
358 1519 542 1583 praesentium
560 1534 593 1568 ac
612 1518 766 1569 futurorum
784 1519 892 1568 noverit
910 1519 1053 1580 industria,
1076 1520 1205 1584 qnoniam
1224 1520 1381 1569 interventu
1404 1505 1634 1569 canonicorum
1658 1524 1770 1569 sanctae
1789 1519 1880 1569 Bone·

232 1625 338 1675 mensi⁸
364 1623 497 1676 ecclesiae
518 1637 535 1669 s
552 1610 726 1692 Tcuzonis,
756 1610 917 1696 Hugonis,
939 1608 1133 1675 Adhelberti
1163 1620 1196 1675 ct
1218 1610 1319 1693 Petri,
1350 1625 1398 1689 qui
1426 1609 1469 1674 ad
1491 1610 1682 1674 Rauennam
1712 1611 1746 1673 in
1768 1621 1879 1675 nostro

189 1740 215 1778 ιο
233 1717 365 1780 servitio
388 1717 590 1798 venierunt⁸‚
619 1736 747 1780 cunctum
766 1729 870 1780 clerum
896 1731 1089 1781 canonicorum
1114 1732 1170 1781 iam
1195 1730 1286 1781 dictae
1312 1738 1424 1781 sanctas
1450 1729 1631 1781 Bolonisnsi⁸
1657 1729 1791 1780 ecclesiae
1817 1746 1880 1780 cum

232 1836 357 1886 omnibus
386 1836 467 1886 rebus
495 1843 523 1885 et
550 1836 768 1901 possessionibus
797 1852 892 1886 eorum
917 1852 966 1901 per
990 1835 1099 1901 singula
1126 1835 1188 1886 loca
1215 1842 1242 1886 et
1270 1838 1407 1887 territoria
1435 1838 1590 1889 constitutis
1617 1852 1666 1887 seu
1695 1852 1757 1886 cum
1786 1835 1879 1886 liberis
1960 1828 1967 1845 ⁶

232 1940 387 1992 hominibus
412 1943 498 1991 servis
525 1948 552 1991 et
576 1940 685 1992 ancillis
712 1942 853 2006 utriusque
878 1958 960 1992 sexus
986 1941 1030 1992 vel
1057 1938 1218 1993 libellariisb
1237 1958 1287 1992 seu
1313 1944 1494 1994 residentibus
1514 1943 1683 2006 diversisque
1702 1941 1813 1992 familiis
1831 1958 1881 2008 per

232 2049 283 2099 hoc
301 2053 421 2098 nostrum
438 2046 530 2112 regale
547 2054 725 2113 praeceptum
741 2049 792 2098 sub
808 2043 924 2112 nostrla]
944 2064 1188 2113 successorumque
1207 2055 1363 2099 nostrorum
1382 2049 1542 2099 defensione
1560 2047 1700 2099 salvantes
1719 2049 1879 2114 recepimus,

232 2148 447 2216 confirmlante]s
465 2152 595 2204 videlicet
615 2155 654 2204 eis
674 2169 781 2204 omnem
805 2155 995 2218 conquesitum
1019 2170 1112 2204 eorum
1137 2160 1192 2204 tam
1219 2155 1247 2204 in
1273 2155 1351 2204 terris
1379 2160 1407 2204 et
1431 2156 1519 2205 vineis
1546 2171 1628 2219 quam
1652 2151 1685 2205 ei
1709 2155 1737 2204 in
1763 2154 1878 2205 diversis

188 2268 213 2308 ιο
231 2260 426 2326 speciminibus
446 2259 571 2309 domibus
590 2265 672 2324 atque
691 2260 910 2325 possessionibus
929 2259 1106 2327 persingulas
1124 2266 1154 2310 nt
1173 2260 1291 2310 diximus
1311 2259 1372 2311 loca
1395 2268 1423 2310 et
1441 2261 1586 2320 territoria,
1613 2261 1803 2326 undecumque
1822 2259 1878 2310 illis

231 2383 280 2433 per
298 2381 497 2431 quemcumque
516 2367 617 2415 modo⁸
636 2365 679 2416 vel
699 2365 810 2416 titulum
823 2367 968 2416 advenisse
981 2372 1132 2416 noscuntur
1144 2364 1187 2415 vel
1202 2367 1312 2416 inantea
1326 2367 1515 2431 adquisierint,
1533 2367 1592 2416 sive
1605 2367 1687 2416 etiam
1701 2367 1877 2417 concedimus

232 2478 314 2537 atque
328 2472 517 2522 confirmamus
531 2470 696 2536 generaliter
707 2471 855 2536 praedictis
868 2472 994 2521 omnibus
1007 2472 1148 2522 canonicis
1164 2478 1276 2521 sanctae
1294 2470 1472 2521 Boloniensi⁸
1490 2471 1625 2521 ecclesiae
1641 2470 1755 2522 inlibate
1775 2473 1877 2536 absque

231 2577 348 2629 alicuius
367 2576 595 2635 contradictione,
621 2577 752 2641 quicquid
772 2577 956 2627 condonatum
975 2576 1018 2626 vel
1039 2592 1201 2626 concessum
1220 2578 1273 2627 luit
1290 2575 1346 2626 illis
1365 2575 1409 2626 vel
1430 2578 1580 2627 canonicae
1599 2575 1710 2626 illorum
1729 2578 1764 2628 ab
1784 2593 1878 2629 eorum

232 2685 368 2750 episcopis
387 2690 435 2733 sut
454 2699 470 2733 a
489 2681 658 2748 quibuslibet
677 2683 758 2732 deum
777 2683 936 2733 timentibus
959 2683 1115 2733 hominibus
1131 2697 1148 2727 s
1169 2692 1229 2756 per
1252 2699 1469 2748 quamcumque
1488 2684 1732 2734 concessionem⁰
1753 2686 1811 2733 sive
1830 2700 1879 2749 per

186 2803 214 2842 20
231 2796 408 2856 praeceptum
421 2788 465 2839 vel
478 2806 528 2855 per
540 2783 693 2853 aliq[uem‘l
706 2783 926 2850 concessilouis⁰
940 2787 1050 2839 titulum
1065 2784 1226 2855 [possidere]
1235 2794 1258 2848 θ,
1275 2805 1326 2839 nec
1339 2805 1394 2839 non
1407 2796 1435 2839 et
1447 2789 1623 2839 concedimus
1636 2788 1691 2839 illis
1712 2777 1878 2840 canonicis

231 2894 264 2947 et
298 2880 448 2947 omnibus
482 2879 682 2968 presbyteris
717 2890 750 2944 et
784 2880 926 2961 clericis,
962 2882 1018 2966 qui
1052 2892 1128 2945 sunt
1162 2881 1203 2945 de
1238 2882 1481 2967 episcopatum·
1516 2890 1628 2969 sancte
1661 2880 1878 2946 Bononiensis

232 2987 365 3075 eclesie,
398 2998 431 3052 et
461 2985 623 3068 omnibUS,
657 2987 713 3072 qui
743 3009 817 3050 etun
847 2987 928 3072 ipsis
957 2985 1119 3069 habitant,
1150 3018 1199 3067 per
1223 3002 1312 3052 itance
1340 3002 1426 3051 nostri
1451 3001 1591 3067 praecepti
1619 3000 1662 3051 vel
1693 3002 1878 3053 concessionis

232 3110 359 3174 paginam
377 3109 542 3174 portaticum
560 3101 718 3157 tenoleums
738 3107 883 3172 ripaticum
902 3114 1026 3173 paratam
1051 3115 1079 3158 et
1104 3108 1269 3158 obstaticum
1295 3114 1324 3157 et
1348 3108 1453 3172 absque
1480 3106 1573 3172 aliqua
1598 3106 1711 3173 publica
1736 3106 1892 3160 iunctioue'

231 3217 324 3281 quiete
343 3216 436 3265 vivere
455 3215 506 3264 snb
525 3215 577 3264 hoc
595 3220 690 3264 nostro
709 3198 813 3284 regali
831 3221 979 3279 praecepto
993 3220 1021 3264 et
1034 3215 1221 3273 concessione,
1242 3221 1271 3263 ut
1288 3214 1340 3265 deo
1353 3215 1510 3277 sanctisque
1524 3215 1651 3264 omnibus
1665 3230 1715 3280 pro
1728 3213 1879 3265 stabilitate

186 3336 213 3377 ss
231 3323 317 3373 nostri
341 3308 508 3392 regiminis
536 3336 631 3386 preces
656 3321 826 3370 incessanter
850 3320 974 3369 fundant.
1011 3319 1226 3385 Praetipiendo⁸
1252 3335 1362 3384 quoque
1388 3321 1522 3380 iubemus,
1549 3328 1578 3370 ut
1602 3319 1694 3371 nullus
1718 3321 1879 3372 iudiciariae

232 3429 375 3494 potestatis
394 3427 449 3478 dnx
467 3427 588 3477 marchio
608 3442 698 3477 comes
717 3427 872 3475 vicecomes
890 3425 1063 3476 sculdascius
1083 3424 1252 3491 locopositus
1277 3432 1325 3475 aut
1350 3424 1480 3490 quislibet
1506 3425 1633 3492 publicus
1660 3434 1879 3492 exactoresque

231 3533 325 3598 aliqua
342 3549 461 3599 persona
480 3533 698 3597 uniuscuiusque
718 3532 821 3583 ordinis
848 3538 896 3581 aut
914 3531 1057 3596 dignitatis
1078 3544 1096 3575 s
1120 3534 1149 3581 in
1174 3532 1256 3582 rebus
1283 3533 1455 3597 ipsorum&
1480 3527 1722 3583 canonicorumh
1747 3533 1880 3599 placitum

231 3647 325 3691 tenere
351 3655 440 3705 neque
465 3641 494 3689 in
520 3640 645 3690 domibus
672 3654 766 3690 eorum
791 3636 903 3702 aliquod
931 3639 1159 3689 mansionaticum
1184 3639 1276 3688 iacere
1301 3654 1391 3702 neque
1417 3639 1540 3689 homines
1566 3654 1661 3690 sorum
1681 3641 1899 3713 cuiuscumque·

232 3746 334 3797 ordinis
360 3744 476 3796 clericos
501 3744 545 3796 vel
573 3744 658 3796 laicos
686 3744 786 3796 liberos
812 3739 1002 3794 condaticios¹
1030 3742 1181 3795 libellarios
1207 3760 1239 3793 ac
1265 3738 1441 3806 cartul[a]tos
1460 3741 1503 3794 vel
1530 3759 1613 3810 super
1638 3752 1738 3795 terram
1757 3747 1880 3810 ipsorum

187 3871 214 3910 so
232 3854 382 3903 residentes
408 3868 496 3917 neque
522 3868 616 3903 servos
642 3851 686 3902 vel
712 3850 828 3902 ancillas
854 3852 997 3914 utriusque
1022 3866 1104 3899 sexus
1131 3850 1165 3898 ad
1191 3847 1322 3914 placitum
1348 3849 1448 3898 ducere
1474 3865 1524 3899 nec
1551 3851 1683 3915 pignum⁸
1708 3849 1806 3901 tollere
1832 3860 1880 3901 aut

232 3958 376 4009 molestare
395 3957 438 4008 vel
457 3957 598 4023 flagellare
614 3965 782 4024 praesumat;
802 3958 850 4007 sed
869 3955 951 4008 liceat
967 3956 1116 4022 praedictis
1133 3956 1273 4005 canonicis
1290 3968 1307 3998 s
1327 3969 1493 4018 suorumque
1509 3955 1715 4005 successoribus
1733 3951 1880 4006 omnibusl

232 4065 313 4115 rebus
333 4072 361 4115 et
378 4064 489 4114 familiis
505 4078 523 4109 e
543 4079 692 4129 eorumque
712 4064 853 4114 canonicis
872 4063 1080 4125 omnitempore
1097 4062 1149 4111 sub
1162 4061 1286 4110 tuitionis
1299 4066 1409 4110 nostrae
1423 4060 1570 4109 munimine
1584 4061 1676 4124 quiete
1690 4067 1718 4110 et
1730 4056 1879 4126 pacifliceL

232 4177 337 4221 remota
354 4172 440 4221 totius
459 4172 603 4235 potestatis
622 4170 822 4234 inquietudine,
840 4184 1008 4235 permanere.
1045 4167 1075 4217 Si
1101 4167 1163 4230 quis
1188 4172 1280 4216 autem
1305 4167 1466 4216 temerarius
1491 4171 1588 4215 contra
1613 4167 1666 4216 hoc
1685 4173 1796 4216 nostrae
1816 4183 1879 4218 cou-

231 4277 391 4327 firmstionis
410 4278 653 4340 concessionisque
670 4289 687 4320 a
707 4280 883 4340 praeceptum
907 4275 948 4323 ire
967 4274 1144 4338 temptaverit
1162 4278 1210 4322 aut
1228 4270 1349 4336 aliquam
1368 4271 1586 4321 molestationem
1611 4272 1710 4322 inferre
1730 4270 1878 4336 aliquando

187 4399 215 4439 ss
232 4384 445 4450 praesumpserit
465 4390 492 4433 ct
510 4399 581 4448 quae
599 4384 726 4448 superius
745 4383 847 4447 scripta
864 4387 929 4429 sunt
951 4388 1011 4451 per
1036 4363 1156 4452 [omnia
1178 4394 1233 4429 non
1259 4372 1489 4441 olbservsverit¹‚
1515 4380 1584 4428 sciat
1609 4396 1638 4429 se
1664 4380 1879 4444 compositurum

232 4492 292 4541 auri
311 4491 407 4556 optimi
427 4488 508 4540 libras
532 4496 650 4548 centum,
674 4487 847 4538 medietatem
870 4472 1004 4536 kamere
1029 4490 1159 4535 nostrae
1186 4492 1213 4535 et
1237 4484 1410 4535 medietatem
1436 4484 1583 4550 praedictis
1604 4486 1744 4536 canonicis
1767 4488 1878 4551 suisque

232 4596 446 4647 successoribus.
478 4580 576 4661 Quod
593 4600 623 4644 ut
635 4596 726 4644 verius
740 4593 867 4644 credatur
879 4589 913 4643 et
928 4592 1087 4657 diligentius
1100 4591 1135 4640 ab
1149 4591 1276 4640 omuibus
1289 4590 1457 4651 observetur,
1475 4576 1580 4662 sigillo
1596 4598 1690 4643 nostro
1705 4576 1881 4664 [inferiusm

233 4703 361 4753 iussimus
387 4686 587 4775 insqgnirim.

186 4964 215 5003 so
339 4932 543 5022 {Heinficus
554 4932 767 4998 cancellarius
777 4932 850 4994 vice
861 4929 1022 4994 Euerardi
1033 4929 1179 5016 episcopi
1192 4927 1237 5016 e[t
1248 4928 1749 5019 alrchicapellanirecognovit.{
1764 4940 1879 5011 (SI.D.)

340 5057 463 5121 Datum
493 5079 578 5122 anno
609 5055 791 5120 dominicae
821 5054 1054 5117 incarnationis
1084 5040 1209 5134 s‘lxll‘ll,
1241 5050 1418 5117 indictione
1448 5068 1515 5134 un,
1546 5076 1631 5118 anno
1661 5077 1740 5119 vero
1771 5055 1881 5120 domni

233 5162 382 5228 Heinrici
406 5164 492 5248 regis
516 5160 652 5226 secundi
674 5161 841 5246 regnantis
863 5173 929 5242 x113
961 5170 1069 5223 actum
1091 5161 1283 5241 Rauenne¹¹;
1314 5159 1453 5223 feliciter
1475 5181 1581 5223 amen.

304 5320 372 5378 m
396 5320 532 5374 lBresslau
580 5323 607 5383 al
623 5322 648 5373 Δ
714 5319 743 5387 b)
760 5320 810 5371 dua
828 5324 895 5370 ersis
912 5318 922 5370 l
940 5334 1011 5373 corr.
1029 5336 1113 5372 suar
1178 5319 1204 5385 c)
1222 5333 1271 5369 son
1291 5317 1493 5371 concessionem
1512 5347 1544 5357 -
1564 5334 1615 5385 per
1631 5318 1703 5373 bane
1720 5321 1777 5385 auf
1788 5321 1883 5374 amr

395 5364 423 5460 d)
443 5393 502 5447 VU.
514 5321 641 5460 aliquod:
658 5391 721 5446 ΝΗ.
735 5390 849 5458 Stampf
857 5389 921 5455 Boe.
934 5393 1004 5441 2518
1020 5388 1149 5457 aliquem,
1168 5391 1219 5441 dus
1235 5405 1271 5439 zu
1287 5389 1337 5440 dea
1349 5388 1540 5453 Sebriflrestss
1553 5389 1638 5442 hemer
1648 5398 1724 5457 pesse
1796 5392 1822 5461 e)
1841 5409 1883 5444 sr-

394 5469 477 5531 qam
494 5479 545 5515 eus
562 5463 611 5515 der
626 5462 683 5516 VU.
765 5460 790 5525 l)
812 5464 846 5523 A,
865 5465 929 5510 stau
947 5460 1087 5513 teloneum
1167 5462 1196 5527 g)
1217 5476 1279 5511 rum
1297 5459 1353 5523 auf
1367 5459 1460 5511 Bosur
1540 5459 1570 5527 h)
1592 5477 1637 5513 um
1656 5462 1749 5515 letam
1767 5478 1784 5516 o
1801 5478 1882 5531 serv,
1902 5470 1913 5491 ·

395 5550 457 5586 rum
474 5534 684 5600 aacbpdrepem
702 5530 922 5583 wabrscbsinlislv
939 5532 1020 5583 daed
1036 5529 1231 5599 ursprtleelicb
1249 5532 1297 5581 scis
1315 5532 1345 5581 ia
1360 5530 1408 5581 der
1426 5530 1483 5584 ΥΠ.
1500 5530 1584 5597 ipsius
1602 5532 1750 5586 canonicae
1805 5533 1824 5603 i)
1843 5535 1883 5596 A,·

395 5620 425 5657 so
442 5605 579 5657 istdalsr
596 5603 665 5655 autb
683 5605 714 5654 is
731 5600 852 5656 (ΜΨ,
870 5617 905 5653 zv
923 5599 1333 5669 bees,opl.DD,1,511N.b
1410 5600 1541 5667 msam
1558 5603 1693 5667 sabbam
1711 5606 1741 5657 ivs
1758 5604 1883 5660 derVU.

396 5691 460 5728 cum
538 5675 559 5741 l)
575 5674 665 5726 hister
681 5690 732 5740 per
750 5673 847 5735 buce,
866 5672 910 5724 dis
926 5675 979 5724 uv'r
995 5673 1053 5724 dea
1071 5673 1160 5724 Reum
1179 5672 1237 5723 aad
1254 5671 1303 5722 dev
1320 5672 1350 5723 N
1353 5671 1383 5725 U.
1402 5672 1517 5738 Stamps
1531 5673 1594 5740 Κεφ.
1608 5678 1678 5726 3221
1697 5676 1884 5744 mtepreslsnd

396 5746 548 5810 saufeium
566 5760 622 5798 non
640 5743 698 5799 obs.
716 5744 764 5795 bat
776 5741 880 5796 Secioli
895 5744 960 5795 nocis
977 5744 1078 5810 pslsssa
1130 5744 1170 5812 m)
1188 5746 1299 5809 erpdm
1317 5744 1366 5793 mit
1378 5741 1521 5794 seesima
1537 5745 1593 5809 suf
1605 5746 1648 5799 dra
1665 5748 1714 5798 ms't
1727 5747 1884 5815 serenes

396 5816 479 5869 ds'eses
494 5816 529 5868 D.
545 5814 703 5882 darmite
718 5813 872 5879 Fdlscbuae
887 5814 1156 5882 Stampslley.1596
1227 5812 1256 5881 n)
1274 5813 1323 5864 der
1339 5813 1480 5866 menone
1494 5814 1590 5869 Ιοῦηπὲο
1604 5816 1800 5884 nuclearem
1817 5822 1883 5876 sem.

1618 5927 1670 5978 42*
