4798 6486
820 437 1058 495 HEINBICH
1080 440 1119 495 Il.
1161 439 1257 497 1018.
1825 432 1890 495 489

233 634 368 700 petitione
387 634 416 683 iu
434 634 495 698 ipsa
515 631 696 682 ordinationis
716 638 809 682 nostre
828 632 871 682 die
889 631 1027 697 quoddam
1043 633 1235 683 concambium
1252 634 1324 699 apud
1341 649 1418 683 suam
1434 639 1557 683 sanctam
1573 633 1725 683 Romanam
1741 630 1889 683 ecclesiam

233 741 293 805 pari
311 737 430 789 consilio
450 738 596 802 utrobique
616 736 844 796 collaudavimus,
870 737 1005 788 donantes
1031 739 1117 803 igitur
1142 745 1237 789 sancte
1264 740 1368 805 prefate
1388 737 1505 790 ecclesie
1530 740 1560 789 iu
1578 740 1682 790 bonore
1701 716 1889 805 apostolorum

232 846 309 896 Petri
335 851 362 896 et
386 843 468 895 Pauli
494 850 651 895 constructe
678 844 816 910 quoddam
841 846 927 896 nostri
953 845 1020 894 iuris
1046 845 1172 909 predium
1194 846 1292 896 Terma
1317 846 1421 897 dictum
1446 847 1476 896 in
1501 845 1604 895 ducatu
1630 844 1781 911 Spoletauo
1808 850 1836 895 et
1860 844 1889 894 in

232 953 365 1003 comitatu
392 951 528 1003 Narneusi
553 952 635 1002 situm
661 956 757 1003 contra
781 950 837 1002 tale
866 953 999 1017 predium,
1027 951 1109 1017 quale
1135 959 1246 1003 sauctus
1272 953 1371 1003 Petrum
1399 952 1496 1002 babuit
1523 953 1552 1002 in
1578 949 1640 1001 loco
1659 925 1889 1002 Wouliulbach

199 1059 306 1111 edicto
325 1059 467 1124 inpage·
610 1066 638 1108 et
657 1058 685 1108 in
704 1059 857 1109 comitatu⁸
1008 1060 1126 1118 comitis,
1146 1074 1208 1108 cum
1228 1060 1354 1110 omnibus
1374 1060 1433 1108 eius
1452 1059 1633 1123 pertinentiis,
1652 1056 1783 1108 videlicet
1801 1059 1888 1108 servis

232 1173 260 1216 et
278 1163 386 1216 ancillis
405 1166 485 1216 terrio
504 1164 587 1215 cultis
613 1171 641 1215 et
667 1164 778 1216 incultis
805 1167 908 1232 campis
935 1166 1045 1231 pascuis
1072 1164 1150 1216 silvis
1175 1165 1369 1216 venationibus
1395 1164 1475 1230 aquis
1500 1151 1602 1237 pratis
1628 1179 1816 1230 aquarumque
1843 1163 1888 1215 de·

231 1273 356 1324 cursibus
375 1273 574 1339 piscationibus
594 1270 758 1324 molendinis
778 1274 829 1323 viia
848 1274 929 1324 inviis
949 1273 1068 1323 exitibus
1087 1279 1115 1323 et
1131 1271 1265 1324 reditibus
1278 1273 1394 1337 quesitis
1406 1271 1450 1323 vel
1465 1272 1634 1337 inquirendis
1647 1272 1729 1322 rebus
1742 1269 1889 1322 mobilibus

232 1385 260 1430 et
278 1378 464 1430 immobilibus
484 1385 511 1430 et
529 1380 655 1430 omnibus
675 1395 729 1445 qne
749 1394 861 1445 quoquo
878 1379 959 1431 modo
978 1380 1038 1430 iure
1054 1379 1190 1430 nominari
1206 1385 1255 1429 aut
1273 1379 1357 1429 scribi
1375 1385 1491 1444 possunt
1510 1377 1687 1437 utilitatibus,
1706 1393 1740 1428 eo
1759 1377 1890 1428 videlicet

231 1486 444 1536 conmutationis
464 1492 559 1536 tenore
578 1487 709 1551 quatinus
727 1486 800 1537 idem
818 1486 986 1553 proscriptus
1005 1487 1094 1536 sancti
1110 1486 1187 1537 Petri
1206 1486 1327 1535 vicarius
1345 1485 1460 1550 eiusque
1479 1500 1653 1536 successores
1672 1484 1745 1535 idem
1765 1484 1888 1550 predium

187 1605 214 1644 lo
232 1593 329 1642 Terma
347 1593 452 1643 dictum
470 1593 590 1643 babeant
607 1597 720 1643 teneant
740 1599 768 1643 et
786 1593 821 1645 ad
839 1607 919 1643 usum
938 1599 1032 1644 sancte
1051 1593 1174 1643 Romane
1194 1590 1311 1644 ecclesie
1330 1590 1443 1641 tirmiter
1461 1592 1628 1657 possideant,
1654 1591 1688 1641 de
1708 1597 1804 1641 contra
1822 1606 1889 1641 vero

231 1698 297 1749 dato
322 1699 419 1764 predio
440 1681 662 1749 Wullimbach
684 1683 772 1749 dicto
798 1706 826 1749 et
852 1700 911 1749 eius
936 1700 1109 1764 pertiuentiis
1136 1697 1250 1750 ulterius
1275 1714 1305 1749 se
1331 1714 1386 1749 non
1411 1694 1621 1749 intermittantl’.
1658 1699 1749 1764 Igitur
1766 1697 1889 1750 fidelium

231 1813 386 1857 nostrorum
405 1807 535 1856 conmuni
554 1821 690 1857 consensu
709 1806 889 1857 confirmato
907 1806 1077 1865 concambio,
1097 1806 1342 1857 noveritomnium
1360 1805 1405 1856 dei
1422 1806 1561 1870 nostrique
1579 1804 1699 1856 fidelium
1716 1807 1889 1866 universitas,

232 1911 351 1979 qualiter
375 1917 432 1963 tam
455 1928 505 1979 pro
530 1913 646 1962 senioris
673 1918 700 1963 et
724 1913 908 1963 antecessoris
933 1914 1020 1963 noatri
1040 1912 1149 1963 Ottonis
1175 1911 1284 1963 seilicet
1308 1913 1389 1963 tercii
1413 1913 1586 1978 imperatoris
1612 1928 1695 1977 quam
1722 1928 1771 1979 pro
1794 1920 1888 1963 nostro

231 2026 429 2086 parentumque
455 2024 610 2069 nostrorum
636 2018 757 2070 remedio
781 2020 898 2070 eundem
924 2035 989 2085 sepe
1016 2019 1119 2069 dictum
1146 2017 1238 2069 locum
1263 2020 1299 2069 ad
1320 2019 1488 2084 stipendium
1507 2020 1704 2069 canonicorum
1723 2020 1751 2068 iu
1770 2020 1888 2070 cenobio

188 2135 215 2175 lo
231 2127 320 2176 sancti
338 2125 415 2176 Petri
440 2126 583 2189 sanctique
609 2125 704 2175 Georii
722 2126 882 2176 Babeuberc
909 2126 1068 2191 degentium
1093 2142 1142 2192 per
1168 2124 1238 2175 hanc
1263 2123 1433 2192 imperialem
1459 2131 1552 2176 nostre
1577 2125 1734 2177 traditionis
1760 2128 1888 2192 pagiuam

233 2234 408 2285 concedimus
427 2234 560 2283 donamus
579 2237 662 2297 atque
681 2234 882 2299 proprietamus
901 2248 965 2282 eum
983 2233 1110 2282 omnibus
1137 2234 1197 2283 eius
1222 2233 1395 2298 pertinentiis
1421 2237 1449 2282 et
1474 2230 1651 2293 utilitatibus,
1676 2234 1797 2283 omnium
1823 2248 1888 2282 con·

233 2340 397 2390 tradictione
423 2345 537 2398 remota,
562 2340 746 2406 precipientes
769 2340 862 2405 igitur,
889 2345 919 2388 ut
944 2354 1033 2403 neque
1052 2340 1201 2404 imperator
1218 2354 1308 2403 neque
1331 2338 1387 2388 dux
1412 2354 1502 2403 nequa
1522 2340 1669 2404 episcopua
1688 2355 1777 2404 neque
1797 2355 1889 2390 comes

233 2462 322 2511 neque
341 2461 441 2511 magna
458 2445 502 2496 vel
522 2461 608 2512 parva
626 2462 744 2513 persona
764 2446 845 2496 karos
865 2447 893 2495 in
913 2444 1020 2495 Christo
1040 2445 1283 2510 Babenbergenses
1308 2445 1407 2496 iratres
1432 2451 1541 2496 nostros
1560 2447 1589 2495 in
1608 2445 1714 2511 prefato
1733 2447 1828 2511 predio
1847 2447 1888 2496 in·

233 2553 356 2618 quietare
376 2551 521 2603 molestare
541 2552 684 2604 disvestire
703 2554 762 2604 aive
782 2553 899 2603 eundem
920 2550 1011 2602 locum
1031 2558 1197 2612 conmutato,
1223 2553 1276 2602 uisi
1302 2553 1433 2602 conmuni
1458 2552 1572 2602 fratrum
1591 2550 1718 2612 consilio,
1739 2557 1889 2618 presumat.

188 2669 217 2710 to
233 2658 263 2709 Si
282 2660 343 2723 quis
362 2674 428 2709 vero
446 2660 517 2710 hanc
536 2665 630 2710 nostra
650 2659 844 2710 dominationis
863 2660 991 2725 paginam
1011 2657 1124 2717 violare,
1151 2659 1226 2723 quod
1244 2659 1326 2717 absit,
1351 2664 1498 2724 presumat,
1525 2674 1588 2709 cum
1608 2659 1678 2709 Iuda
1696 2659 1828 2710 traditore
1847 2659 1888 2708 in·

234 2764 398 2831 digestibilis
424 2764 549 2816 buccello
575 2774 687 2832 gustum
711 2772 802 2817 sumat
827 2772 910 2831 atque
936 2772 1073 2816 tormento
1099 2763 1302 2830 inextinguibili
1328 2781 1413 2830 penas
1433 2764 1631 2831 perpetualiter
1650 2764 1716 2816 luat
1754 2766 1889 2827 Quodne

234 2871 289 2932 liat,
314 2872 364 2923 aed
389 2871 440 2923 hoo
466 2880 560 2924 nostra
579 2874 691 2924 traditio
710 2871 816 2923 stabilis
837 2880 864 2923 et
883 2871 1047 2923 inconvulsa
1066 2887 1139 2922 nunc
1158 2879 1186 2922 et
1203 2872 1232 2921 iu
1250 2872 1374 2921 futurum
1393 2880 1561 2938 permaneat,
1587 2874 1657 2924 banc
1676 2873 1806 2939 paginam
1824 2873 1889 2923 inde

234 2980 417 3045 conscriptam
436 2996 518 3031 manu
537 2981 650 3046 propria
667 2979 829 3030 roborantes
848 2977 936 3045 sigilli
953 2979 1039 3029 uentri
1058 2979 1227 3044 inpressione
1246 2979 1373 3044 insigniri
1391 2979 1530 3030 iussimus.

339 3098 449 3163 Data⁰
611 3098 788 3163 indictione
808 3113 831 3179 Ι,
855 3120 941 3162 anuo
965 3096 1127 3165 dominice
1150 3097 1384 3162 inclamationis
1403 3112 1533 3180 ΜΧἮΙΙ,
1558 3121 1643 3162 anno
1664 3120 1743 3163 vero
1765 3096 1890 3163 domini

159 3259 166 3272 .
189 3229 217 3269 aa
234 3204 384 3270 Heinriei
407 3205 543 3271 secundi
566 3205 732 3291 regnantia
754 3219 841 3286 XVII,
865 3205 994 3291 imperii
1018 3215 1127 3268 autem
1150 3217 1219 3286 11113
1249 3214 1377 3268 arctume

1014 3504 1107 3591 385.

238 3667 414 3742 Heinrich
445 3666 590 3742 schealot
623 3666 690 3742 der
723 3666 976 3766 bisclbflicllen
1002 3666 1140 3741 Kircle
1170 3694 1215 3741 za
1247 3666 1463 3740 Pederborn
1499 3669 1578 3740 eine
1609 3668 1683 3741 itm
1716 3694 1789 3741 von
1824 3666 1891 3742 der

236 3786 343 3862 Willa
365 3789 432 3862 nit
446 3787 697 3887 Znntimmnnq
718 3786 814 3861 iarn
834 3784 967 3864 Gatten
988 3782 1070 3861 Otto
1096 3786 1322 3886 aibereipnete
1339 3785 1532 3886 Beritaanp
1552 3812 1597 3860 za
1614 3784 1888 3861 Sieberlaeaanen.

1391 3941 1557 4015 Nimiaepen
1579 3941 1659 4003 1018
1682 3941 1771 4015 April
1794 3942 1844 4001 12.

345 4121 588 4198 Orips'naldiplom
616 4122 658 4180 im
685 4121 714 4179 lc.
739 4119 939 4180 Staatrarclrin
967 4136 1003 4178 aa
1025 4117 1158 4177 Mnester
1183 4118 1251 4186 (A).
1275 4147 1319 4156 —
1348 4117 1503 4192 Rescripta
1527 4119 1751 4194 priailepionam
1779 4118 1889 4178 Paper.

343 4228 493 4287 larneneia
514 4228 645 4287 eccleciae
667 4245 721 4287 aae
742 4227 795 4286 der
816 4224 904 4284 Mitte
925 4224 974 4283 dee
997 4224 1117 4285 11.Jb.
1137 4243 1170 4298 p.
1187 4226 1229 4283 58
1251 4224 1356 4283 denda
1380 4223 1450 4292 (B).

342 4378 457 4455 Arcana
477 4378 510 4438 ia
531 4379 584 4438 der
603 4378 671 4437 Vita
692 4377 859 4436 Meinroerci
883 4395 945 4450 cap.
963 4377 1021 4434 164
1049 4375 1093 4435 bei
1115 4375 1239 4434 Browcr
1261 4373 1367 4434 Sidera
1394 4377 1435 4434 50
1461 4375 1521 4434 und
1549 4376 1581 4434 in
1604 4375 1685 4436 Mon.
1712 4375 1809 4437 Germ
1834 4376 1888 4436 SS.

344 4485 481 4556 11,141.
505 4513 550 4524 -
580 4483 701 4544 Sclaten
724 4484 801 4543 Ana.
825 4482 951 4542 Padarb.
975 4481 1019 4541 ed.
1043 4480 1070 4540 I.
1096 4483 1124 4551 1,
1146 4482 1207 4540 429
1236 4499 1289 4541 ane
1316 4481 1347 4540 B
1376 4481 1430 4540 mit
1458 4483 1501 4540 id.
1526 4484 1615 4559 april.
1641 4483 1690 4550 (a)
1721 4504 1763 4531 =
1792 4483 1891 4559 Lilaia

343 4591 411 4651 ΒΑ.
435 4592 504 4663 17⁰,
527 4592 587 4654 709
616 4593 649 4651 νιο
671 4591 722 4661 24,
754 4612 797 4637 --
827 4588 949 4649 Senta
978 4589 1054 4648 Ano.
1079 4587 1204 4648 Padarb.
1228 4588 1271 4648 ed.
1296 4587 1342 4648 ΙΙ.
1368 4589 1396 4659 1,
1419 4589 1488 4648 294.
1520 4618 1564 4628 -
1594 4590 1687 4650 Fan
1717 4590 1786 4651 eoa.
1811 4591 1888 4651 trad.

346 4697 429 4759 Corb.
448 4699 508 4758 681
532 4716 585 4757 aas
607 4698 658 4758 aA
680 4698 734 4757 mit
756 4699 800 4755 id.
824 4697 912 4773 april.
936 4695 996 4755 und
1018 4714 1047 4754 a.
1072 4713 1135 4772 reg.
1155 4696 1257 4753 XVII.
1276 4724 1321 4734 —
1342 4694 1465 4754 Erlnrd
1489 4695 1552 4755 01).
1576 4697 1678 4769 Weatf.
1698 4699 1727 4768 1,
1743 4699 1784 4757 75
1803 4700 1836 4757 n⁰
1851 4698 1890 4757 94

343 4823 398 4866 aaa
414 4806 442 4864 Α
460 4826 502 4853 =
521 4804 621 4881 Minna
639 4805 754 4864 Patrol.
774 4804 843 4873 140,
859 4804 917 4862 339
935 4804 968 4862 n⁰
984 4804 1051 4864 101.
1071 4831 1116 4841 -
1137 4802 1429 4877 illimem-Philippi
1447 4802 1549 4875 Wasts.
1567 4804 1602 4862 K
1604 4804 1637 4865 U.
1654 4806 1686 4875 2,
1703 4805 1763 4864 178
1786 4806 1819 4863 n⁰
1831 4804 1890 4864 150

343 4930 397 4972 aua
418 4913 485 4972 AB.
510 4941 554 4951 -
575 4912 678 4984 Wesls.
699 4910 764 4972 UB.
789 4909 890 4985 Suppl.
911 4910 969 4969 119
999 4911 1031 4969 n⁰
1053 4910 1122 4969 766.
1154 4937 1199 4947 -
1227 4909 1355 4969 Bdltmcr
1382 4909 1454 4986 Rep.
1479 4911 1557 4970 1175
1585 4930 1621 4970 aa
1648 4911 1738 4986 April
1767 4912 1815 4971 13.
1846 4939 1890 4950 -

344 5018 469 5093 Stamps
483 5018 555 5094 Req.
572 5020 653 5081 1702
675 5038 710 5078 aa
728 5018 818 5092 April
843 5019 889 5076 13.

348 5170 481 5242 Versaaat
503 5170 564 5229 arrd
584 5169 760 5245 precinebant
783 5187 838 5227 von
863 5168 929 5228 ΘΒ.
976 5166 1082 5226 Diaaer
1103 5167 1263 5226 mundate
1290 5168 1426 5227 anunm
1454 5168 1508 5228 den
1530 5170 1652 5245 Ansanp
1677 5169 1730 5229 der
1755 5169 1892 5231 areunae

344 5277 389 5337 aa
416 5296 481 5336 zum
511 5275 627 5336 Saltim
655 5277 707 5336 der
735 5274 1028 5335 latmenientenliete
1063 5274 1139 5341 (also
1173 5274 1218 5333 bia
1246 5274 1383 5333 Beceliui
1415 5277 1539 5334 comitis
1569 5276 1802 5344 ancillesslicla)
1833 5277 1892 5337 aad

343 5383 454 5443 aeltrieb
476 5382 554 5442 ἀαννι
576 5384 671 5455 sotori
693 5383 746 5443 das
767 5401 855 5458 panae
877 5381 1062 5441 Eschatokoll
1084 5381 1138 5440 mit
1155 5380 1319 5440 Annaea
1340 5381 1390 5439 das
1408 5380 1639 5442 Mamsdaann
1661 5383 1720 5443 ancl
1742 5384 1791 5443 dea
1811 5383 1892 5444 ora-

344 5507 461 5550 namara
483 5490 516 5549 in
538 5489 590 5549 dar
612 5488 785 5565 Datiannp.
832 5487 939 5563 Spliter
960 5493 1019 5547 erat
1048 5487 1132 5564 scipta
1160 5506 1193 5546 er
1214 5488 1299 5546 selba
1324 5487 1378 5547 den
1401 5486 1517 5549 Sallues
1538 5489 1588 5549 dac
1612 5482 1770 5550 Contentus
1783 5491 1815 5550 in
1837 5492 1891 5552 den

309 5709 374 5768 884.
400 5708 546 5781 [Breaalau]
583 5712 609 5778 a)
628 5710 826 5775 aucuparetur
844 5709 952 5762 Lam
969 5710 1022 5774 [ον
1039 5709 1090 5761 den
1110 5709 1185 5761 690·
1203 5710 1259 5762 uad
1279 5711 1483 5776 Grafanaamea
1546 5710 1576 5779 b)
1599 5712 1664 5764 B=
1676 5711 1735 5768 VU.
1794 5716 1820 5781 e)
1842 5731 1893 5768 αη.

398 5783 561 5850 auspefalltt
577 5782 685 5835 Luam
703 5781 754 5846 fair
773 5782 831 5873 ilua
848 5781 907 5832 aad
926 5781 983 5835 Ort.

306 5903 509 5948 nemancos
521 5906 564 5950 111.
1628 5896 1663 5946 62
