<?xml version="1.0" encoding="UTF-8"?>
<!DOCTYPE html PUBLIC "-//W3C//DTD XHTML 1.0 Transitional//EN"
    "http://www.w3.org/TR/xhtml1/DTD/xhtml1-transitional.dtd">
<html xmlns="http://www.w3.org/1999/xhtml" xml:lang="en" lang="en">
 <head>
  <title>
</title>
<meta http-equiv="Content-Type" content="text/html;charset=utf-8" />
  <meta name='ocr-system' content='tesseract 3.04.00' />
  <meta name='ocr-capabilities' content='ocr_page ocr_carea ocr_par ocr_line ocrx_word'/>
</head>
<body>
  <div class='ocr_page' id='page_1' title='image "./monumentagerman01gescgoog_0604.png"; bbox 0 0 4836 6492; ppageno 0'>
   <div class='ocr_carea' id='block_1_1' title="bbox 857 390 1899 457">
    <p class='ocr_par' dir='ltr' id='par_1_1' title="bbox 857 390 1899 457">
     <span class='ocr_line' id='line_1_1' title="bbox 857 390 1899 457; baseline -0.006 0"><span class='ocrx_word' id='word_1_1' title='bbox 857 400 1091 457; x_wconf 84' lang='lat' dir='ltr'>HEINRICH</span> <span class='ocrx_word' id='word_1_2' title='bbox 1114 401 1152 456; x_wconf 90' lang='lat'><strong>11.</strong></span> <span class='ocrx_word' id='word_1_3' title='bbox 1194 399 1290 457; x_wconf 82' lang='lat'>1021.</span> <span class='ocrx_word' id='word_1_4' title='bbox 1835 390 1899 452; x_wconf 84' lang='grc'><strong>569</strong></span> 
     </span>
    </p>
   </div>
   <div class='ocr_carea' id='block_1_2' title="bbox 1021 585 1119 673">
    <p class='ocr_par' dir='ltr' id='par_1_2' title="bbox 1021 585 1119 673">
     <span class='ocr_line' id='line_1_2' title="bbox 1021 585 1119 673; baseline 0 -1"><span class='ocrx_word' id='word_1_5' title='bbox 1021 585 1119 673; x_wconf 82' lang='grc'><strong>447.</strong></span> 
     </span>
    </p>
   </div>
   <div class='ocr_carea' id='block_1_3' title="bbox 245 727 1897 951">
    <p class='ocr_par' dir='ltr' id='par_1_3' title="bbox 245 727 1897 951">
     <span class='ocr_line' id='line_1_3' title="bbox 247 727 1897 832; baseline -0.003 -24"><span class='ocrx_word' id='word_1_6' title='bbox 247 733 426 808; x_wconf 72' lang='lat' dir='ltr'><strong>Heinrich</strong></span> <span class='ocrx_word' id='word_1_7' title='bbox 450 731 595 807; x_wconf 78' lang='lat' dir='ltr'><strong>scheult</strong></span> <span class='ocrx_word' id='word_1_8' title='bbox 620 731 691 807; x_wconf 85' lang='lat' dir='ltr'><strong>den</strong></span> <span class='ocrx_word' id='word_1_9' title='bbox 717 731 877 806; x_wconf 84' lang='lat' dir='ltr'><strong>Nouueu</strong></span> <span class='ocrx_word' id='word_1_10' title='bbox 901 758 946 807; x_wconf 82' lang='lat' dir='ltr'><strong>za</strong></span> <span class='ocrx_word' id='word_1_11' title='bbox 973 731 1196 832; x_wconf 69' lang='lat' dir='ltr'><strong>Riopelbeim</strong></span> <span class='ocrx_word' id='word_1_12' title='bbox 1223 731 1301 804; x_wconf 79' lang='lat' dir='ltr'><strong>ciue</strong></span> <span class='ocrx_word' id='word_1_13' title='bbox 1325 729 1400 803; x_wconf 76' lang='lat' dir='ltr'><strong>itm</strong></span> <span class='ocrx_word' id='word_1_14' title='bbox 1425 756 1498 805; x_wconf 83' lang='lat' dir='ltr'><strong>von</strong></span> <span class='ocrx_word' id='word_1_15' title='bbox 1523 729 1589 804; x_wconf 84' lang='lat' dir='ltr'><strong>der</strong></span> <span class='ocrx_word' id='word_1_16' title='bbox 1610 729 1732 804; x_wconf 84' lang='lat' dir='ltr'><strong>Edlen</strong></span> <span class='ocrx_word' id='word_1_17' title='bbox 1754 727 1897 804; x_wconf 79' lang='lat' dir='ltr'><strong>Eddila</strong></span> 
     </span>
     <span class='ocr_line' id='line_1_4' title="bbox 245 851 1852 951; baseline -0.006 -24"><span class='ocrx_word' id='word_1_18' title='bbox 245 853 471 951; x_wconf 67' lang='lat' dir='ltr'><strong>coaequae</strong></span> <span class='ocrx_word' id='word_1_19' title='bbox 496 852 689 951; x_wconf 75' lang='lat' dir='ltr'><strong>Besitzuuq</strong></span> <span class='ocrx_word' id='word_1_20' title='bbox 712 878 757 926; x_wconf 81' lang='lat' dir='ltr'><strong>zu</strong></span> <span class='ocrx_word' id='word_1_21' title='bbox 785 851 997 926; x_wconf 75' lang='lat' dir='ltr'><strong>Halousen.</strong></span> <span class='ocrx_word' id='word_1_22' title='bbox 1474 877 1607 937; x_wconf 48' lang='grc' dir='ltr'><strong>ΝΛΜ)</strong></span> <span class='ocrx_word' id='word_1_23' title='bbox 1634 878 1708 938; x_wconf 81' lang='lat'><em>1021</em></span> <span class='ocrx_word' id='word_1_24' title='bbox 1732 906 1776 915; x_wconf 91' lang='lat'><strong>..</strong></span> <span class='ocrx_word' id='word_1_25' title='bbox 1799 905 1852 935; x_wconf 64' lang='grc'><strong>-,</strong></span> 
     </span>
    </p>
   </div>
   <div class='ocr_carea' id='block_1_4' title="bbox 211 1019 1897 1545">
    <p class='ocr_par' dir='ltr' id='par_1_4' title="bbox 352 1019 1897 1100">
     <span class='ocr_line' id='line_1_5' title="bbox 352 1019 1897 1100; baseline -0.005 -16"><span class='ocrx_word' id='word_1_26' title='bbox 352 1025 565 1100; x_wconf 75' lang='lat' dir='ltr'><strong>Riuqelkeimer</strong></span> <span class='ocrx_word' id='word_1_27' title='bbox 589 1024 762 1100; x_wconf 79' lang='lat' dir='ltr'><strong>Copialbucb</strong></span> <span class='ocrx_word' id='word_1_28' title='bbox 791 1024 840 1083; x_wconf 80' lang='lat' dir='ltr'><strong>des</strong></span> <span class='ocrx_word' id='word_1_29' title='bbox 861 1025 934 1083; x_wconf 68' lang='lat' dir='ltr'><strong>nors</strong></span> <span class='ocrx_word' id='word_1_30' title='bbox 956 1024 1098 1083; x_wconf 76' lang='lat' dir='ltr'><strong>Heinrich</strong></span> <span class='ocrx_word' id='word_1_31' title='bbox 1124 1023 1284 1082; x_wconf 81' lang='lat' dir='ltr'><strong>Wirscbt&#39;us</strong></span> <span class='ocrx_word' id='word_1_32' title='bbox 1312 1040 1366 1081; x_wconf 81' lang='lat' dir='ltr'><strong>oua</strong></span> <span class='ocrx_word' id='word_1_33' title='bbox 1394 1022 1457 1080; x_wconf 86' lang='lat' dir='ltr'><strong>dem</strong></span> <span class='ocrx_word' id='word_1_34' title='bbox 1483 1020 1566 1079; x_wconf 80' lang='lat' dir='ltr'><strong>Eade</strong></span> <span class='ocrx_word' id='word_1_35' title='bbox 1595 1020 1643 1078; x_wconf 75' lang='lat' dir='ltr'><strong>des</strong></span> <span class='ocrx_word' id='word_1_36' title='bbox 1666 1021 1713 1079; x_wconf 86' lang='lat'><strong>16.</strong></span> <span class='ocrx_word' id='word_1_37' title='bbox 1730 1019 1758 1079; x_wconf 88' lang='lat' dir='ltr'><strong><em>J</em></strong></span> <span class='ocrx_word' id='word_1_38' title='bbox 1759 1020 1786 1078; x_wconf 84' lang='grc' dir='ltr'><strong>Ιι.</strong></span> <span class='ocrx_word' id='word_1_39' title='bbox 1806 1038 1840 1093; x_wconf 81' lang='lat' dir='ltr'><strong>p.</strong></span> <span class='ocrx_word' id='word_1_40' title='bbox 1858 1021 1897 1077; x_wconf 88' lang='lat'><strong>95</strong></span> 
     </span>
    </p>

    <p class='ocr_par' dir='ltr' id='par_1_5' title="bbox 211 1126 1897 1545">
     <span class='ocr_line' id='line_1_6' title="bbox 211 1126 1897 1208; baseline -0.004 -18"><span class='ocrx_word' id='word_1_41' title='bbox 211 1151 224 1190; x_wconf 84' lang='lat' dir='ltr'><strong>s</strong></span> <span class='ocrx_word' id='word_1_42' title='bbox 353 1150 406 1192; x_wconf 81' lang='lat' dir='ltr'><strong>aus</strong></span> <span class='ocrx_word' id='word_1_43' title='bbox 428 1132 618 1208; x_wconf 74' lang='lat' dir='ltr'><strong>beqloobiqter</strong></span> <span class='ocrx_word' id='word_1_44' title='bbox 639 1132 791 1203; x_wconf 75' lang='lat' dir='ltr'><strong>Abschrift</strong></span> <span class='ocrx_word' id='word_1_45' title='bbox 819 1132 851 1189; x_wconf 81' lang='lat' dir='ltr'><strong>io</strong></span> <span class='ocrx_word' id='word_1_46' title='bbox 880 1131 969 1190; x_wconf 83' lang='lat' dir='ltr'><strong>ciuem</strong></span> <span class='ocrx_word' id='word_1_47' title='bbox 991 1131 1155 1190; x_wconf 62' lang='lat' dir='ltr'><strong>certarnen</strong></span> <span class='ocrx_word' id='word_1_48' title='bbox 1185 1130 1293 1189; x_wconf 71' lang='lat' dir='ltr'><strong>aaran</strong></span> <span class='ocrx_word' id='word_1_49' title='bbox 1317 1128 1489 1202; x_wconf 79' lang='lat' dir='ltr'><strong>Copialbuob</strong></span> <span class='ocrx_word' id='word_1_50' title='bbox 1511 1128 1553 1185; x_wconf 81' lang='lat' dir='ltr'><strong>im</strong></span> <span class='ocrx_word' id='word_1_51' title='bbox 1575 1127 1673 1186; x_wconf 76' lang='lat' dir='ltr'><strong>Beaitr</strong></span> <span class='ocrx_word' id='word_1_52' title='bbox 1700 1126 1749 1186; x_wconf 78' lang='lat' dir='ltr'><strong>des</strong></span> <span class='ocrx_word' id='word_1_53' title='bbox 1777 1126 1897 1185; x_wconf 83' lang='lat' dir='ltr'><strong>Boreas</strong></span> 
     </span>
     <span class='ocr_line' id='line_1_7' title="bbox 352 1232 1897 1313; baseline -0.004 -16"><span class='ocrx_word' id='word_1_54' title='bbox 352 1258 379 1297; x_wconf 87' lang='lat' dir='ltr'><strong>v.</strong></span> <span class='ocrx_word' id='word_1_55' title='bbox 404 1239 432 1298; x_wconf 83' lang='lat' dir='ltr'><strong>d.</strong></span> <span class='ocrx_word' id='word_1_56' title='bbox 457 1237 775 1313; x_wconf 69' lang='lat' dir='ltr'><strong>DrakouRinqellreim</strong></span> <span class='ocrx_word' id='word_1_57' title='bbox 804 1256 838 1296; x_wconf 79' lang='lat' dir='ltr'><strong>zu</strong></span> <span class='ocrx_word' id='word_1_58' title='bbox 862 1237 1041 1313; x_wconf 76' lang='lat' dir='ltr'><strong>Rinpelbeim</strong></span> <span class='ocrx_word' id='word_1_59' title='bbox 1066 1237 1135 1305; x_wconf 88' lang='lat' dir='ltr'><em>(B).</em></span> <span class='ocrx_word' id='word_1_60' title='bbox 1165 1265 1209 1275; x_wconf 92' lang='lat'><em>-</em></span> <span class='ocrx_word' id='word_1_61' title='bbox 1239 1235 1450 1311; x_wconf 72' lang='lat' dir='ltr'><strong>Riuqeltelmer</strong></span> <span class='ocrx_word' id='word_1_62' title='bbox 1474 1232 1645 1309; x_wconf 75' lang='lat' dir='ltr'><strong>Copiulbuclt</strong></span> <span class='ocrx_word' id='word_1_63' title='bbox 1675 1252 1740 1293; x_wconf 87' lang='lat' dir='ltr'><strong>vom</strong></span> <span class='ocrx_word' id='word_1_64' title='bbox 1768 1233 1801 1293; x_wconf 85' lang='lat' dir='ltr'><strong>J.</strong></span> <span class='ocrx_word' id='word_1_65' title='bbox 1819 1234 1897 1291; x_wconf 87' lang='grc'><strong>1714</strong></span> 
     </span>
     <span class='ocr_line' id='line_1_8' title="bbox 348 1339 1895 1421; baseline -0.004 -17"><span class='ocrx_word' id='word_1_66' title='bbox 348 1365 381 1421; x_wconf 81' lang='lat' dir='ltr'><strong>p.</strong></span> <span class='ocrx_word' id='word_1_67' title='bbox 403 1348 431 1415; x_wconf 84' lang='lat'><strong>9,</strong></span> <span class='ocrx_word' id='word_1_68' title='bbox 461 1346 605 1421; x_wconf 76' lang='lat' dir='ltr'><strong>unqeblieh</strong></span> <span class='ocrx_word' id='word_1_69' title='bbox 635 1363 688 1404; x_wconf 75' lang='lat' dir='ltr'><strong>ores</strong></span> <span class='ocrx_word' id='word_1_70' title='bbox 716 1345 779 1404; x_wconf 80' lang='lat' dir='ltr'><strong>dero</strong></span> <span class='ocrx_word' id='word_1_71' title='bbox 805 1345 950 1420; x_wconf 72' lang='lat' dir='ltr'><strong>Oripinnl,</strong></span> <span class='ocrx_word' id='word_1_72' title='bbox 979 1346 1011 1403; x_wconf 81' lang='lat' dir='ltr'><strong>ia</strong></span> <span class='ocrx_word' id='word_1_73' title='bbox 1037 1344 1236 1403; x_wconf 78' lang='lat' dir='ltr'><strong>Wirlclieblreit</strong></span> <span class='ocrx_word' id='word_1_74' title='bbox 1252 1360 1305 1402; x_wconf 79' lang='lat' dir='ltr'><strong>aus</strong></span> <span class='ocrx_word' id='word_1_75' title='bbox 1328 1343 1434 1401; x_wconf 69' lang='lat' dir='ltr'><strong>alteror</strong></span> <span class='ocrx_word' id='word_1_76' title='bbox 1455 1341 1618 1412; x_wconf 72' lang='lat' dir='ltr'><strong>Absebrift,</strong></span> <span class='ocrx_word' id='word_1_77' title='bbox 1641 1341 1695 1399; x_wconf 83' lang='lat' dir='ltr'><strong>mit</strong></span> <span class='ocrx_word' id='word_1_78' title='bbox 1717 1358 1741 1399; x_wconf 78' lang='lat' dir='ltr'><strong>z.</strong></span> <span class='ocrx_word' id='word_1_79' title='bbox 1765 1339 1797 1398; x_wconf 86' lang='grc' dir='ltr'><strong>Τ.</strong></span> <span class='ocrx_word' id='word_1_80' title='bbox 1823 1340 1895 1398; x_wconf 80' lang='lat' dir='ltr'><strong>roill-</strong></span> 
     </span>
     <span class='ocr_line' id='line_1_9' title="bbox 351 1448 1381 1545; baseline -0.003 -33"><span class='ocrx_word' id='word_1_81' title='bbox 351 1454 500 1512; x_wconf 76' lang='lat' dir='ltr'><strong>Ieu&#39;rlichen</strong></span> <span class='ocrx_word' id='word_1_82' title='bbox 524 1451 710 1511; x_wconf 65' lang='lat' dir='ltr'><strong>Gorrectmeu</strong></span> <span class='ocrx_word' id='word_1_83' title='bbox 732 1452 781 1511; x_wconf 82' lang='lat' dir='ltr'><strong>des</strong></span> <span class='ocrx_word' id='word_1_84' title='bbox 803 1452 1035 1527; x_wconf 76' lang='lat' dir='ltr'><strong>beqloubiqeudeu</strong></span> <span class='ocrx_word' id='word_1_85' title='bbox 1054 1451 1170 1545; x_wconf 37' lang='lat' dir='ltr'><strong>&#39;Notars</strong></span> <span class='ocrx_word' id='word_1_86' title='bbox 1192 1450 1297 1510; x_wconf 67' lang='lat' dir='ltr'><strong>ebrardo</strong></span> <span class='ocrx_word' id='word_1_87' title='bbox 1316 1448 1381 1517; x_wconf 79' lang='lat' dir='ltr'><strong><em>(C).</em></strong></span> 
     </span>
    </p>
   </div>
   <div class='ocr_carea' id='block_1_5' title="bbox 353 1580 1898 1876">
    <p class='ocr_par' dir='ltr' id='par_1_6' title="bbox 353 1580 1898 1876">
     <span class='ocr_line' id='line_1_10' title="bbox 353 1580 1898 1661; baseline -0.004 -16"><span class='ocrx_word' id='word_1_88' title='bbox 353 1587 469 1645; x_wconf 81' lang='lat' dir='ltr'><strong>Eceord</strong></span> <span class='ocrx_word' id='word_1_89' title='bbox 490 1586 570 1645; x_wconf 67' lang='lat' dir='ltr'><strong>Hirr.</strong></span> <span class='ocrx_word' id='word_1_90' title='bbox 594 1606 655 1661; x_wconf 76' lang='lat' dir='ltr'><strong>pen.</strong></span> <span class='ocrx_word' id='word_1_91' title='bbox 680 1585 789 1644; x_wconf 77' lang='lat' dir='ltr'><strong>Saron.</strong></span> <span class='ocrx_word' id='word_1_92' title='bbox 808 1588 909 1660; x_wconf 79' lang='lat' dir='ltr'><strong>praes.</strong></span> <span class='ocrx_word' id='word_1_93' title='bbox 930 1586 950 1643; x_wconf 88' lang='grc'><em>7</em></span> <span class='ocrx_word' id='word_1_94' title='bbox 972 1603 1025 1644; x_wconf 78' lang='lat' dir='ltr'><strong>atta</strong></span> <span class='ocrx_word' id='word_1_95' title='bbox 1054 1586 1116 1644; x_wconf 85' lang='lat' dir='ltr'><strong>dem</strong></span> <span class='ocrx_word' id='word_1_96' title='bbox 1145 1584 1215 1643; x_wconf 82' lang='lat' dir='ltr'><strong>noch</strong></span> <span class='ocrx_word' id='word_1_97' title='bbox 1245 1583 1471 1657; x_wconf 68' lang='lat' dir='ltr'><strong>umowtqiertea</strong></span> <span class='ocrx_word' id='word_1_98' title='bbox 1503 1580 1527 1641; x_wconf 81' lang='lat'><em>0</em></span> <span class='ocrx_word' id='word_1_99' title='bbox 1554 1582 1623 1641; x_wconf 82' lang='lat' dir='ltr'><strong>oder</strong></span> <span class='ocrx_word' id='word_1_100' title='bbox 1652 1581 1748 1640; x_wconf 76' lang='lat' dir='ltr'><strong>dassen</strong></span> <span class='ocrx_word' id='word_1_101' title='bbox 1777 1580 1898 1655; x_wconf 76' lang='lat' dir='ltr'><strong>Vorluqe</strong></span> 
     </span>
     <span class='ocr_line' id='line_1_11' title="bbox 355 1687 1896 1763; baseline -0.001 -12"><span class='ocrx_word' id='word_1_102' title='bbox 355 1694 415 1761; x_wconf 86' lang='lat' dir='ltr'><strong>(a).</strong></span> <span class='ocrx_word' id='word_1_103' title='bbox 439 1722 483 1732; x_wconf 92' lang='lat'><em>-</em></span> <span class='ocrx_word' id='word_1_104' title='bbox 511 1693 636 1754; x_wconf 78' lang='lat' dir='ltr'><strong>Juuicke</strong></span> <span class='ocrx_word' id='word_1_105' title='bbox 662 1692 725 1751; x_wconf 78' lang='lat' dir='ltr'><strong>CB.</strong></span> <span class='ocrx_word' id='word_1_106' title='bbox 749 1711 803 1751; x_wconf 78' lang='lat' dir='ltr'><strong>rou</strong></span> <span class='ocrx_word' id='word_1_107' title='bbox 834 1692 1013 1751; x_wconf 82' lang='lat' dir='ltr'><strong>Hildesber&#39;m</strong></span> <span class='ocrx_word' id='word_1_108' title='bbox 1036 1692 1065 1762; x_wconf 84' lang='lat'><strong>1,</strong></span> <span class='ocrx_word' id='word_1_109' title='bbox 1084 1693 1125 1750; x_wconf 81' lang='lat'><strong>62</strong></span> <span class='ocrx_word' id='word_1_110' title='bbox 1153 1693 1186 1749; x_wconf 80' lang='lat' dir='ltr'><strong>n⁰</strong></span> <span class='ocrx_word' id='word_1_111' title='bbox 1204 1693 1244 1750; x_wconf 89' lang='lat'><strong>66</strong></span> <span class='ocrx_word' id='word_1_112' title='bbox 1273 1708 1327 1750; x_wconf 76' lang='lat' dir='ltr'><strong>utu</strong></span> <span class='ocrx_word' id='word_1_113' title='bbox 1351 1688 1401 1750; x_wconf 81' lang='lat' dir='ltr'><strong>Oa.</strong></span> <span class='ocrx_word' id='word_1_114' title='bbox 1426 1718 1470 1728; x_wconf 92' lang='lat'><em>-</em></span> <span class='ocrx_word' id='word_1_115' title='bbox 1499 1689 1626 1748; x_wconf 75' lang='lat' dir='ltr'><strong>Bdbmer</strong></span> <span class='ocrx_word' id='word_1_116' title='bbox 1648 1687 1719 1763; x_wconf 76' lang='lat' dir='ltr'><strong>Req.</strong></span> <span class='ocrx_word' id='word_1_117' title='bbox 1738 1689 1827 1749; x_wconf 80' lang='lat'><em>1207.</em></span> <span class='ocrx_word' id='word_1_118' title='bbox 1853 1717 1896 1727; x_wconf 94' lang='lat'>-</span> 
     </span>
     <span class='ocr_line' id='line_1_12' title="bbox 354 1799 668 1876; baseline -0.006 -17"><span class='ocrx_word' id='word_1_119' title='bbox 354 1799 477 1874; x_wconf 81' lang='lat' dir='ltr'><strong>Stmupf</strong></span> <span class='ocrx_word' id='word_1_120' title='bbox 490 1799 562 1876; x_wconf 76' lang='lat' dir='ltr'><strong>Req.</strong></span> <span class='ocrx_word' id='word_1_121' title='bbox 580 1801 668 1858; x_wconf 81' lang='grc'><strong><em>1767.</em></strong></span> 
     </span>
    </p>
   </div>
   <div class='ocr_carea' id='block_1_6' title="bbox 352 1919 1897 2214">
    <p class='ocr_par' dir='ltr' id='par_1_7' title="bbox 352 1919 1897 2214">
     <span class='ocr_line' id='line_1_13' title="bbox 359 1919 1897 1999; baseline -0.003 -17"><span class='ocrx_word' id='word_1_122' title='bbox 359 1925 600 1983; x_wconf 74' lang='lat' dir='ltr'><strong>Wubrsclteinliob</strong></span> <span class='ocrx_word' id='word_1_123' title='bbox 628 1925 803 1999; x_wconf 78' lang='lat' dir='ltr'><strong>qescbrieben</strong></span> <span class='ocrx_word' id='word_1_124' title='bbox 828 1944 881 1983; x_wconf 83' lang='lat' dir='ltr'><strong>roa</strong></span> <span class='ocrx_word' id='word_1_125' title='bbox 907 1924 974 1993; x_wconf 81' lang='lat' dir='ltr'><strong>GG,</strong></span> <span class='ocrx_word' id='word_1_126' title='bbox 1004 1925 1067 1983; x_wconf 82' lang='lat' dir='ltr'><strong>dem</strong></span> <span class='ocrx_word' id='word_1_127' title='bbox 1096 1924 1167 1982; x_wconf 82' lang='lat' dir='ltr'><strong>oucb</strong></span> <span class='ocrx_word' id='word_1_128' title='bbox 1197 1923 1250 1981; x_wconf 82' lang='lat' dir='ltr'><strong>dos</strong></span> <span class='ocrx_word' id='word_1_129' title='bbox 1272 1920 1376 1981; x_wconf 79' lang='lat' dir='ltr'><strong>Dictat</strong></span> <span class='ocrx_word' id='word_1_130' title='bbox 1405 1922 1561 1997; x_wconf 72' lang='lat' dir='ltr'><strong>auqebdren</strong></span> <span class='ocrx_word' id='word_1_131' title='bbox 1591 1920 1700 1990; x_wconf 76' lang='lat' dir='ltr'><strong>dt&#39;trste.</strong></span> <span class='ocrx_word' id='word_1_132' title='bbox 1724 1949 1769 1958; x_wconf 93' lang='lat'>—</span> <span class='ocrx_word' id='word_1_133' title='bbox 1792 1919 1897 1995; x_wconf 76' lang='lat' dir='ltr'><strong>Eiuiqe</strong></span> 
     </span>
     <span class='ocr_line' id='line_1_14' title="bbox 359 2026 1897 2105; baseline -0.004 -15"><span class='ocrx_word' id='word_1_134' title='bbox 359 2032 456 2090; x_wconf 87' lang='lat' dir='ltr'><strong>Worte</strong></span> <span class='ocrx_word' id='word_1_135' title='bbox 470 2050 523 2090; x_wconf 82' lang='lat' dir='ltr'><strong>aus</strong></span> <span class='ocrx_word' id='word_1_136' title='bbox 537 2032 600 2090; x_wconf 79' lang='lat' dir='ltr'><strong>dem</strong></span> <span class='ocrx_word' id='word_1_137' title='bbox 622 2031 663 2090; x_wconf 90' lang='lat' dir='ltr'><strong>D.</strong></span> <span class='ocrx_word' id='word_1_138' title='bbox 679 2032 740 2089; x_wconf 80' lang='grc'><strong>447</strong></span> <span class='ocrx_word' id='word_1_139' title='bbox 762 2031 828 2090; x_wconf 79' lang='lat' dir='ltr'><strong>sind</strong></span> <span class='ocrx_word' id='word_1_140' title='bbox 842 2032 873 2089; x_wconf 84' lang='lat' dir='ltr'><strong>ir</strong></span> <span class='ocrx_word' id='word_1_141' title='bbox 889 2031 936 2090; x_wconf 84' lang='lat' dir='ltr'><strong>die</strong></span> <span class='ocrx_word' id='word_1_142' title='bbox 951 2031 1115 2105; x_wconf 74' lang='lat' dir='ltr'><strong>Fulsclunq</strong></span> <span class='ocrx_word' id='word_1_143' title='bbox 1130 2028 1199 2088; x_wconf 90' lang='lat' dir='ltr'><strong>DO.</strong></span> <span class='ocrx_word' id='word_1_144' title='bbox 1217 2028 1244 2088; x_wconf 91' lang='lat' dir='ltr'><strong>I.</strong></span> <span class='ocrx_word' id='word_1_145' title='bbox 1261 2029 1321 2087; x_wconf 79' lang='lat'><strong>435</strong></span> <span class='ocrx_word' id='word_1_146' title='bbox 1343 2029 1561 2104; x_wconf 67' lang='lat' dir='ltr'><strong>uberqepoaqen.</strong></span> <span class='ocrx_word' id='word_1_147' title='bbox 1578 2056 1622 2066; x_wconf 89' lang='lat'>-</span> <span class='ocrx_word' id='word_1_148' title='bbox 1638 2027 1701 2086; x_wconf 84' lang='lat' dir='ltr'><strong>Zur</strong></span> <span class='ocrx_word' id='word_1_149' title='bbox 1716 2026 1897 2102; x_wconf 76' lang='lat' dir='ltr'><strong>Einreibauq</strong></span> 
     </span>
     <span class='ocr_line' id='line_1_15' title="bbox 352 2137 902 2214; baseline 0 -18"><span class='ocrx_word' id='word_1_150' title='bbox 352 2140 408 2214; x_wconf 72' lang='lat' dir='ltr'><strong>opt.</strong></span> <span class='ocrx_word' id='word_1_151' title='bbox 425 2138 655 2214; x_wconf 75' lang='lat' dir='ltr'><strong>Erlttuterunyen</strong></span> <span class='ocrx_word' id='word_1_152' title='bbox 672 2138 822 2197; x_wconf 67' lang='lat' dir='ltr'><strong>tuscania</strong></span> <span class='ocrx_word' id='word_1_153' title='bbox 837 2137 902 2197; x_wconf 86' lang='lat' dir='ltr'><strong><em>III.</em></strong></span> 
     </span>
    </p>
   </div>
   <div class='ocr_carea' id='block_1_7' title="bbox 202 2249 1900 4266">
    <p class='ocr_par' dir='ltr' id='par_1_8' title="bbox 202 2249 1900 4266">
     <span class='ocr_line' id='line_1_16' title="bbox 203 2249 1897 2337; baseline -0.002 -19"><span class='ocrx_word' id='word_1_154' title='bbox 203 2279 228 2319; x_wconf 85' lang='lat' dir='ltr'><strong>rs</strong></span> <span class='ocrx_word' id='word_1_155' title='bbox 352 2254 393 2318; x_wconf 89' lang='lat' dir='ltr'><strong>In</strong></span> <span class='ocrx_word' id='word_1_156' title='bbox 422 2255 551 2318; x_wconf 90' lang='lat' dir='ltr'><strong>nomine</strong></span> <span class='ocrx_word' id='word_1_157' title='bbox 582 2263 734 2318; x_wconf 77' lang='lat' dir='ltr'><strong>sanctae⁸</strong></span> <span class='ocrx_word' id='word_1_158' title='bbox 765 2263 797 2317; x_wconf 92' lang='lat' dir='ltr'><strong>et</strong></span> <span class='ocrx_word' id='word_1_159' title='bbox 826 2252 1015 2317; x_wconf 81' lang='lat' dir='ltr'><strong>individuae</strong></span> <span class='ocrx_word' id='word_1_160' title='bbox 1045 2252 1208 2317; x_wconf 81' lang='lat' dir='ltr'><strong>trinitatis.</strong></span> <span class='ocrx_word' id='word_1_161' title='bbox 1254 2251 1418 2316; x_wconf 82' lang='lat' dir='ltr'><strong>Hernicus</strong></span> <span class='ocrx_word' id='word_1_162' title='bbox 1448 2250 1579 2315; x_wconf 82' lang='lat' dir='ltr'><strong>divinab</strong></span> <span class='ocrx_word' id='word_1_163' title='bbox 1609 2249 1801 2337; x_wconf 85' lang='lat' dir='ltr'><strong>providente</strong></span> <span class='ocrx_word' id='word_1_164' title='bbox 1833 2249 1897 2315; x_wconf 91' lang='lat' dir='ltr'><strong>cle-</strong></span> 
     </span>
     <span class='ocr_line' id='line_1_17' title="bbox 244 2357 1897 2447; baseline -0.002 -21"><span class='ocrx_word' id='word_1_165' title='bbox 244 2361 388 2427; x_wconf 81' lang='lat' dir='ltr'><strong>mentiab</strong></span> <span class='ocrx_word' id='word_1_166' title='bbox 411 2361 630 2425; x_wconf 89' lang='lat' dir='ltr'><strong>Romanorum</strong></span> <span class='ocrx_word' id='word_1_167' title='bbox 653 2361 829 2447; x_wconf 89' lang='lat' dir='ltr'><strong>imperator</strong></span> <span class='ocrx_word' id='word_1_168' title='bbox 851 2372 1019 2446; x_wconf 86' lang='lat' dir='ltr'><strong>augustus.</strong></span> <span class='ocrx_word' id='word_1_169' title='bbox 1120 2359 1241 2425; x_wconf 87' lang='lat' dir='ltr'><strong>Notum</strong></span> <span class='ocrx_word' id='word_1_170' title='bbox 1264 2359 1305 2423; x_wconf 90' lang='lat' dir='ltr'><strong>sit</strong></span> <span class='ocrx_word' id='word_1_171' title='bbox 1329 2357 1478 2423; x_wconf 89' lang='lat' dir='ltr'><strong>omnibus</strong></span> <span class='ocrx_word' id='word_1_172' title='bbox 1502 2368 1635 2423; x_wconf 86' lang='lat' dir='ltr'><strong>sanctae</strong></span> <span class='ocrx_word' id='word_1_173' title='bbox 1659 2358 1713 2423; x_wconf 91' lang='lat' dir='ltr'><strong>dei</strong></span> <span class='ocrx_word' id='word_1_174' title='bbox 1737 2357 1897 2423; x_wconf 86' lang='lat' dir='ltr'><strong>ecclesiae</strong></span> 
     </span>
     <span class='ocr_line' id='line_1_18' title="bbox 245 2464 1898 2556; baseline -0.002 -23"><span class='ocrx_word' id='word_1_175' title='bbox 245 2471 428 2556; x_wconf 80' lang='lat' dir='ltr'><strong>nostrisque</strong></span> <span class='ocrx_word' id='word_1_176' title='bbox 451 2466 602 2533; x_wconf 88' lang='lat' dir='ltr'><strong>fidelibus</strong></span> <span class='ocrx_word' id='word_1_177' title='bbox 625 2467 850 2555; x_wconf 88' lang='lat' dir='ltr'><strong>praesentibus</strong></span> <span class='ocrx_word' id='word_1_178' title='bbox 874 2467 999 2532; x_wconf 76' lang='lat' dir='ltr'><strong>sedicet</strong></span> <span class='ocrx_word' id='word_1_179' title='bbox 1021 2478 1053 2532; x_wconf 92' lang='lat' dir='ltr'><strong>et</strong></span> <span class='ocrx_word' id='word_1_180' title='bbox 1073 2467 1199 2549; x_wconf 83' lang='lat' dir='ltr'><strong>futuris,</strong></span> <span class='ocrx_word' id='word_1_181' title='bbox 1225 2466 1363 2553; x_wconf 80' lang='lat' dir='ltr'><strong>qualiter</strong></span> <span class='ocrx_word' id='word_1_182' title='bbox 1381 2489 1440 2531; x_wconf 89' lang='lat' dir='ltr'><strong>nos</strong></span> <span class='ocrx_word' id='word_1_183' title='bbox 1461 2489 1521 2552; x_wconf 88' lang='lat' dir='ltr'><strong>per</strong></span> <span class='ocrx_word' id='word_1_184' title='bbox 1539 2468 1757 2530; x_wconf 76' lang='lat' dir='ltr'><strong>interventum</strong></span> <span class='ocrx_word' id='word_1_185' title='bbox 1776 2464 1898 2530; x_wconf 80' lang='lat' dir='ltr'><strong>Chuni-</strong></span> 
     </span>
     <span class='ocr_line' id='line_1_19' title="bbox 246 2571 1898 2662; baseline -0.002 -22"><span class='ocrx_word' id='word_1_186' title='bbox 246 2575 375 2662; x_wconf 85' lang='lat' dir='ltr'><strong>gundae</strong></span> <span class='ocrx_word' id='word_1_187' title='bbox 400 2575 539 2640; x_wconf 89' lang='lat' dir='ltr'><strong>dilectae</strong></span> <span class='ocrx_word' id='word_1_188' title='bbox 563 2576 710 2660; x_wconf 85' lang='lat' dir='ltr'><strong>coniugis</strong></span> <span class='ocrx_word' id='word_1_189' title='bbox 733 2586 863 2639; x_wconf 89' lang='lat' dir='ltr'><strong>nostrae</strong></span> <span class='ocrx_word' id='word_1_190' title='bbox 886 2575 1103 2661; x_wconf 86' lang='lat' dir='ltr'><strong>imperatricis</strong></span> <span class='ocrx_word' id='word_1_191' title='bbox 1126 2584 1285 2660; x_wconf 88' lang='lat' dir='ltr'><strong>augustae</strong></span> <span class='ocrx_word' id='word_1_192' title='bbox 1309 2596 1348 2639; x_wconf 89' lang='lat' dir='ltr'><strong>ac</strong></span> <span class='ocrx_word' id='word_1_193' title='bbox 1370 2596 1430 2661; x_wconf 91' lang='lat' dir='ltr'><strong>pro</strong></span> <span class='ocrx_word' id='word_1_194' title='bbox 1454 2586 1564 2638; x_wconf 87' lang='lat' dir='ltr'><strong>nostra</strong></span> <span class='ocrx_word' id='word_1_195' title='bbox 1588 2574 1722 2660; x_wconf 91' lang='lat' dir='ltr'><strong>eiusque</strong></span> <span class='ocrx_word' id='word_1_196' title='bbox 1741 2571 1845 2637; x_wconf 91' lang='lat' dir='ltr'><strong>salute</strong></span> <span class='ocrx_word' id='word_1_197' title='bbox 1865 2584 1898 2637; x_wconf 91' lang='lat' dir='ltr'><strong>et</strong></span> 
     </span>
     <span class='ocr_line' id='line_1_20' title="bbox 247 2678 1897 2768; baseline -0.002 -21"><span class='ocrx_word' id='word_1_198' title='bbox 247 2682 391 2747; x_wconf 88' lang='lat' dir='ltr'><strong>remedio</strong></span> <span class='ocrx_word' id='word_1_199' title='bbox 415 2684 596 2746; x_wconf 90' lang='lat' dir='ltr'><strong>animarum</strong></span> <span class='ocrx_word' id='word_1_200' title='bbox 619 2693 790 2768; x_wconf 86' lang='lat' dir='ltr'><strong>parentum</strong></span> <span class='ocrx_word' id='word_1_201' title='bbox 814 2696 997 2746; x_wconf 88' lang='lat' dir='ltr'><strong>nostrorum</strong></span> <span class='ocrx_word' id='word_1_202' title='bbox 1027 2704 1119 2746; x_wconf 87' lang='lat' dir='ltr'><strong>sacro</strong></span> <span class='ocrx_word' id='word_1_203' title='bbox 1151 2679 1244 2745; x_wconf 90' lang='lat' dir='ltr'><strong>altari</strong></span> <span class='ocrx_word' id='word_1_204' title='bbox 1275 2680 1317 2745; x_wconf 92' lang='lat' dir='ltr'><strong>ad</strong></span> <span class='ocrx_word' id='word_1_205' title='bbox 1347 2680 1502 2746; x_wconf 87' lang='lat' dir='ltr'><strong>honorem</strong></span> <span class='ocrx_word' id='word_1_206' title='bbox 1525 2678 1696 2744; x_wconf 86' lang='lat' dir='ltr'><strong>beatorum</strong></span> <span class='ocrx_word' id='word_1_207' title='bbox 1718 2691 1897 2766; x_wconf 82' lang='lat' dir='ltr'><strong>martyrum</strong></span> 
     </span>
     <span class='ocr_line' id='line_1_21' title="bbox 202 2785 1898 2875; baseline -0.002 -21"><span class='ocrx_word' id='word_1_208' title='bbox 202 2814 229 2853; x_wconf 86' lang='grc' dir='ltr'><strong>ιο</strong></span> <span class='ocrx_word' id='word_1_209' title='bbox 246 2788 366 2854; x_wconf 82' lang='lat' dir='ltr'><strong>Abdon</strong></span> <span class='ocrx_word' id='word_1_210' title='bbox 396 2800 428 2854; x_wconf 89' lang='lat' dir='ltr'><strong>et</strong></span> <span class='ocrx_word' id='word_1_211' title='bbox 452 2788 577 2854; x_wconf 79' lang='lat' dir='ltr'><strong>Sennea</strong></span> <span class='ocrx_word' id='word_1_212' title='bbox 607 2787 757 2853; x_wconf 89' lang='lat' dir='ltr'><strong>dedicato</strong></span> <span class='ocrx_word' id='word_1_213' title='bbox 788 2787 979 2874; x_wconf 82' lang='lat' dir='ltr'><strong>ancillisque</strong></span> <span class='ocrx_word' id='word_1_214' title='bbox 1009 2788 1063 2852; x_wconf 88' lang='lat' dir='ltr'><strong>dei</strong></span> <span class='ocrx_word' id='word_1_215' title='bbox 1092 2786 1140 2852; x_wconf 90' lang='lat' dir='ltr'><strong>ibi</strong></span> <span class='ocrx_word' id='word_1_216' title='bbox 1169 2811 1228 2875; x_wconf 93' lang='lat' dir='ltr'><strong>pro</strong></span> <span class='ocrx_word' id='word_1_217' title='bbox 1251 2798 1397 2874; x_wconf 84' lang='lat' dir='ltr'><strong>ternpore</strong></span> <span class='ocrx_word' id='word_1_218' title='bbox 1428 2785 1645 2852; x_wconf 86' lang='lat' dir='ltr'><strong>servientibus</strong></span> <span class='ocrx_word' id='word_1_219' title='bbox 1675 2788 1710 2850; x_wconf 91' lang='lat' dir='ltr'><strong>in</strong></span> <span class='ocrx_word' id='word_1_220' title='bbox 1738 2785 1810 2851; x_wconf 89' lang='lat' dir='ltr'><strong>loeo</strong></span> <span class='ocrx_word' id='word_1_221' title='bbox 1842 2786 1898 2873; x_wconf 92' lang='lat' dir='ltr'><strong>qui</strong></span> 
     </span>
     <span class='ocr_line' id='line_1_22' title="bbox 246 2892 1897 2982; baseline -0.002 -21"><span class='ocrx_word' id='word_1_222' title='bbox 246 2898 366 2962; x_wconf 90' lang='lat' dir='ltr'><strong>dicitur</strong></span> <span class='ocrx_word' id='word_1_223' title='bbox 384 2895 608 2982; x_wconf 77' lang='lat' dir='ltr'><strong>Ringelheim⁰</strong></span> <span class='ocrx_word' id='word_1_224' title='bbox 632 2896 666 2960; x_wconf 92' lang='lat' dir='ltr'><strong>in</strong></span> <span class='ocrx_word' id='word_1_225' title='bbox 688 2896 856 2982; x_wconf 89' lang='lat' dir='ltr'><strong>proprium</strong></span> <span class='ocrx_word' id='word_1_226' title='bbox 876 2894 1057 2959; x_wconf 77' lang='lat' dir='ltr'><strong>donamus‘¹</strong></span> <span class='ocrx_word' id='word_1_227' title='bbox 1075 2906 1108 2960; x_wconf 91' lang='lat' dir='ltr'><strong>et</strong></span> <span class='ocrx_word' id='word_1_228' title='bbox 1127 2895 1291 2960; x_wconf 89' lang='lat' dir='ltr'><strong>offerimus</strong></span> <span class='ocrx_word' id='word_1_229' title='bbox 1310 2893 1374 2959; x_wconf 88' lang='lat' dir='ltr'><strong>tale</strong></span> <span class='ocrx_word' id='word_1_230' title='bbox 1393 2893 1574 2981; x_wconf 86' lang='lat' dir='ltr'><strong>praedium,</strong></span> <span class='ocrx_word' id='word_1_231' title='bbox 1599 2893 1694 2981; x_wconf 88' lang='lat' dir='ltr'><strong>quale</strong></span> <span class='ocrx_word' id='word_1_232' title='bbox 1714 2892 1897 2981; x_wconf 79' lang='lat' dir='ltr'><strong>quaedam⁰</strong></span> 
     </span>
     <span class='ocr_line' id='line_1_23' title="bbox 246 3000 1898 3089; baseline -0.002 -20"><span class='ocrx_word' id='word_1_233' title='bbox 246 3002 364 3069; x_wconf 89' lang='lat' dir='ltr'><strong>nobilis</strong></span> <span class='ocrx_word' id='word_1_234' title='bbox 388 3016 535 3067; x_wconf 89' lang='lat' dir='ltr'><strong>matrona</strong></span> <span class='ocrx_word' id='word_1_235' title='bbox 558 3004 688 3068; x_wconf 90' lang='lat' dir='ltr'><strong>nomine</strong></span> <span class='ocrx_word' id='word_1_236' title='bbox 712 3001 832 3067; x_wconf 87' lang='lat' dir='ltr'><strong>Eddila</strong></span> <span class='ocrx_word' id='word_1_237' title='bbox 856 3025 875 3066; x_wconf 93' lang='lat' dir='ltr'><strong>a</strong></span> <span class='ocrx_word' id='word_1_238' title='bbox 899 3025 958 3067; x_wconf 89' lang='lat' dir='ltr'><strong>sua</strong></span> <span class='ocrx_word' id='word_1_239' title='bbox 979 3003 1177 3089; x_wconf 85' lang='lat' dir='ltr'><strong>proprietate</strong></span> <span class='ocrx_word' id='word_1_240' title='bbox 1200 3000 1293 3066; x_wconf 87' lang='lat' dir='ltr'><strong>dedit</strong></span> <span class='ocrx_word' id='word_1_241' title='bbox 1317 3002 1350 3066; x_wconf 90' lang='lat' dir='ltr'><strong>in</strong></span> <span class='ocrx_word' id='word_1_242' title='bbox 1373 3012 1517 3066; x_wconf 72' lang='lat' dir='ltr'><strong>nosnam</strong></span> <span class='ocrx_word' id='word_1_243' title='bbox 1539 3003 1782 3088; x_wconf 83' lang='lat' dir='ltr'><strong>proprietatem,</strong></span> <span class='ocrx_word' id='word_1_244' title='bbox 1810 3000 1898 3088; x_wconf 89' lang='lat' dir='ltr'><strong>quod</strong></span> 
     </span>
     <span class='ocr_line' id='line_1_24' title="bbox 246 3108 1899 3196; baseline -0.001 -22"><span class='ocrx_word' id='word_1_245' title='bbox 246 3120 383 3176; x_wconf 85' lang='lat' dir='ltr'><strong>vocatur</strong></span> <span class='ocrx_word' id='word_1_246' title='bbox 404 3108 581 3175; x_wconf 75' lang='lat' dir='ltr'><strong>Hahusen‘</strong></span> <span class='ocrx_word' id='word_1_247' title='bbox 606 3112 703 3174; x_wconf 88' lang='lat' dir='ltr'><strong>situm</strong></span> <span class='ocrx_word' id='word_1_248' title='bbox 724 3110 759 3173; x_wconf 92' lang='lat' dir='ltr'><strong>in</strong></span> <span class='ocrx_word' id='word_1_249' title='bbox 781 3120 889 3196; x_wconf 78' lang='lat' dir='ltr'><strong>pago⁸</strong></span> <span class='ocrx_word' id='word_1_250' title='bbox 1102 3109 1137 3172; x_wconf 92' lang='lat' dir='ltr'><strong>in</strong></span> <span class='ocrx_word' id='word_1_251' title='bbox 1160 3110 1315 3173; x_wconf 90' lang='lat' dir='ltr'><strong>comitatu</strong></span> <span class='ocrx_word' id='word_1_252' title='bbox 1336 3129 1416 3172; x_wconf 89' lang='lat' dir='ltr'><strong>vero</strong></span> <span class='ocrx_word' id='word_1_253' title='bbox 1440 3108 1587 3172; x_wconf 86' lang='lat' dir='ltr'><strong>comitis¹²</strong></span> <span class='ocrx_word' id='word_1_254' title='bbox 1791 3158 1798 3191; x_wconf 91' lang='lat'><strong>,</strong></span> <span class='ocrx_word' id='word_1_255' title='bbox 1824 3130 1899 3173; x_wconf 82' lang='lat' dir='ltr'><strong>eunt</strong></span> 
     </span>
     <span class='ocr_line' id='line_1_25' title="bbox 247 3214 1899 3302; baseline -0.002 -19"><span class='ocrx_word' id='word_1_256' title='bbox 247 3216 396 3283; x_wconf 90' lang='lat' dir='ltr'><strong>omnibus</strong></span> <span class='ocrx_word' id='word_1_257' title='bbox 420 3217 485 3280; x_wconf 91' lang='lat' dir='ltr'><strong>suis</strong></span> <span class='ocrx_word' id='word_1_258' title='bbox 509 3217 713 3302; x_wconf 85' lang='lat' dir='ltr'><strong>pertinentiis</strong></span> <span class='ocrx_word' id='word_1_259' title='bbox 733 3214 893 3280; x_wconf 83' lang='lat' dir='ltr'><strong>exitibus¹</strong></span> <span class='ocrx_word' id='word_1_260' title='bbox 919 3214 1100 3280; x_wconf 88' lang='lat' dir='ltr'><strong>redditibus</strong></span> <span class='ocrx_word' id='word_1_261' title='bbox 1119 3216 1204 3281; x_wconf 90' lang='lat' dir='ltr'><strong>areis</strong></span> <span class='ocrx_word' id='word_1_262' title='bbox 1223 3214 1381 3280; x_wconf 88' lang='lat' dir='ltr'><strong>aedificiis</strong></span> <span class='ocrx_word' id='word_1_263' title='bbox 1399 3216 1571 3302; x_wconf 87' lang='lat' dir='ltr'><strong>mancipiis</strong></span> <span class='ocrx_word' id='word_1_264' title='bbox 1591 3216 1759 3302; x_wconf 89' lang='lat' dir='ltr'><strong>utriusque</strong></span> <span class='ocrx_word' id='word_1_265' title='bbox 1779 3216 1899 3279; x_wconf 63' lang='lat' dir='ltr'><strong>senuslt</strong></span> 
     </span>
     <span class='ocr_line' id='line_1_26' title="bbox 202 3320 1899 3410; baseline -0.004 -18"><span class='ocrx_word' id='word_1_266' title='bbox 202 3326 341 3394; x_wconf 78' lang='lat' dir='ltr'><strong>saterris</strong></span> <span class='ocrx_word' id='word_1_267' title='bbox 365 3322 460 3388; x_wconf 89' lang='lat' dir='ltr'><strong>cultis</strong></span> <span class='ocrx_word' id='word_1_268' title='bbox 484 3334 517 3387; x_wconf 89' lang='lat' dir='ltr'><strong>et</strong></span> <span class='ocrx_word' id='word_1_269' title='bbox 539 3321 669 3387; x_wconf 88' lang='lat' dir='ltr'><strong>incultis</strong></span> <span class='ocrx_word' id='word_1_270' title='bbox 692 3322 799 3387; x_wconf 87' lang='lat' dir='ltr'><strong>silvis¹</strong></span> <span class='ocrx_word' id='word_1_271' title='bbox 826 3324 957 3409; x_wconf 90' lang='lat' dir='ltr'><strong>pascuis</strong></span> <span class='ocrx_word' id='word_1_272' title='bbox 980 3324 1082 3409; x_wconf 89' lang='lat' dir='ltr'><strong>pratis</strong></span> <span class='ocrx_word' id='word_1_273' title='bbox 1106 3323 1200 3410; x_wconf 89' lang='lat' dir='ltr'><strong>aquis</strong></span> <span class='ocrx_word' id='word_1_274' title='bbox 1223 3345 1423 3409; x_wconf 87' lang='lat' dir='ltr'><strong>aquarumve</strong></span> <span class='ocrx_word' id='word_1_275' title='bbox 1448 3320 1640 3387; x_wconf 88' lang='lat' dir='ltr'><strong>decursibus</strong></span> <span class='ocrx_word' id='word_1_276' title='bbox 1663 3320 1899 3409; x_wconf 88' lang='lat' dir='ltr'><strong>piscationibus</strong></span> 
     </span>
     <span class='ocr_line' id='line_1_27' title="bbox 247 3427 1898 3516; baseline -0.001 -20"><span class='ocrx_word' id='word_1_277' title='bbox 247 3429 441 3496; x_wconf 88' lang='lat' dir='ltr'><strong>molendinis</strong></span> <span class='ocrx_word' id='word_1_278' title='bbox 465 3442 498 3494; x_wconf 90' lang='lat' dir='ltr'><strong>et</strong></span> <span class='ocrx_word' id='word_1_279' title='bbox 520 3451 593 3495; x_wconf 89' lang='lat' dir='ltr'><strong>cum</strong></span> <span class='ocrx_word' id='word_1_280' title='bbox 614 3427 763 3494; x_wconf 90' lang='lat' dir='ltr'><strong>omnibus</strong></span> <span class='ocrx_word' id='word_1_281' title='bbox 784 3430 851 3493; x_wconf 89' lang='lat' dir='ltr'><strong>suis</strong></span> <span class='ocrx_word' id='word_1_282' title='bbox 867 3427 1059 3493; x_wconf 89' lang='lat' dir='ltr'><strong>utilitatibus</strong></span> <span class='ocrx_word' id='word_1_283' title='bbox 1074 3452 1134 3516; x_wconf 90' lang='lat' dir='ltr'><strong>per</strong></span> <span class='ocrx_word' id='word_1_284' title='bbox 1149 3429 1235 3495; x_wconf 91' lang='lat' dir='ltr'><strong>hanc</strong></span> <span class='ocrx_word' id='word_1_285' title='bbox 1250 3430 1352 3494; x_wconf 89' lang='lat' dir='ltr'><strong>nostri</strong></span> <span class='ocrx_word' id='word_1_286' title='bbox 1368 3428 1545 3516; x_wconf 89' lang='lat' dir='ltr'><strong>imperialis</strong></span> <span class='ocrx_word' id='word_1_287' title='bbox 1560 3431 1729 3516; x_wconf 85' lang='lat' dir='ltr'><strong>praecepti</strong></span> <span class='ocrx_word' id='word_1_288' title='bbox 1744 3431 1898 3516; x_wconf 85' lang='lat' dir='ltr'><strong>paginam</strong></span> 
     </span>
     <span class='ocr_line' id='line_1_28' title="bbox 247 3534 1898 3624; baseline -0.001 -21"><span class='ocrx_word' id='word_1_289' title='bbox 247 3539 434 3603; x_wconf 83' lang='lat' dir='ltr'><strong>curatione</strong></span> <span class='ocrx_word' id='word_1_290' title='bbox 457 3535 624 3617; x_wconf 87' lang='lat' dir='ltr'><strong>tradimus,</strong></span> <span class='ocrx_word' id='word_1_291' title='bbox 655 3548 690 3599; x_wconf 93' lang='lat' dir='ltr'><strong>ut</strong></span> <span class='ocrx_word' id='word_1_292' title='bbox 720 3535 799 3600; x_wconf 91' lang='lat' dir='ltr'><strong>nulli</strong></span> <span class='ocrx_word' id='word_1_293' title='bbox 822 3534 1009 3600; x_wconf 86' lang='lat' dir='ltr'><strong>abbatissae</strong></span> <span class='ocrx_word' id='word_1_294' title='bbox 1039 3536 1184 3623; x_wconf 90' lang='lat' dir='ltr'><strong>nullique</strong></span> <span class='ocrx_word' id='word_1_295' title='bbox 1214 3535 1270 3600; x_wconf 88' lang='lat' dir='ltr'><strong>alii</strong></span> <span class='ocrx_word' id='word_1_296' title='bbox 1299 3538 1423 3624; x_wconf 89' lang='lat' dir='ltr'><strong>potenti</strong></span> <span class='ocrx_word' id='word_1_297' title='bbox 1453 3559 1613 3624; x_wconf 91' lang='lat' dir='ltr'><strong>personae</strong></span> <span class='ocrx_word' id='word_1_298' title='bbox 1637 3535 1735 3601; x_wconf 88' lang='lat' dir='ltr'><strong>liceat</strong></span> <span class='ocrx_word' id='word_1_299' title='bbox 1758 3537 1800 3605; x_wconf 90' lang='lat' dir='ltr'><strong>ad</strong></span> <span class='ocrx_word' id='word_1_300' title='bbox 1823 3560 1898 3602; x_wconf 87' lang='lat' dir='ltr'><strong>suus</strong></span> 
     </span>
     <span class='ocr_line' id='line_1_29' title="bbox 245 3641 1899 3730; baseline 0 -22"><span class='ocrx_word' id='word_1_301' title='bbox 245 3668 362 3710; x_wconf 90' lang='lat' dir='ltr'><strong>manus</strong></span> <span class='ocrx_word' id='word_1_302' title='bbox 385 3655 496 3709; x_wconf 91' lang='lat' dir='ltr'><strong>tenere</strong></span> <span class='ocrx_word' id='word_1_303' title='bbox 521 3653 576 3707; x_wconf 90' lang='lat' dir='ltr'><strong>aut</strong></span> <span class='ocrx_word' id='word_1_304' title='bbox 599 3643 751 3729; x_wconf 91' lang='lat' dir='ltr'><strong>cuiquam</strong></span> <span class='ocrx_word' id='word_1_305' title='bbox 775 3643 810 3706; x_wconf 90' lang='lat' dir='ltr'><strong>in</strong></span> <span class='ocrx_word' id='word_1_306' title='bbox 832 3641 1028 3707; x_wconf 88' lang='lat' dir='ltr'><strong>beneficium</strong></span> <span class='ocrx_word' id='word_1_307' title='bbox 1050 3642 1179 3708; x_wconf 91' lang='lat' dir='ltr'><strong>tradere</strong></span> <span class='ocrx_word' id='word_1_308' title='bbox 1204 3654 1260 3707; x_wconf 90' lang='lat' dir='ltr'><strong>aut</strong></span> <span class='ocrx_word' id='word_1_309' title='bbox 1283 3645 1458 3730; x_wconf 91' lang='lat' dir='ltr'><strong>quicquam</strong></span> <span class='ocrx_word' id='word_1_310' title='bbox 1482 3643 1523 3708; x_wconf 90' lang='lat' dir='ltr'><strong>de</strong></span> <span class='ocrx_word' id='word_1_311' title='bbox 1547 3642 1670 3708; x_wconf 90' lang='lat' dir='ltr'><strong>eisdem</strong></span> <span class='ocrx_word' id='word_1_312' title='bbox 1690 3642 1785 3708; x_wconf 89' lang='lat' dir='ltr'><strong>bonis</strong></span> <span class='ocrx_word' id='word_1_313' title='bbox 1808 3667 1899 3709; x_wconf 88' lang='lat' dir='ltr'><strong>usur·</strong></span> 
     </span>
     <span class='ocr_line' id='line_1_30' title="bbox 246 3748 1900 3838; baseline 0.001 -23"><span class='ocrx_word' id='word_1_314' title='bbox 246 3774 336 3838; x_wconf 87' lang='lat' dir='ltr'><strong>pare,</strong></span> <span class='ocrx_word' id='word_1_315' title='bbox 369 3751 432 3814; x_wconf 91' lang='lat' dir='ltr'><strong>nisi</strong></span> <span class='ocrx_word' id='word_1_316' title='bbox 462 3749 505 3815; x_wconf 92' lang='lat' dir='ltr'><strong>ad</strong></span> <span class='ocrx_word' id='word_1_317' title='bbox 533 3750 700 3836; x_wconf 89' lang='lat' dir='ltr'><strong>proprium</strong></span> <span class='ocrx_word' id='word_1_318' title='bbox 731 3772 826 3814; x_wconf 88' lang='lat' dir='ltr'><strong>usum</strong></span> <span class='ocrx_word' id='word_1_319' title='bbox 848 3748 1040 3814; x_wconf 86' lang='lat' dir='ltr'><strong>ancillarum</strong></span> <span class='ocrx_word' id='word_1_320' title='bbox 1069 3749 1123 3815; x_wconf 90' lang='lat' dir='ltr'><strong>dei</strong></span> <span class='ocrx_word' id='word_1_321' title='bbox 1152 3748 1234 3813; x_wconf 90' lang='lat' dir='ltr'><strong>inibi</strong></span> <span class='ocrx_word' id='word_1_322' title='bbox 1264 3772 1323 3837; x_wconf 91' lang='lat' dir='ltr'><strong>pro</strong></span> <span class='ocrx_word' id='word_1_323' title='bbox 1350 3762 1496 3837; x_wconf 89' lang='lat' dir='ltr'><strong>tempore</strong></span> <span class='ocrx_word' id='word_1_324' title='bbox 1520 3750 1747 3816; x_wconf 86' lang='lat' dir='ltr'><strong>famulantium</strong></span> <span class='ocrx_word' id='word_1_325' title='bbox 1770 3774 1900 3838; x_wconf 87' lang='lat' dir='ltr'><strong>semper</strong></span> 
     </span>
     <span class='ocr_line' id='line_1_31' title="bbox 203 3856 1898 3946; baseline 0 -24"><span class='ocrx_word' id='word_1_326' title='bbox 203 3888 230 3929; x_wconf 81' lang='grc' dir='ltr'><strong>ιο</strong></span> <span class='ocrx_word' id='word_1_327' title='bbox 247 3870 446 3946; x_wconf 86' lang='lat' dir='ltr'><strong>permaneat,</strong></span> <span class='ocrx_word' id='word_1_328' title='bbox 477 3867 616 3943; x_wconf 85' lang='lat' dir='ltr'><strong>excepto</strong></span> <span class='ocrx_word' id='word_1_329' title='bbox 647 3858 674 3919; x_wconf 88' lang='lat' dir='ltr'><strong>si</strong></span> <span class='ocrx_word' id='word_1_330' title='bbox 704 3879 779 3921; x_wconf 90' lang='lat' dir='ltr'><strong>cum</strong></span> <span class='ocrx_word' id='word_1_331' title='bbox 809 3878 969 3921; x_wconf 87' lang='lat' dir='ltr'><strong>consensu</strong></span> <span class='ocrx_word' id='word_1_332' title='bbox 1000 3856 1178 3921; x_wconf 85' lang='lat' dir='ltr'><strong>earundem</strong></span> <span class='ocrx_word' id='word_1_333' title='bbox 1208 3856 1399 3921; x_wconf 88' lang='lat' dir='ltr'><strong>ancillarum</strong></span> <span class='ocrx_word' id='word_1_334' title='bbox 1426 3856 1480 3922; x_wconf 91' lang='lat' dir='ltr'><strong>dei</strong></span> <span class='ocrx_word' id='word_1_335' title='bbox 1502 3857 1617 3922; x_wconf 88' lang='lat' dir='ltr'><strong>melius</strong></span> <span class='ocrx_word' id='word_1_336' title='bbox 1642 3870 1674 3921; x_wconf 88' lang='lat' dir='ltr'><strong>et</strong></span> <span class='ocrx_word' id='word_1_337' title='bbox 1698 3858 1898 3922; x_wconf 88' lang='lat' dir='ltr'><strong>commodius</strong></span> 
     </span>
     <span class='ocr_line' id='line_1_32' title="bbox 247 3960 1899 4052; baseline 0.001 -23"><span class='ocrx_word' id='word_1_338' title='bbox 247 3966 350 4052; x_wconf 88' lang='lat' dir='ltr'><strong>possit</strong></span> <span class='ocrx_word' id='word_1_339' title='bbox 380 3962 594 4045; x_wconf 80' lang='lat' dir='ltr'><strong>concambiri3</strong></span> <span class='ocrx_word' id='word_1_340' title='bbox 624 3963 704 4028; x_wconf 92' lang='lat' dir='ltr'><strong>illud</strong></span> <span class='ocrx_word' id='word_1_341' title='bbox 733 3986 812 4028; x_wconf 87' lang='lat' dir='ltr'><strong>vero</strong></span> <span class='ocrx_word' id='word_1_342' title='bbox 846 3960 1073 4029; x_wconf 90' lang='lat' dir='ltr'><strong>concambium</strong></span> <span class='ocrx_word' id='word_1_343' title='bbox 1102 3962 1250 4028; x_wconf 90' lang='lat' dir='ltr'><strong>similiter</strong></span> <span class='ocrx_word' id='word_1_344' title='bbox 1281 3962 1324 4028; x_wconf 91' lang='lat' dir='ltr'><strong>ad</strong></span> <span class='ocrx_word' id='word_1_345' title='bbox 1354 3986 1466 4028; x_wconf 87' lang='lat' dir='ltr'><strong>earum</strong></span> <span class='ocrx_word' id='word_1_346' title='bbox 1495 3976 1617 4028; x_wconf 79' lang='lat' dir='ltr'><strong>usumm</strong></span> <span class='ocrx_word' id='word_1_347' title='bbox 1647 3964 1899 4030; x_wconf 79' lang='lat' dir='ltr'><strong>tantummodom</strong></span> 
     </span>
     <span class='ocr_line' id='line_1_33' title="bbox 247 4068 1898 4159; baseline 0.001 -23"><span class='ocrx_word' id='word_1_348' title='bbox 247 4074 410 4159; x_wconf 88' lang='lat' dir='ltr'><strong>persistat.</strong></span> <span class='ocrx_word' id='word_1_349' title='bbox 448 4071 493 4136; x_wconf 86' lang='lat' dir='ltr'><strong>Et</strong></span> <span class='ocrx_word' id='word_1_350' title='bbox 515 4083 551 4136; x_wconf 91' lang='lat' dir='ltr'><strong>ut</strong></span> <span class='ocrx_word' id='word_1_351' title='bbox 573 4070 654 4135; x_wconf 88' lang='lat' dir='ltr'><strong>haec</strong></span> <span class='ocrx_word' id='word_1_352' title='bbox 679 4071 862 4135; x_wconf 89' lang='lat' dir='ltr'><strong>donationis</strong></span> <span class='ocrx_word' id='word_1_353' title='bbox 887 4071 1062 4135; x_wconf 88' lang='lat' dir='ltr'><strong>auctoritas</strong></span> <span class='ocrx_word' id='word_1_354' title='bbox 1085 4069 1178 4135; x_wconf 85' lang='lat' dir='ltr'><strong>firma</strong></span> <span class='ocrx_word' id='word_1_355' title='bbox 1202 4068 1392 4157; x_wconf 88' lang='lat' dir='ltr'><strong>stabilisque</strong></span> <span class='ocrx_word' id='word_1_356' title='bbox 1411 4071 1571 4157; x_wconf 88' lang='lat' dir='ltr'><strong>perpetim</strong></span> <span class='ocrx_word' id='word_1_357' title='bbox 1589 4082 1789 4157; x_wconf 89' lang='lat' dir='ltr'><strong>permaneat,</strong></span> <span class='ocrx_word' id='word_1_358' title='bbox 1813 4071 1898 4137; x_wconf 91' lang='lat' dir='ltr'><strong>hanc</strong></span> 
     </span>
     <span class='ocr_line' id='line_1_34' title="bbox 247 4176 1899 4266; baseline 0.001 -23"><span class='ocrx_word' id='word_1_359' title='bbox 247 4180 402 4266; x_wconf 85' lang='lat' dir='ltr'><strong>paginam</strong></span> <span class='ocrx_word' id='word_1_360' title='bbox 421 4177 496 4243; x_wconf 92' lang='lat' dir='ltr'><strong>inde</strong></span> <span class='ocrx_word' id='word_1_361' title='bbox 516 4179 734 4265; x_wconf 88' lang='lat' dir='ltr'><strong>conscriptam</strong></span> <span class='ocrx_word' id='word_1_362' title='bbox 753 4201 851 4242; x_wconf 86' lang='lat' dir='ltr'><strong>manu</strong></span> <span class='ocrx_word' id='word_1_363' title='bbox 867 4178 998 4264; x_wconf 87' lang='lat' dir='ltr'><strong>propria</strong></span> <span class='ocrx_word' id='word_1_364' title='bbox 1016 4176 1236 4242; x_wconf 81' lang='lat' dir='ltr'><strong>firmavimus¹³</strong></span> <span class='ocrx_word' id='word_1_365' title='bbox 1254 4188 1429 4264; x_wconf 89' lang='lat' dir='ltr'><strong>nostroque</strong></span> <span class='ocrx_word' id='word_1_366' title='bbox 1448 4176 1554 4264; x_wconf 83' lang='lat' dir='ltr'><strong>sigillo</strong></span> <span class='ocrx_word' id='word_1_367' title='bbox 1570 4178 1720 4263; x_wconf 83' lang='lat' dir='ltr'><strong>insigniri</strong></span> <span class='ocrx_word' id='word_1_368' title='bbox 1736 4179 1899 4244; x_wconf 90' lang='lat' dir='ltr'><strong>iussimus.</strong></span> 
     </span>
    </p>
   </div>
   <div class='ocr_carea' id='block_1_8' title="bbox 203 4310 1899 4631">
    <p class='ocr_par' dir='ltr' id='par_1_9' title="bbox 203 4310 1899 4631">
     <span class='ocr_line' id='line_1_35' title="bbox 356 4310 1759 4399; baseline -0.001 -22"><span class='ocrx_word' id='word_1_369' title='bbox 356 4312 493 4398; x_wconf 81' lang='lat' dir='ltr'><strong>Signum</strong></span> <span class='ocrx_word' id='word_1_370' title='bbox 517 4310 639 4376; x_wconf 90' lang='lat' dir='ltr'><strong>domini</strong></span> <span class='ocrx_word' id='word_1_371' title='bbox 662 4311 798 4376; x_wconf 88' lang='lat' dir='ltr'><strong>Hemici</strong></span> <span class='ocrx_word' id='word_1_372' title='bbox 821 4311 1027 4375; x_wconf 87' lang='lat' dir='ltr'><strong>invictissimi</strong></span> <span class='ocrx_word' id='word_1_373' title='bbox 1048 4311 1268 4376; x_wconf 85' lang='lat' dir='ltr'><strong>Romanorum</strong></span> <span class='ocrx_word' id='word_1_374' title='bbox 1292 4313 1496 4398; x_wconf 72' lang='lat' dir='ltr'><strong>imperatoris</strong></span> <span class='ocrx_word' id='word_1_375' title='bbox 1519 4314 1660 4399; x_wconf 87' lang='lat' dir='ltr'><strong>augusti.</strong></span> <span class='ocrx_word' id='word_1_376' title='bbox 1695 4315 1759 4398; x_wconf 82' lang='grc' dir='ltr'><strong>(Μ.)</strong></span> 
     </span>
     <span class='ocr_line' id='line_1_36' title="bbox 203 4434 1899 4524; baseline 0.002 -24"><span class='ocrx_word' id='word_1_377' title='bbox 203 4475 231 4517; x_wconf 68' lang='lat'><strong>‚5</strong></span> <span class='ocrx_word' id='word_1_378' title='bbox 356 4435 554 4501; x_wconf 85' lang='lat' dir='ltr'><strong>Gunterius⁰</strong></span> <span class='ocrx_word' id='word_1_379' title='bbox 584 4435 797 4502; x_wconf 88' lang='lat' dir='ltr'><strong>cancellarius</strong></span> <span class='ocrx_word' id='word_1_380' title='bbox 827 4435 871 4501; x_wconf 90' lang='lat' dir='ltr'><strong>ad</strong></span> <span class='ocrx_word' id='word_1_381' title='bbox 899 4437 1007 4501; x_wconf 77' lang='lat' dir='ltr'><strong>vicem</strong></span> <span class='ocrx_word' id='word_1_382' title='bbox 1037 4434 1192 4501; x_wconf 83' lang='lat' dir='ltr'><strong>Aribonis</strong></span> <span class='ocrx_word' id='word_1_383' title='bbox 1222 4436 1426 4524; x_wconf 80' lang='lat' dir='ltr'><strong>llloguntini¹³</strong></span> <span class='ocrx_word' id='word_1_384' title='bbox 1459 4437 1698 4524; x_wconf 89' lang='lat' dir='ltr'><strong>archiepiscopi</strong></span> <span class='ocrx_word' id='word_1_385' title='bbox 1731 4450 1763 4503; x_wconf 92' lang='lat' dir='ltr'><strong>et</strong></span> <span class='ocrx_word' id='word_1_386' title='bbox 1795 4438 1899 4504; x_wconf 88' lang='lat' dir='ltr'><strong>archi·</strong></span> 
     </span>
     <span class='ocr_line' id='line_1_37' title="bbox 249 4543 631 4631; baseline -0.003 -22"><span class='ocrx_word' id='word_1_387' title='bbox 249 4543 409 4631; x_wconf 87' lang='lat' dir='ltr'><strong>capellani</strong></span> <span class='ocrx_word' id='word_1_388' title='bbox 431 4545 631 4630; x_wconf 84' lang='lat' dir='ltr'><strong>recognovit.</strong></span> 
     </span>
    </p>
   </div>
   <div class='ocr_carea' id='block_1_9' title="bbox 249 4668 1899 4950">
    <p class='ocr_par' dir='ltr' id='par_1_10' title="bbox 249 4668 1899 4950">
     <span class='ocr_line' id='line_1_38' title="bbox 355 4668 1899 4758; baseline 0.003 -25"><span class='ocrx_word' id='word_1_389' title='bbox 355 4669 478 4734; x_wconf 88' lang='lat' dir='ltr'><strong>Datum</strong></span> <span class='ocrx_word' id='word_1_390' title='bbox 501 4691 586 4733; x_wconf 91' lang='lat' dir='ltr'><strong>anno</strong></span> <span class='ocrx_word' id='word_1_391' title='bbox 610 4668 793 4734; x_wconf 85' lang='lat' dir='ltr'><strong>dominicae</strong></span> <span class='ocrx_word' id='word_1_392' title='bbox 812 4669 1045 4733; x_wconf 89' lang='lat' dir='ltr'><strong>incarnationis</strong></span> <span class='ocrx_word' id='word_1_393' title='bbox 1064 4668 1234 4735; x_wconf 89' lang='lat' dir='ltr'><strong>millesimo</strong></span> <span class='ocrx_word' id='word_1_394' title='bbox 1253 4670 1413 4756; x_wconf 86' lang='lat' dir='ltr'><strong>vigesimo</strong></span> <span class='ocrx_word' id='word_1_395' title='bbox 1431 4672 1546 4758; x_wconf 90' lang='lat' dir='ltr'><strong>primo,</strong></span> <span class='ocrx_word' id='word_1_396' title='bbox 1571 4669 1748 4736; x_wconf 87' lang='lat' dir='ltr'><strong>indictione</strong></span> <span class='ocrx_word' id='word_1_397' title='bbox 1773 4683 1899 4758; x_wconf 88' lang='lat' dir='ltr'><strong>quarta,</strong></span> 
     </span>
     <span class='ocr_line' id='line_1_39' title="bbox 249 4774 1899 4864; baseline 0.002 -23"><span class='ocrx_word' id='word_1_398' title='bbox 249 4799 334 4841; x_wconf 90' lang='lat' dir='ltr'><strong>anno</strong></span> <span class='ocrx_word' id='word_1_399' title='bbox 357 4798 436 4841; x_wconf 91' lang='lat' dir='ltr'><strong>vero</strong></span> <span class='ocrx_word' id='word_1_400' title='bbox 460 4775 583 4841; x_wconf 88' lang='lat' dir='ltr'><strong>domini</strong></span> <span class='ocrx_word' id='word_1_401' title='bbox 600 4775 737 4841; x_wconf 87' lang='lat' dir='ltr'><strong>Henrici</strong></span> <span class='ocrx_word' id='word_1_402' title='bbox 760 4774 896 4840; x_wconf 90' lang='lat' dir='ltr'><strong>secundi</strong></span> <span class='ocrx_word' id='word_1_403' title='bbox 918 4777 1085 4862; x_wconf 85' lang='lat' dir='ltr'><strong>regnantis</strong></span> <span class='ocrx_word' id='word_1_404' title='bbox 1104 4788 1181 4858; x_wconf 67' lang='lat' dir='ltr'><strong>xx‘l,</strong></span> <span class='ocrx_word' id='word_1_405' title='bbox 1205 4776 1396 4864; x_wconf 86' lang='lat' dir='ltr'><strong>imperantis</strong></span> <span class='ocrx_word' id='word_1_406' title='bbox 1414 4789 1515 4861; x_wconf 76' lang='lat' dir='ltr'><strong>vn1¹3</strong></span> <span class='ocrx_word' id='word_1_407' title='bbox 1540 4789 1648 4843; x_wconf 90' lang='lat' dir='ltr'><strong>aetum</strong></span> <span class='ocrx_word' id='word_1_408' title='bbox 1671 4777 1899 4861; x_wconf 78' lang='lat' dir='ltr'><strong>inWalbichi3</strong></span> 
     </span>
     <span class='ocr_line' id='line_1_40' title="bbox 249 4882 535 4950; baseline 0.003 -3"><span class='ocrx_word' id='word_1_409' title='bbox 249 4882 405 4950; x_wconf 84' lang='lat' dir='ltr'><strong>feliciter·</strong></span> <span class='ocrx_word' id='word_1_410' title='bbox 430 4905 535 4948; x_wconf 88' lang='lat' dir='ltr'><strong>amen.</strong></span> 
     </span>
    </p>
   </div>
   <div class='ocr_carea' id='block_1_10' title="bbox 204 5032 1903 5817">
    <p class='ocr_par' dir='ltr' id='par_1_11' title="bbox 204 5032 1903 5753">
     <span class='ocr_line' id='line_1_41' title="bbox 204 5032 1901 5107; baseline 0.001 -17"><span class='ocrx_word' id='word_1_411' title='bbox 204 5056 232 5096; x_wconf 77' lang='grc' dir='ltr'><strong><em>ω</em></strong></span> <span class='ocrx_word' id='word_1_412' title='bbox 319 5032 385 5091; x_wconf 80' lang='grc'><strong>447.</strong></span> <span class='ocrx_word' id='word_1_413' title='bbox 410 5032 706 5103; x_wconf 84' lang='lat' dir='ltr'><strong>[Bloch-Holtzmann]</strong></span> <span class='ocrx_word' id='word_1_414' title='bbox 750 5037 778 5101; x_wconf 86' lang='lat' dir='ltr'><strong>a)</strong></span> <span class='ocrx_word' id='word_1_415' title='bbox 801 5033 1022 5090; x_wconf 82' lang='lat' dir='ltr'><strong>sanctissimaeC</strong></span> <span class='ocrx_word' id='word_1_416' title='bbox 1098 5034 1127 5103; x_wconf 83' lang='lat' dir='ltr'><strong>b)</strong></span> <span class='ocrx_word' id='word_1_417' title='bbox 1148 5034 1241 5089; x_wconf 79' lang='lat' dir='ltr'><strong>divina</strong></span> <span class='ocrx_word' id='word_1_418' title='bbox 1258 5035 1448 5105; x_wconf 83' lang='lat' dir='ltr'><strong>providentias</strong></span> <span class='ocrx_word' id='word_1_419' title='bbox 1467 5036 1613 5091; x_wconf 87' lang='lat' dir='ltr'><strong>clementia</strong></span> <span class='ocrx_word' id='word_1_420' title='bbox 1624 5038 1661 5105; x_wconf 88' lang='lat' dir='ltr'><strong>B;</strong></span> <span class='ocrx_word' id='word_1_421' title='bbox 1682 5037 1791 5092; x_wconf 83' lang='lat' dir='ltr'><strong>divinae</strong></span> <span class='ocrx_word' id='word_1_422' title='bbox 1808 5038 1901 5107; x_wconf 86' lang='lat' dir='ltr'><strong>provi-</strong></span> 
     </span>
     <span class='ocr_line' id='line_1_42' title="bbox 410 5104 1901 5177; baseline 0.002 -19"><span class='ocrx_word' id='word_1_423' title='bbox 410 5104 519 5159; x_wconf 84' lang='lat' dir='ltr'><strong>dentiae</strong></span> <span class='ocrx_word' id='word_1_424' title='bbox 537 5106 720 5160; x_wconf 65' lang='lat' dir='ltr'><strong>clementia&amp;</strong></span> <span class='ocrx_word' id='word_1_425' title='bbox 770 5108 797 5176; x_wconf 89' lang='lat' dir='ltr'><strong>c)</strong></span> <span class='ocrx_word' id='word_1_426' title='bbox 816 5107 857 5168; x_wconf 90' lang='lat' dir='ltr'><strong>B,·</strong></span> <span class='ocrx_word' id='word_1_427' title='bbox 874 5104 1022 5177; x_wconf 77' lang='lat' dir='ltr'><strong>Ringelem</strong></span> <span class='ocrx_word' id='word_1_428' title='bbox 1039 5122 1109 5162; x_wconf 79' lang='lat' dir='ltr'><strong>corr.</strong></span> <span class='ocrx_word' id='word_1_429' title='bbox 1128 5124 1179 5160; x_wconf 77' lang='lat' dir='ltr'><strong>aua</strong></span> <span class='ocrx_word' id='word_1_430' title='bbox 1196 5105 1409 5176; x_wconf 80' lang='lat' dir='ltr'><strong>Ringelbeian</strong></span> <span class='ocrx_word' id='word_1_431' title='bbox 1460 5107 1489 5174; x_wconf 81' lang='lat' dir='ltr'><strong>d)</strong></span> <span class='ocrx_word' id='word_1_432' title='bbox 1510 5107 1672 5162; x_wconf 62' lang='lat' dir='ltr'><strong>densamus</strong></span> <span class='ocrx_word' id='word_1_433' title='bbox 1684 5111 1718 5175; x_wconf 89' lang='lat' dir='ltr'><strong>B,</strong></span> <span class='ocrx_word' id='word_1_434' title='bbox 1736 5111 1786 5177; x_wconf 72' lang='lat'><em>1291.</em></span> <span class='ocrx_word' id='word_1_435' title='bbox 1799 5111 1833 5165; x_wconf 89' lang='lat' dir='ltr'><strong>D.</strong></span> <span class='ocrx_word' id='word_1_436' title='bbox 1848 5114 1901 5163; x_wconf 82' lang='grc'><strong>448</strong></span> 
     </span>
     <span class='ocr_line' id='line_1_43' title="bbox 410 5177 1901 5248; baseline 0.003 -19"><span class='ocrx_word' id='word_1_437' title='bbox 410 5179 436 5245; x_wconf 90' lang='lat' dir='ltr'><strong>e)</strong></span> <span class='ocrx_word' id='word_1_438' title='bbox 456 5177 616 5241; x_wconf 66' lang='lat' dir='ltr'><strong>sellts&#39;nB</strong></span> <span class='ocrx_word' id='word_1_439' title='bbox 686 5177 1253 5243; x_wconf 53' lang='lat' dir='ltr'><strong>Marcomannicum-nauseis</strong></span> <span class='ocrx_word' id='word_1_440' title='bbox 1328 5182 1357 5248; x_wconf 81' lang='lat' dir='ltr'><strong>g)</strong></span> <span class='ocrx_word' id='word_1_441' title='bbox 1385 5180 1901 5248; x_wconf 56' lang='lat' dir='ltr'><strong>inscamtmmeamm</strong></span> 
     </span>
     <span class='ocr_line' id='line_1_44' title="bbox 409 5247 1902 5319; baseline 0.005 -19"><span class='ocrx_word' id='word_1_442' title='bbox 409 5247 440 5315; x_wconf 91' lang='lat' dir='ltr'><strong>h)</strong></span> <span class='ocrx_word' id='word_1_443' title='bbox 463 5248 591 5302; x_wconf 66' lang='lat' dir='ltr'><strong>dubietur</strong></span> <span class='ocrx_word' id='word_1_444' title='bbox 607 5251 637 5301; x_wconf 78' lang='lat' dir='ltr'><strong>in</strong></span> <span class='ocrx_word' id='word_1_445' title='bbox 655 5249 681 5302; x_wconf 90' lang='lat' dir='ltr'><strong><em>B</em></strong></span> <span class='ocrx_word' id='word_1_446' title='bbox 698 5247 884 5319; x_wconf 74' lang='lat' dir='ltr'><strong>Ringelheim,</strong></span> <span class='ocrx_word' id='word_1_447' title='bbox 910 5251 939 5302; x_wconf 76' lang='lat' dir='ltr'><strong>in</strong></span> <span class='ocrx_word' id='word_1_448' title='bbox 958 5247 1207 5319; x_wconf 69' lang='lat' dir='ltr'><strong>CRingelbeimbs</strong></span> <span class='ocrx_word' id='word_1_449' title='bbox 1231 5250 1354 5317; x_wconf 67' lang='lat' dir='ltr'><strong>offmbar</strong></span> <span class='ocrx_word' id='word_1_450' title='bbox 1377 5268 1437 5303; x_wconf 80' lang='lat' dir='ltr'><strong>scor</strong></span> <span class='ocrx_word' id='word_1_451' title='bbox 1461 5252 1531 5303; x_wconf 74' lang='lat' dir='ltr'><strong>auch</strong></span> <span class='ocrx_word' id='word_1_452' title='bbox 1553 5252 1613 5306; x_wconf 74' lang='lat' dir='ltr'><strong>tter</strong></span> <span class='ocrx_word' id='word_1_453' title='bbox 1638 5255 1675 5304; x_wconf 79' lang='lat' dir='ltr'><strong>im</strong></span> <span class='ocrx_word' id='word_1_454' title='bbox 1695 5252 1823 5319; x_wconf 71' lang='lat' dir='ltr'><strong>Oripinol</strong></span> <span class='ocrx_word' id='word_1_455' title='bbox 1844 5256 1902 5307; x_wconf 72' lang='lat' dir='ltr'><strong>ciac</strong></span> 
     </span>
     <span class='ocr_line' id='line_1_45' title="bbox 410 5320 1902 5392; baseline 0.003 -20"><span class='ocrx_word' id='word_1_456' title='bbox 410 5320 512 5384; x_wconf 73' lang='lat' dir='ltr'><strong>Meloe,</strong></span> <span class='ocrx_word' id='word_1_457' title='bbox 545 5320 587 5373; x_wconf 71' lang='lat' dir='ltr'><strong>dte</strong></span> <span class='ocrx_word' id='word_1_458' title='bbox 611 5320 691 5373; x_wconf 65' lang='lat' dir='ltr'><strong>arbon</strong></span> <span class='ocrx_word' id='word_1_459' title='bbox 716 5324 745 5373; x_wconf 76' lang='lat' dir='ltr'><strong>in</strong></span> <span class='ocrx_word' id='word_1_460' title='bbox 769 5323 843 5374; x_wconf 67' lang='lat' dir='ltr'><strong>obser</strong></span> <span class='ocrx_word' id='word_1_461' title='bbox 866 5322 968 5373; x_wconf 73' lang='lat' dir='ltr'><strong>alteros</strong></span> <span class='ocrx_word' id='word_1_462' title='bbox 990 5321 1131 5387; x_wconf 69' lang='lat' dir='ltr'><strong>Abeehrs&#39;fl</strong></span> <span class='ocrx_word' id='word_1_463' title='bbox 1154 5322 1241 5374; x_wconf 67' lang='lat' dir='ltr'><strong>duret</strong></span> <span class='ocrx_word' id='word_1_464' title='bbox 1264 5322 1314 5377; x_wconf 68' lang='lat' dir='ltr'><strong>dar</strong></span> <span class='ocrx_word' id='word_1_465' title='bbox 1339 5322 1498 5375; x_wconf 60' lang='lat' dir='ltr'><strong>Ortum</strong></span> <span class='ocrx_word' id='word_1_466' title='bbox 1525 5324 1646 5376; x_wconf 60' lang='lat' dir='ltr'><strong>wlstan</strong></span> <span class='ocrx_word' id='word_1_467' title='bbox 1669 5324 1816 5392; x_wconf 62' lang='lat' dir='ltr'><strong>oumfallt</strong></span> <span class='ocrx_word' id='word_1_468' title='bbox 1842 5342 1902 5377; x_wconf 75' lang='lat' dir='ltr'><strong>wer</strong></span> 
     </span>
     <span class='ocr_line' id='line_1_46' title="bbox 411 5389 1901 5462; baseline 0.005 -19"><span class='ocrx_word' id='word_1_469' title='bbox 411 5390 431 5455; x_wconf 76' lang='grc' dir='ltr'><strong>ι)</strong></span> <span class='ocrx_word' id='word_1_470' title='bbox 457 5389 577 5444; x_wconf 80' lang='lat' dir='ltr'><strong>aditibus</strong></span> <span class='ocrx_word' id='word_1_471' title='bbox 593 5392 643 5445; x_wconf 82' lang='lat' dir='ltr'><strong>Bc</strong></span> <span class='ocrx_word' id='word_1_472' title='bbox 729 5391 758 5460; x_wconf 77' lang='lat' dir='ltr'><strong>lt)</strong></span> <span class='ocrx_word' id='word_1_473' title='bbox 782 5392 910 5445; x_wconf 67' lang='lat' dir='ltr'><strong>datam</strong></span> <span class='ocrx_word' id='word_1_474' title='bbox 927 5394 958 5444; x_wconf 78' lang='grc' dir='ltr'><strong>ιἰι</strong></span> <span class='ocrx_word' id='word_1_475' title='bbox 977 5392 1000 5445; x_wconf 82' lang='lat' dir='ltr'><em>G</em></span> <span class='ocrx_word' id='word_1_476' title='bbox 1022 5392 1139 5445; x_wconf 88' lang='lat' dir='ltr'><strong>servitiis</strong></span> <span class='ocrx_word' id='word_1_477' title='bbox 1156 5394 1221 5446; x_wconf 66' lang='lat' dir='ltr'><strong>aber</strong></span> <span class='ocrx_word' id='word_1_478' title='bbox 1237 5395 1287 5447; x_wconf 72' lang='lat' dir='ltr'><strong>der</strong></span> <span class='ocrx_word' id='word_1_479' title='bbox 1303 5395 1377 5446; x_wconf 76' lang='lat' dir='ltr'><strong>Zeila</strong></span> <span class='ocrx_word' id='word_1_480' title='bbox 1394 5393 1605 5462; x_wconf 64' lang='lat' dir='ltr'><strong>oocbpetroqm</strong></span> <span class='ocrx_word' id='word_1_481' title='bbox 1629 5396 1698 5449; x_wconf 75' lang='lat' dir='ltr'><strong>dieas</strong></span> <span class='ocrx_word' id='word_1_482' title='bbox 1715 5398 1793 5448; x_wconf 66' lang='lat' dir='ltr'><strong>sorde</strong></span> <span class='ocrx_word' id='word_1_483' title='bbox 1810 5397 1854 5449; x_wconf 73' lang='lat' dir='ltr'><strong>ute</strong></span> <span class='ocrx_word' id='word_1_484' title='bbox 1871 5400 1901 5450; x_wconf 73' lang='lat' dir='ltr'><strong>in</strong></span> 
     </span>
     <span class='ocr_line' id='line_1_47' title="bbox 409 5463 1902 5535; baseline 0.005 -21"><span class='ocrx_word' id='word_1_485' title='bbox 409 5463 458 5514; x_wconf 76' lang='lat' dir='ltr'><strong>ur</strong></span> <span class='ocrx_word' id='word_1_486' title='bbox 475 5463 615 5529; x_wconf 57' lang='lat' dir='ltr'><strong>fuam</strong></span> <span class='ocrx_word' id='word_1_487' title='bbox 633 5464 700 5516; x_wconf 60' lang='lat' dir='ltr'><strong>nu«</strong></span> <span class='ocrx_word' id='word_1_488' title='bbox 717 5464 851 5517; x_wconf 62' lang='lat' dir='ltr'><strong>maana</strong></span> <span class='ocrx_word' id='word_1_489' title='bbox 869 5464 1067 5531; x_wconf 59' lang='lat' dir='ltr'><strong>niumm</strong></span> <span class='ocrx_word' id='word_1_490' title='bbox 1083 5466 1148 5517; x_wconf 69' lang='lat' dir='ltr'><strong>ena</strong></span> <span class='ocrx_word' id='word_1_491' title='bbox 1167 5464 1288 5530; x_wconf 55' lang='lat' dir='ltr'><strong>offerar</strong></span> <span class='ocrx_word' id='word_1_492' title='bbox 1304 5466 1457 5530; x_wconf 61' lang='lat' dir='ltr'><strong>fuxum</strong></span> <span class='ocrx_word' id='word_1_493' title='bbox 1474 5466 1710 5535; x_wconf 60' lang='lat' dir='ltr'><strong>ramnum,</strong></span> <span class='ocrx_word' id='word_1_494' title='bbox 1732 5467 1782 5534; x_wconf 63' lang='grc' dir='ltr'><strong>ιρι.</strong></span> <span class='ocrx_word' id='word_1_495' title='bbox 1799 5468 1834 5523; x_wconf 86' lang='lat' dir='ltr'><strong>o.</strong></span> <span class='ocrx_word' id='word_1_496' title='bbox 1848 5472 1902 5522; x_wconf 77' lang='lat' dir='ltr'><strong>us</strong></span> 
     </span>
     <span class='ocr_line' id='line_1_48' title="bbox 411 5532 1902 5606; baseline 0.005 -20"><span class='ocrx_word' id='word_1_497' title='bbox 411 5533 432 5599; x_wconf 93' lang='lat' dir='ltr'><strong>l)</strong></span> <span class='ocrx_word' id='word_1_498' title='bbox 452 5532 535 5601; x_wconf 85' lang='lat' dir='ltr'><strong>sylvis</strong></span> <span class='ocrx_word' id='word_1_499' title='bbox 547 5534 611 5595; x_wconf 82' lang='lat' dir='ltr'><strong>BC:</strong></span> <span class='ocrx_word' id='word_1_500' title='bbox 627 5535 756 5588; x_wconf 64' lang='grc' dir='ltr'><strong>Μίκων</strong></span> <span class='ocrx_word' id='word_1_501' title='bbox 773 5538 803 5587; x_wconf 75' lang='lat' dir='ltr'><strong>s&#39;a</strong></span> <span class='ocrx_word' id='word_1_502' title='bbox 823 5537 846 5589; x_wconf 84' lang='lat' dir='ltr'><em>C</em></span> <span class='ocrx_word' id='word_1_503' title='bbox 861 5535 1053 5588; x_wconf 79' lang='lat' dir='ltr'><strong>venationibus</strong></span> <span class='ocrx_word' id='word_1_504' title='bbox 1070 5536 1137 5588; x_wconf 77' lang='lat' dir='ltr'><strong>ttbsr</strong></span> <span class='ocrx_word' id='word_1_505' title='bbox 1153 5537 1202 5589; x_wconf 81' lang='lat' dir='ltr'><strong>der</strong></span> <span class='ocrx_word' id='word_1_506' title='bbox 1218 5537 1290 5589; x_wconf 70' lang='lat' dir='ltr'><strong>Zoilo</strong></span> <span class='ocrx_word' id='word_1_507' title='bbox 1307 5538 1501 5604; x_wconf 60' lang='lat' dir='ltr'><strong>maumam</strong></span> <span class='ocrx_word' id='word_1_508' title='bbox 1554 5542 1593 5606; x_wconf 89' lang='lat' dir='ltr'><strong>m)</strong></span> <span class='ocrx_word' id='word_1_509' title='bbox 1612 5537 1803 5592; x_wconf 87' lang='lat' dir='ltr'><strong>tantummodo</strong></span> <span class='ocrx_word' id='word_1_510' title='bbox 1821 5556 1902 5594; x_wconf 86' lang='lat' dir='ltr'><strong>usum</strong></span> 
     </span>
     <span class='ocr_line' id='line_1_49' title="bbox 411 5604 1903 5675; baseline 0.005 -18"><span class='ocrx_word' id='word_1_511' title='bbox 411 5606 439 5671; x_wconf 86' lang='lat' dir='ltr'><strong>C,</strong></span> <span class='ocrx_word' id='word_1_512' title='bbox 459 5606 510 5671; x_wconf 70' lang='lat' dir='ltr'><strong>syl.</strong></span> <span class='ocrx_word' id='word_1_513' title='bbox 526 5607 561 5660; x_wconf 90' lang='lat' dir='ltr'><strong>D.</strong></span> <span class='ocrx_word' id='word_1_514' title='bbox 575 5609 628 5659; x_wconf 81' lang='grc'><strong>448</strong></span> <span class='ocrx_word' id='word_1_515' title='bbox 702 5610 731 5671; x_wconf 91' lang='grc' dir='ltr'><strong>ιι)</strong></span> <span class='ocrx_word' id='word_1_516' title='bbox 753 5604 894 5660; x_wconf 85' lang='lat' dir='ltr'><strong>firmamus</strong></span> <span class='ocrx_word' id='word_1_517' title='bbox 912 5607 951 5673; x_wconf 83' lang='lat' dir='ltr'><strong>B,·</strong></span> <span class='ocrx_word' id='word_1_518' title='bbox 968 5604 1138 5660; x_wconf 85' lang='lat' dir='ltr'><strong>firmavimus</strong></span> <span class='ocrx_word' id='word_1_519' title='bbox 1155 5623 1225 5662; x_wconf 82' lang='lat' dir='ltr'><strong>corr.</strong></span> <span class='ocrx_word' id='word_1_520' title='bbox 1244 5610 1274 5660; x_wconf 73' lang='lat' dir='ltr'><strong>tn</strong></span> <span class='ocrx_word' id='word_1_521' title='bbox 1293 5606 1470 5661; x_wconf 70' lang='lat' dir='ltr'><strong>firmamuw</strong></span> <span class='ocrx_word' id='word_1_522' title='bbox 1551 5612 1578 5675; x_wconf 90' lang='lat' dir='ltr'><strong>o)</strong></span> <span class='ocrx_word' id='word_1_523' title='bbox 1598 5606 1749 5664; x_wconf 84' lang='lat' dir='ltr'><strong>Gunterlus</strong></span> <span class='ocrx_word' id='word_1_524' title='bbox 1761 5611 1799 5675; x_wconf 71' lang='lat'><strong>133</strong></span> <span class='ocrx_word' id='word_1_525' title='bbox 1825 5610 1903 5665; x_wconf 79' lang='lat' dir='ltr'><strong>Gun-</strong></span> 
     </span>
     <span class='ocr_line' id='line_1_50' title="bbox 409 5675 1903 5753; baseline 0.007 -25"><span class='ocrx_word' id='word_1_526' title='bbox 409 5675 494 5729; x_wconf 82' lang='lat' dir='ltr'><strong>terlus</strong></span> <span class='ocrx_word' id='word_1_527' title='bbox 510 5692 579 5730; x_wconf 68' lang='lat' dir='ltr'><strong>coma</strong></span> <span class='ocrx_word' id='word_1_528' title='bbox 598 5694 650 5731; x_wconf 79' lang='lat' dir='ltr'><strong>aus</strong></span> <span class='ocrx_word' id='word_1_529' title='bbox 668 5676 842 5732; x_wconf 80' lang='lat' dir='ltr'><strong>GuntemsC</strong></span> <span class='ocrx_word' id='word_1_530' title='bbox 910 5680 940 5748; x_wconf 87' lang='lat' dir='ltr'><strong>p)</strong></span> <span class='ocrx_word' id='word_1_531' title='bbox 966 5676 1129 5747; x_wconf 69' lang='lat' dir='ltr'><strong>Mogontise</strong></span> <span class='ocrx_word' id='word_1_532' title='bbox 1141 5679 1177 5743; x_wconf 85' lang='lat' dir='ltr'><strong>B;</strong></span> <span class='ocrx_word' id='word_1_533' title='bbox 1197 5676 1362 5748; x_wconf 69' lang='lat' dir='ltr'><strong>mogunciae</strong></span> <span class='ocrx_word' id='word_1_534' title='bbox 1379 5695 1449 5735; x_wconf 83' lang='lat' dir='ltr'><strong>corr.</strong></span> <span class='ocrx_word' id='word_1_535' title='bbox 1468 5696 1520 5732; x_wconf 73' lang='lat' dir='ltr'><strong>aaa</strong></span> <span class='ocrx_word' id='word_1_536' title='bbox 1537 5678 1736 5751; x_wconf 70' lang='lat' dir='ltr'><strong>Mogontiaec</strong></span> <span class='ocrx_word' id='word_1_537' title='bbox 1813 5688 1841 5753; x_wconf 89' lang='lat' dir='ltr'><strong>q)</strong></span> <span class='ocrx_word' id='word_1_538' title='bbox 1867 5686 1903 5751; x_wconf 80' lang='lat'><strong>0,-</strong></span> 
     </span>
    </p>

    <p class='ocr_par' dir='ltr' id='par_1_12' title="bbox 206 5747 1174 5817">
     <span class='ocr_line' id='line_1_51' title="bbox 206 5747 1174 5817; baseline 0.006 -18"><span class='ocrx_word' id='word_1_539' title='bbox 206 5769 234 5808; x_wconf 74' lang='grc' dir='ltr'><strong>ιο</strong></span> <span class='ocrx_word' id='word_1_540' title='bbox 409 5747 539 5801; x_wconf 82' lang='lat' dir='ltr'><strong>vicesimo</strong></span> <span class='ocrx_word' id='word_1_541' title='bbox 552 5750 577 5802; x_wconf 84' lang='lat' dir='ltr'><em>B</em></span> <span class='ocrx_word' id='word_1_542' title='bbox 648 5754 672 5815; x_wconf 88' lang='lat' dir='ltr'><strong>r)</strong></span> <span class='ocrx_word' id='word_1_543' title='bbox 694 5750 728 5811; x_wconf 80' lang='grc'><strong>0,·</strong></span> <span class='ocrx_word' id='word_1_544' title='bbox 746 5758 843 5803; x_wconf 83' lang='lat' dir='ltr'><strong>octavo</strong></span> <span class='ocrx_word' id='word_1_545' title='bbox 856 5750 882 5803; x_wconf 90' lang='lat' dir='ltr'><strong><em>B</em></strong></span> <span class='ocrx_word' id='word_1_546' title='bbox 953 5750 976 5817; x_wconf 84' lang='lat' dir='ltr'><strong>s)</strong></span> <span class='ocrx_word' id='word_1_547' title='bbox 995 5748 1130 5803; x_wconf 82' lang='lat' dir='ltr'><strong>foeliciter</strong></span> <span class='ocrx_word' id='word_1_548' title='bbox 1142 5750 1174 5805; x_wconf 90' lang='lat' dir='ltr'><strong>B.</strong></span> 
     </span>
    </p>
   </div>
   <div class='ocr_carea' id='block_1_11' title="bbox 319 5868 1670 5918">
    <p class='ocr_par' dir='ltr' id='par_1_13' title="bbox 319 5868 1670 5918">
     <span class='ocr_line' id='line_1_52' title="bbox 319 5868 1670 5918; baseline 0.001 -2"><span class='ocrx_word' id='word_1_549' title='bbox 319 5872 520 5916; x_wconf 57' lang='lat' dir='ltr'><strong>annominasset</strong></span> <span class='ocrx_word' id='word_1_550' title='bbox 534 5875 579 5917; x_wconf 87' lang='lat'>111.</span> <span class='ocrx_word' id='word_1_551' title='bbox 1636 5868 1670 5918; x_wconf 79' lang='lat' dir='ltr'><strong>ta</strong></span> 
     </span>
    </p>
   </div>
   <div class='ocr_carea' id='block_1_12' title="bbox 0 0 2429 6484">
    <p class='ocr_par' dir='ltr' id='par_1_14' title="bbox 0 0 2429 6484">
     <span class='ocr_line' id='line_1_53' title="bbox 0 0 2429 6484; baseline 0 0"><span class='ocrx_word' id='word_1_552' title='bbox 0 0 2429 6484; x_wconf 95' lang='lat' dir='ltr'><strong> </strong></span> 
     </span>
    </p>
   </div>
  </div>
 </body>
</html>
