4760 6512
837 450 1075 507 HEINRICH
1097 451 1135 506 H.
1175 451 1270 509 1014.
1813 445 1877 509 345

224 638 373 710 publicusk
389 658 406 689 a
427 643 559 708 quislibet
579 663 612 696 ex
638 643 782 695 iudicialis
807 650 945 711 potestate
970 646 999 694 in
1026 642 1111 695 cellas
1137 651 1165 695 et
1189 642 1270 695 villas
1298 651 1346 695 aut
1373 660 1455 710 agros
1482 661 1533 695 seu
1562 638 1640 695 local
1668 646 1728 696 aive
1756 644 1878 710 reliquus

224 752 415 815 possessiones
434 767 517 816 supra
535 753 633 817 scripti
652 752 761 801 cenobii
780 753 868 801 sancti
886 751 1038 811 Benedicti,
1058 766 1126 813 quas
1145 751 1275 801 moderno
1295 755 1447 816 temporem
1465 752 1493 800 in
1513 752 1731 815 quibuscumque
1751 753 1830 816 pagis
1850 757 1878 801 et

224 857 366 906 territoriis
393 857 464 907 infra
489 858 575 907 nostri
599 859 677 921 regni
703 857 811 907 dicione
839 858 911 906 iuste
938 864 965 906 et
992 854 1118 921 legaliter
1143 858 1267 922 possidet
1291 856 1336 906 vel
1363 858 1494 921 quicquid
1521 858 1609 907 eciam
1634 858 1764 922 deinceps
1784 858 1878 908 diviua

225 964 313 1026 pietas
331 964 384 1028 ipsi
404 959 516 1013 saneto
540 960 602 1014 loco
627 962 787 1012 voluerint¹1
812 978 922 1028 augere,
949 963 984 1013 ad
1010 978 1108 1012 causas
1134 963 1284 1013 audiendas
1308 962 1352 1013 vel
1378 963 1448 1013 fredi
1474 968 1523 1013 ant
1548 964 1651 1013 tributa
1677 965 1805 1028 exigendi
1832 963 1877 1014 vel

192 1070 378 1119 omausioues
398 1075 446 1118 aut
465 1076 575 1135 paratas
593 1070 733 1119 faciendas
752 1067 795 1119 vel
815 1067 990 1119 fideiussores
1008 1067 1146 1119 tollendos
1171 1074 1220 1118 aut
1245 1069 1369 1119 homines
1395 1070 1482 1134 ipsius
1508 1071 1668 1120 monasterii
1694 1075 1750 1120 tam
1773 1068 1876 1121 liberos

224 1189 305 1237 quam
330 1190 424 1225 servos
449 1191 499 1225 seu
525 1174 675 1225 cartulatos
701 1174 744 1226 vel
772 1175 883 1225 offertos
911 1182 937 1224 et
963 1176 1011 1239 qui
1035 1190 1119 1240 super
1144 1180 1244 1225 terram
1269 1175 1358 1240 ipsius
1384 1176 1543 1225 monasterii
1571 1177 1692 1227 resident
1717 1175 1876 1228 nullatenus

224 1280 425 1347 distringendos
444 1297 494 1331 uec
514 1279 585 1331 ullus
604 1282 788 1331 redibiciones
808 1286 856 1330 aut
874 1278 1007 1331 illicitas⁰
1027 1281 1188 1330 occasiones
1207 1281 1387 1346 requirendas
1412 1282 1513 1331 nostris
1532 1282 1686 1347 futurisque
1705 1284 1876 1348 temporibus

224 1387 330 1452 ingredi
348 1388 450 1437 audeat
467 1403 518 1437 nec
538 1402 571 1437 ea
590 1403 643 1451 que
662 1388 788 1452 superius
813 1393 962 1437 memorata
988 1392 1052 1436 suut
1077 1388 1187 1452 penitus
1214 1387 1324 1452 erigere
1350 1393 1496 1452 presumat.
1534 1387 1589 1438 Sed
1615 1386 1698 1438 liccat
1723 1396 1877 1454 presentem

223 1478 405 1543 Atinulfum
423 1492 607 1543 venerabilem
626 1494 754 1543 abbatem
774 1494 907 1557 eiusquei'
925 1508 1099 1544 successores
1119 1508 1175 1542 una
1194 1508 1256 1543 cum
1275 1495 1493 1560 congregacione
1511 1494 1614 1544 ibidem
1630 1495 1682 1545 deo
1700 1493 1876 1547 famulantem

180 1611 206 1651 ιο
223 1600 275 1649 sub
300 1606 391 1669 nostre
423 1600 564 1650 munitatis
597 1599 786 1649 defensionis‘l
819 1600 934 1663 quietor
962 1600 1057 1649 ordine
1082 1600 1177 1648 virere
1203 1606 1255 1649 ιιοι
1283 1600 1403 1650 residere
1430 1608 1458 1649 et
1483 1601 1565 1649 deum
1591 1617 1640 1665 pro
1666 1608 1761 1652 nostra
1786 1603 1877 1653 anima

223 1703 387 1771 supplicare,
407 1712 435 1755 et
453 1705 585 1770 quicquid
602 1704 684 1755 fiscus
704 1721 737 1755 ex
756 1706 816 1755 iure
834 1706 890 1755 iam
908 1704 1045 1770 prefatil
1067 1706 1225 1755 monasterii
1244 1722 1307 1772 pars
1324 1704 1437 1771 publica
1454 1722 1564 1772 sperare
1582 1712 1700 1772 poterat,
1719 1724 1769 1773 pro
1786 1710 1876 1759 anime

224 1818 314 1881 nostre
340 1812 465 1862 mercede
488 1823 505 1854 t
534 1810 713 1862 luminaribus
740 1812 792 1877 ipsi
821 1798 1025 1861 sanctissimo
1051 1813 1217 1862 monasterio
1244 1818 1339 1863 nostra
1363 1817 1473 1863 maneat
1498 1814 1665 1863 auctoritate
1686 1819 1875 1864 concessumu.

224 1919 281 1968 Nec
300 1933 355 1968 non
374 1920 461 1968 eciam
480 1934 497 1967 a
515 1918 594 1967 nobis
614 1918 702 1968 adiitv
721 1924 804 1982 atque
828 1917 981 1968 confirmari
1000 1915 1113 1983 placuit,
1140 1924 1171 1967 ut
1197 1934 1230 1968 ex
1257 1919 1382 1969 omnibus
1409 1920 1491 1969 rebus
1517 1918 1562 1969 vel
1588 1920 1731 1984 mancipiis
1757 1936 1790 1970 ex
1815 1921 1876 1986 ipso

224 2020 364 2074 sancto*
381 2025 546 2074 monasterio
565 2025 765 2089 pertinentibus
783 2022 926 2075 cartulatis
943 2022 987 2074 vel
1008 2024 1121 2085 offertis,
1141 2022 1242 2075 liberos
1261 2030 1346 2089 atque
1364 2041 1467 2085 servos,
1488 2026 1535 2074 ubi
1556 2041 1619 2091 pars
1638 2026 1725 2091 ipsius
1745 2013 1877 2076 sanctl”

179 2142 205 2181 ιδ
224 2132 401 2181 monasterii¹
419 2144 436 2175 a
457 2131 544 2179 cicius
562 2128 654 2180 valeat
672 2146 750 2181 suam
769 2131 926 2180 iusticiamr
946 2132 1086 2194 consequi,
1111 2132 1169 2180 ita¹
1187 2144 1204 2176 a
1224 2138 1287 2196 post
1306 2132 1380 2182 iacta
1398 2133 1580 2196 inquisicione
1601 2148 1666 2191 rem,
1692 2138 1794 2197 quem⁸
1821 2131 1875 2182 cla-

223 2239 356 2287 maverint
374 2253 424 2302 per
442 2236 581 2302 predictos
598 2252 711 2287 veraces
727 2236 850 2287 homiues
869 2237 922 2286 iam
941 2236 1085 2302 predicto
1106 2238 1243 2302 pertinere
1269 2233 1408 2287 sancio*
1433 2240 1607 2298 monasterie,
1634 2236 1718 2290 liceat
1736 2240 1877 2289 monacbis

224 2339 363 2407 quietemb
383 2343 534 2409 possidere,
551 2356 568 2387 s
596 2350 626 2392 ut
651 2341 775 2393 nulliusa
801 2351 844 2392 ex
866 2328 945 2414 ipsis
970 2326 1010 2391 de
1035 2328 1182 2413 predicto
1209 2345 1394 2394 monasterio
1421 2345 1478 2393 im⁸
1504 2343 1613 2410 palacio
1640 2360 1875 2409 quorumcumque

223 2449 316 2501 taliter
334 2451 497 2515 respondere
517 2447 573 2499 aut
596 2434 657 2499 dea
676 2455 876 2499 sacramentum
895 2446 1124 2514 compellantur0.
1156 2449 1185 2499 Si
1204 2465 1270 2500 vero
1291 2450 1430 2501 deservis
1449 2458 1497 2500 aut
1516 2448 1625 2501 aucillis
1644 2450 1688 2501 vel
1709 2453 1743 2501 de
1762 2452 1874 2516 quibus-

224 2555 292 2607 libet
307 2558 389 2607 rebus
406 2563 467 2606 orta
484 2558 629 2607 contencio
647 2556 737 2616 suerit,
755 2553 838 2605 liceat
854 2556 994 2605 monacbis
1011 2549 1155 2605 eiusdem(l
1173 2542 1304 2605 sanctii
1320 2558 1479 2607 monasterii
1495 2557 1570 2622 ipsos
1588 2559 1715 2617 retinere,
1732 2573 1876 2622 quousque

178 2675 205 2713 20
224 2665 252 2714 iu
271 2671 364 2714 nostra
382 2680 432 2713 seu
451 2663 484 2713 de
505 2663 622 2713 eundem
642 2662 885 2726 predecessorum⁶
905 2667 1061 2712 nostrorum
1080 2663 1223 2726 presencia
1242 2663 1336 2712 veniat
1362 2668 1390 2712 et
1414 2664 1516 2713 ibidem
1542 2679 1634 2713 coram
1659 2665 1739 2714 uobis
1758 2660 1875 2730 positis‘

224 2769 417 2820 deliberentur.
455 2771 650 2833 Quicumque&
667 2782 684 2813 a
704 2763 794 2819 hauch
813 2774 933 2818 nostram
958 2766 1129 2833 imperialem
1154 2769 1360 2818 institucionem
1386 2770 1426 2818 ire
1452 2770 1654 2834 temptaverit
1679 2775 1728 2819 aut
1753 2786 1794 2829 ea,
1821 2786 1874 2841 que

224 2892 306 2942 supra
324 2883 473 2926 memorata
491 2870 734 2942 incomprehenaa¹
755 2882 827 2934 suut,
847 2875 956 2924 minime
977 2875 1131 2933 observare,
1151 2875 1219 2938 quin
1237 2874 1352 2924 sonasse
1372 2872 1477 2924 violare
1497 2882 1545 2924 aut
1564 2875 1740 2940 dirumpere
1759 2882 1874 2941 tempta·

224 2984 302 3042 verit,
328 2984 398 3032 sciat
422 2999 452 3032 se
478 2998 550 3047 pena
569 2980 782 3048 persolviturum
802 2982 862 3030 auri
886 2981 982 3045 optimi
1006 2977 1089 3030 libras
1113 2965 1212 3048 mille,
1236 2965 1445 3031 medietatem
1468 2988 1597 3031 camere
1621 2977 1730 3056 110⁸qu
1754 2977 1787 3031 el
1808 2990 1875 3032 me·

226 3075 378 3138 dietatem
402 3074 512 3138 domni
530 3073 667 3138 Atinulfi
690 3071 871 3137 venerabili
893 3086 1001 3135 abbati
1025 3071 1178 3157 suisque¹¹
1196 3070 1441 3136 successoribus
1461 3092 1489 3135 et
1507 3087 1642 3137 munitate
1660 3072 1715 3136 vel
1736 3072 1875 3161 ecclesie

179 3205 206 3243 25
225 3182 329 3245 sancti
346 3180 528 3265 Benedicti.
565 3195 736 3259 Pracipimus
755 3194 850 3252 eciam,
870 3194 1036 3257 ubicumque
1057 3198 1179 3257 repertus
1198 3191 1282 3242 fuerit
1301 3208 1334 3243 ex
1353 3193 1436 3243 rebus
1454 3194 1541 3258 ipsius
1563 3178 1695 3242 sancti*
1717 3196 1876 3244 monasterii

224 3301 268 3352 vel
288 3300 366 3353 cellis
385 3300 497 3351 illicitas
515 3308 598 3365 atque
618 3301 781 3365 dampnosas
797 3316 847 3349 seu
863 3297 975 3350 inutiles
989 3292 1228 3363 conscripcioues¹
1243 3298 1287 3348 vel
1302 3300 1543 3359 commutaciones,
1563 3306 1733 3349 evacuentur
1746 3300 1821 3350 etad
1833 3301 1877 3350 ius

225 3407 296 3459 velm
315 3414 479 3474 potestatem
498 3393 602 3456 sancti
621 3391 792 3456 Benedicti
811 3406 1031 3455 restituentur.
1061 3405 1099 3454 Ut
1115 3410 1207 3454 autem
1223 3404 1275 3474 hec
1292 3411 1386 3456 nostra
1399 3404 1547 3471 imperialis
1560 3407 1706 3471 precepcio
1719 3421 1768 3471 per
1783 3406 1877 3457 futura

224 3521 367 3581 temporan
377 3515 520 3565 firmiorem
534 3514 657 3563 obtineat
670 3514 801 3577 vigorem,
814 3517 929 3562 ιιιιιιιιιιι0
940 3516 1067 3562 nostras⁰
1078 3511 1172 3561 subter
1185 3510 1351 3561 firmavimus
1365 3518 1392 3562 et
1405 3509 1489 3562 anulo
1502 3518 1596 3561 nostro
1609 3509 1725 3577 sigillari
1737 3513 1876 3563 iussimus.

333 3625 469 3710 Signum
492 3622 602 3686 domni
625 3622 773 3686 Heinrici
797 3630 861 3699 (Μ.)
885 3622 1084 3685 serenissimi
1107 3632 1140 3685 et
1162 3621 1369 3685 invictissimi
1392 3622 1597 3707 imperatoris
1621 3622 1761 3707 augusti.

180 3780 208 3819 ω
331 3748 507 3812 Heinricus
532 3745 745 3811 cancellarius
768 3747 841 3808 vice
865 3745 1028 3809 Euerardi
1051 3746 1197 3832 episcopi
1221 3756 1252 3808 et
1276 3744 1576 3809 archicancellariip
1599 3746 1793 3830 recognovi.-

332 3871 455 3936 Datum
485 3893 570 3933 anno
601 3869 764 3933 dominice
794 3869 1034 3933 incarnacionis
1064 3868 1235 3932 millesimo
1258 3883 1353 3950 XIIII,
1383 3868 1651 3951 indictionem,
1682 3891 1767 3934 anno
1797 3892 1876 3934 vero

227 3979 337 4043 domni
358 3977 507 4041 Heinrici
537 3977 740 4061 imperatoris
771 3978 901 4061 augusti
929 3976 1096 4061 regnantis
1127 3975 1330 4057 duodecimo,
1361 3975 1490 4061 imperii
1520 3976 1590 4038 eius
1619 3976 1738 4061 primo3
1769 3985 1878 4039 actum

226 4086 343 4168 Rome3
371 4083 511 4147 feliciter
533 4092 656 4146 amen.q

297 4243 361 4300 282.
386 4243 415 4310 lr)
436 4241 546 4311 publice
566 4243 603 4301 Β,·
625 4242 676 4292 das
694 4243 723 4292 in
741 4241 789 4292 der
805 4240 865 4294 VU.
888 4241 1008 4305 solymis
1025 4256 1076 4292 nec
1094 4240 1162 4303 fehlt
1179 4241 1248 4292 autb
1266 4243 1297 4291 in
1314 4241 1362 4292 der
1382 4241 1442 4295 NU.
1506 4240 1527 4309 1)
1547 4239 1611 4292 locu
1631 4240 1655 4291 Β
1717 4242 1756 4305 ιιι)
1777 4240 1833 4294 VU.
1845 4264 1877 4284 =

387 4316 415 4366 N
421 4315 466 4373 U.-
484 4312 542 4380 ipse
562 4312 587 4364 Β
657 4314 686 4377 n)
703 4311 728 4363 Β
742 4335 773 4354 =
787 4311 845 4364 VU.
926 4316 952 4377 ο)
974 4310 1105 4363 illumitss
1124 4311 1149 4361 Β
1226 4314 1256 4378 p)
1277 4327 1347 4378 eque
1366 4312 1391 4363 B
1469 4314 1498 4379 q)
1521 4312 1553 4375 B,
1572 4317 1635 4363 dett
1653 4308 1812 4363 defensione
1830 4312 1880 4363 der

391 4385 465 4443 VU.;
491 4381 655 4435 defensionis
677 4381 841 4433 munitatem
865 4381 927 4435 ΝΒ.
1018 4388 1042 4447 r)
1070 4382 1127 4435 ΠΙ.
1144 4407 1175 4425 =
1193 4382 1221 4432 N
1227 4383 1271 4442 U„·
1296 4381 1402 4449 quietos
1420 4383 1446 4434 B
1535 4384 1558 4449 s)
1580 4383 1636 4436 VU.
1653 4406 1685 4425 =
1703 4382 1782 4441 NU.,·
1807 4384 1835 4433 el
1853 4381 1879 4434 Β

387 4460 410 4520 t)
431 4453 558 4522 prephati
577 4454 602 4504 Β
667 4454 696 4517 ιι)
718 4468 856 4519 concessu,
875 4453 943 4504 ultus
960 4452 1255 4519 Ahldrzuaysmdrea,
1276 4453 1301 4505 Β
1366 4458 1394 4519 ι’)
1418 4454 1450 4519 B,
1469 4459 1533 4504 stult
1552 4451 1625 4517 addi,
1644 4454 1693 4504 sose
1710 4455 1740 4504 iu
1757 4453 1805 4505 der
1820 4453 1878 4507 VU.

386 4527 467 4581 alchu
491 4527 521 4575 in
539 4525 587 4576 der
604 4523 632 4574 N
638 4524 667 4578 U.
687 4526 721 4574 ist
740 4522 808 4574 adiit
826 4526 908 4589 atque
927 4524 1111 4590 smtyclaascn,
1136 4524 1256 4588 cffmbsr
1274 4525 1334 4576 weil
1350 4540 1415 4575 man
1438 4541 1475 4575 un
1497 4524 1545 4574 der
1565 4525 1748 4576 θοηείνιιαίοιι
1767 4525 1880 4575 Ansium

387 4598 470 4648 naim
532 4598 567 4660 w)
586 4600 681 4646 sancto
699 4594 759 4645 bier
776 4594 834 4645 aad
851 4595 883 4648 Z.
897 4597 940 4657 16,
960 4594 1047 4647 sancti
1065 4595 1097 4648 Z.
1110 4598 1153 4647 14.
1166 4597 1202 4645 19
1219 4594 1309 4651 fellea
1327 4597 1357 4647 s'a
1371 4596 1427 4649 VU.
1444 4596 1502 4646 aad
1517 4595 1545 4645 N
1551 4594 1591 4659 U,
1610 4593 1698 4647 sancti
1715 4595 1747 4649 Z.
1760 4597 1795 4646 25
1813 4594 1879 4658 sebit

388 4671 418 4718 in
437 4667 493 4721 VU.
502 4684 513 4730 ,·
530 4666 573 4717 dis
589 4666 678 4716 Woste
694 4665 756 4715 sind
774 4665 845 4716 scelti
862 4681 920 4717 nur
931 4666 1046 4717 Zaedtze
1063 4666 1107 4716 des
1120 4665 1307 4717 Abscbreibm
1359 4670 1388 4733 x)
1410 4667 1469 4717 bier
1485 4665 1549 4730 fehlt
1566 4668 1597 4716 in
1610 4666 1636 4718 B
1651 4667 1699 4717 wis
1714 4668 1745 4716 in
1757 4666 1806 4716 der
1817 4666 1878 4723 ΝΠ,

388 4741 436 4791 der
454 4738 555 4789 Paean
580 4736 622 4788 llis
644 4752 706 4786 aum
731 4738 838 4787 assim
855 4736 994 4801 solyma
1012 4736 1171 4788 monasterii
1189 4737 1237 4788 der
1253 4736 1321 4802 VC,
1347 4737 1396 4788 der
1413 4738 1472 4787 also
1488 4737 1576 4787 richer
1593 4737 1672 4788 seleon
1697 4738 1735 4786 im
1754 4736 1882 4802 Oricinal

389 4825 497 4861 unam
509 4809 544 4860 D.
556 4807 757 4873 rlberepruama
769 4822 842 4866 war-,-
860 4823 890 4858 er
906 4808 987 4859 lactat
1004 4809 1033 4859 s'n
1049 4809 1098 4860 der
1113 4807 1189 4861 VII.-
1208 4806 1340 4876 elegerint
1356 4812 1437 4874 atque
1454 4806 1672 4870 acclamaverint,
1688 4806 1818 4858 ministris
1834 4806 1880 4858 vel

389 4878 561 4932 exactoribus
577 4876 702 4946 publicus
714 4892 765 4944 per
780 4880 836 4929 tres
851 4881 899 4929 aut
915 4875 984 4930 duos
1000 4877 1073 4931 circa
1088 4880 1229 4930 manentes
1246 4882 1327 4944 atque
1345 4877 1522 4930 consntentea
1537 4893 1648 4929 veraces
1663 4876 1796 4944 homines,
1811 4892 1880 4944 ques

389 4950 472 5019 ipsius
490 4948 648 5001 monasterii
666 4946 792 5001 monachi
811 4946 1042 5015 adclamaverunt,
1067 4948 1209 5016 inquisicie
1228 4946 1284 5013 fiat,
1310 4948 1428 5015 qualiter
1452 4953 1480 5001 et
1497 4947 1539 5000 rei
1559 4946 1660 5000 veritas
1678 4945 1786 5001 facilius
1804 4947 1881 4999 inve·

390 5022 514 5089 atigetur,
532 5025 561 5073 et
578 5018 707 5071 monachi
725 5018 808 5086 ipsius
826 5018 985 5071 monasterii
1061 5022 1090 5086 y)
1111 5019 1202 5071 suaius
1220 5018 1321 5072 ciuium
1340 5021 1365 5071 Β
1442 5022 1467 5085 z)
1488 5019 1615 5071 saltam
1632 5019 1701 5081 fehlt
1719 5021 1768 5070 wie
1786 5021 1815 5070 iu
1832 5019 1881 5070 cler

390 5093 454 5147 ΝΒ.
473 5098 505 5143 ut
576 5092 603 5155 a)
632 5091 656 5142 B
734 5089 763 5156 b)
791 5106 821 5141 so
839 5090 907 5140 auch
925 5092 954 5141 in
973 5090 1029 5143 l'U.
1049 5090 1113 5154 (091.
1132 5091 1246 5143 duaclbst
1263 5090 1300 5144 N.
1314 5095 1344 5155 0)
1362 5090 1419 5141 und
1437 5091 1498 5144 ΝΠ.
1580 5092 1605 5155 c)
1633 5088 1837 5156 compelluntur
1855 5089 1881 5139 Β

390 5161 419 5229 d)
441 5161 539 5226 eidem,
557 5161 623 5213 abac
634 5160 929 5227 Abbdrzunqszsicheu,
946 5162 971 5212 Β
1025 5164 1051 5227 e)
1074 5162 1113 5219 Β;
1131 5159 1378 5213 denudecesscrum
1391 5161 1459 5226 VU,
1477 5166 1541 5212 atati
1557 5158 1745 5219 decessorum
1762 5175 1789 5211 aa
1804 5158 1882 5211 bleibt

389 5233 581 5299 dabinueetellt,
601 5232 633 5283 ob
649 5231 698 5282 der
715 5230 853 5283 Scbres‘der
870 5231 915 5283 dea
934 5232 1073 5297 criptura
1091 5232 1155 5283 oder
1171 5233 1220 5283 der
1239 5233 1329 5299 Capiat
1346 5233 1406 5284 bier
1423 5234 1480 5283 eiua
1497 5232 1677 5283 Emanduts’oa
1694 5230 1814 5283 maccus
1832 5230 1880 5280 bat

391 5302 416 5369 i)
433 5306 458 5356 Β
468 5329 498 5346 =
511 5304 540 5355 N
543 5304 571 5356 U.
626 5302 656 5371 g)
674 5308 767 5354 autem
786 5300 914 5354 adversus
932 5304 981 5355 der
997 5302 1053 5357 VU.
1074 5305 1107 5354 iat
1123 5304 1307 5367 aueyelasaenr
1324 5305 1354 5354 in
1371 5304 1420 5355 der
1432 5303 1495 5356 ΝΠ.
1512 5305 1547 5354 ist
1562 5303 1610 5353 der
1625 5301 1748 5353 cadurca
1765 5306 1881 5352 masaa

388 5376 452 5427 deas
474 5375 541 5425 Teal
563 5374 649 5425 durch
667 5372 834 5438 Eineetzusy
855 5375 925 5425 eines
942 5376 1060 5425 anderes
1076 5374 1204 5425 Versum
1221 5374 1348 5439 emesam
1419 5373 1448 5441 h)
1467 5372 1540 5426 hunc
1559 5373 1584 5425 Β
1654 5371 1674 5433 i)
1701 5373 1734 5437 B,
1754 5378 1817 5423 stau
1835 5370 1881 5423 vel

389 5444 657 5568 dianidrldllledeoell'llil
667 5444 837 5567 tlldlrllllll
851 5444 1105 5581 dlszdilllarelleaellrr
1122 5442 1882 5592 qutqrelesqqsqlpptBquanquqapqsgepepppppngag

390 5590 429 5653 m)
449 5588 521 5640 VIS.-
539 5585 574 5637 ed
591 5585 648 5637 eius
665 5589 720 5652 pot.
732 5585 757 5635 Β
808 5588 837 5649 ιι)
856 5586 915 5643 VU,
926 5612 957 5630 =
969 5587 1045 5645 ΝΡ.)
1064 5586 1186 5638 futarum
1204 5590 1360 5653 temporum
1372 5586 1398 5637 B
1449 5588 1476 5649 o)
1498 5585 1522 5636 Β
1572 5586 1602 5651 p)
1622 5583 1845 5637 archicancellari
1857 5583 1883 5634 B

390 5659 502 5725 macch
520 5658 616 5709 Leonis
635 5656 734 5710 Circa.
751 5656 901 5711 eastum
913 5673 939 5711 a.
952 5674 978 5711 u.
993 5658 1021 5711 0.
1041 5663 1114 5709 ardre
1130 5659 1181 5709 dae
1194 5658 1321 5723 Οιιίμίιιαῑ
1338 5659 1385 5707 mt‘t
1399 5657 1535 5708 Goldbulla
1553 5656 1670 5720 saepes
1687 5672 1814 5720 anement
1836 5654 1883 5706 θῦ-

390 5728 460 5781 wohl
476 5744 512 5780 aa
529 5728 578 5779 der
595 5726 767 5791 baraffmdes
783 5726 860 5778 Stella
875 5728 923 5779 der
935 5729 1056 5780 (brasiis
1074 5745 1154 5780 tsnacr
1170 5729 1205 5781 D.
1215 5732 1270 5779 287
1287 5730 1336 5779 mit
1351 5727 1620 5795 Stampsliey.1798
1634 5729 1821 5778 ecatsms'aiert
1837 5727 1881 5791 et,

390 5815 463 5850 musa
469 5801 531 5863 jerus
543 5799 652 5864 Anysis
665 5826 696 5835 -
711 5814 784 5848 scena
797 5814 861 5847 mua
877 5799 925 5850 ilsr
938 5800 1087 5865 siberlruupt
1101 5799 1193 5850 Wmtlr
1205 5800 1342 5850 Maraces
1355 5799 1413 5849 will
1426 5827 1457 5836 -
1470 5799 1526 5860 aus
1536 5799 1570 5851 D.
1580 5801 1635 5849 287
1646 5797 1757 5865 hazecca
1768 5797 1882 5861 scardus,

390 5871 427 5921 da
445 5869 718 5936 Stampfliey.1798
736 5869 784 5918 mit
803 5870 876 5920 cister
892 5871 959 5921 noch
978 5870 1128 5922 abalienes
1147 5869 1273 5922 Bleibulla
1291 5869 1412 5920 maedan
1431 5871 1474 5922 iat.
1550 5916 1554 5925 .

299 5990 498 6033 Kanemrrunden
511 5992 555 6031 111.
1617 5982 1650 6028 44
