4836 6504
844 447 1080 504 HEINRICH
1101 448 1151 503 Π.’
1179 447 1286 504 1008.’
1823 439 1888 501 215

234 648 268 702 et
289 651 420 701 fratribus
439 649 492 700 deo
511 649 614 699 ibidem
633 649 815 699 servientibus
834 664 896 698 cum
916 634 1003 697 Omni
1024 647 1197 699 utilitate'r
1220 649 1365 713 mancipiis
1391 649 1536 712 utriusque
1560 662 1642 697 sexus
1662 647 1733 696 areis
1756 646 1888 697 aediliciis

234 759 339 824 campis
357 758 443 822 pratis
463 757 573 822 pascuis
593 756 672 805 terris
692 740 823 827 quidem
843 753 925 804 cultis
945 761 973 804 et
991 754 1102 805 incultis
1121 754 1199 804 silvis
1218 756 1348 820 omnique
1365 754 1492 805 silvatica
1509 752 1629 804 utilitate
1649 754 1728 818 aquis
1745 768 1888 817 aquarum·

234 880 288 929 que
314 864 475 914 decursibus
501 862 701 928 piscationibus
726 860 891 912 molendinis
908 874 925 906 s
946 862 1053 910 viisct
1078 862 1161 912 inviis
1184 862 1303 911 exitibus
1330 870 1358 911 et
1377 861 1510 911 reditibus
1530 862 1644 931 quesitis
1667 866 1695 910 et
1713 860 1802 910 adhuc
1822 876 1888 925 quo-

235 969 387 1022 modolibet
412 969 585 1033 acquirendis
608 981 625 1012 r
655 984 717 1018 cum
744 969 818 1020 omni
844 969 1003 1033 integritate
1030 967 1201 1018 donavimus.
1245 969 1282 1017 Et
1307 975 1337 1018 ut
1362 968 1444 1017 huius
1472 974 1583 1018 nostrae
1612 966 1713 1033 regalis
1739 968 1889 1017 auctoritas

202 1077 447 1141 emancipationis
467 1076 544 1126 lirma
562 1075 670 1125 stabilis
690 1082 717 1124 et
735 1073 900 1125 inconvulsa
918 1073 1116 1139 perpetualiter
1134 1075 1279 1133 consutat,
1305 1075 1358 1125 hoe
1379 1081 1538 1140 preceptum
1558 1074 1695 1124 conscribi
1714 1074 1843 1123 iussimus
1863 1080 1890 1122 et

234 1182 320 1249 sigilli
339 1184 425 1234 nostri
446 1183 625 1247 impressione
645 1182 851 1232 corroboratum
871 1180 957 1245 regali
974 1193 991 1224 r
1012 1187 1106 1231 nostra
1125 1196 1207 1230 manu
1227 1181 1324 1229 subtus
1343 1180 1518 1230 firmavimus.

342 1299 360 1390 ξ
383 1300 521 1387 Signum
537 1300 656 1365 ‘domni
679 1300 829 1364 Heinrici
853 1308 919 1378 (M.)
942 1301 1030 1385 regis
1053 1300 1270 1385 invictissimi.
1294 1297 1312 1387 ᾖ

342 1441 360 1532 ξ
382 1441 584 1507 Eberhartus
606 1443 780 1529 episcopus
803 1452 837 1506 et
859 1441 1073 1507 cancellarius
1097 1443 1170 1506 viee
1189 1440 1355 1528 Uuilligisi
1379 1440 1633 1527 archicapellani
1650 1437 1890 1528 conseripsit.{

1727 1555 1783 1625 (si.
1802 1555 1844 1625 2.)

191 1689 217 1727 10
343 1656 466 1721 Datum
489 1670 548 1720 xv.
572 1654 639 1719 kal.
662 1654 743 1718 iunii
767 1676 853 1718 anno
884 1653 1067 1718 dominicae
1097 1654 1330 1718 incarnationis
1360 1652 1531 1717 millesimo
1552 1668 1634 1736 VIII,
1665 1642 1750 1717 anno
1780 1664 1889 1717 autem

236 1763 385 1827 Heinrici
408 1763 496 1848 regis
520 1760 657 1825 secundi
672 1775 726 1843 vl,
750 1759 928 1824 indictione
943 1775 996 1845 V13
1026 1772 1134 1824 actum
1156 1759 1338 1846 Mogontie3
1367 1759 1507 1824 feliciter
1530 1783 1635 1824 amen.

1022 2076 1103 2162 181.

239 2241 418 2315 Heinrich
455 2238 602 2314 selena
641 2239 720 2313 dein
761 2265 834 2313 voa
873 2238 946 2312 c'luu
985 2237 1233 2337 qeprdadeteu
1274 2237 1438 2311 Bistlzum
1482 2238 1666 2337 Baraberp
1709 2238 1779 2312 den
1824 2236 1894 2314 Ort

239 2360 495 2433 Bucimbach.
1503 2384 1605 2444 natu
1621 2386 1702 2446 roos
1716 2384 1783 2444 Mas
1799 2385 1844 2444 19.

194 2590 220 2629 rs
349 2567 593 2643 wmarudiplcm
615 2568 657 2625 im
678 2567 706 2625 lc.
724 2565 931 2625 Reichsarcltiu
953 2583 988 2623 zu
1010 2563 1153 2624 Mducbeu
1178 2564 1249 2630 (A).

347 2709 432 2785 Larrq
455 2709 526 2785 Ray.
548 2709 642 2767 Boica
663 2709 705 2767 57
725 2707 798 2783 Rep.
822 2737 866 2745 -
893 2706 1101 2766 Oeslerreicher
1123 2707 1156 2765 iu
1180 2706 1325 2779 Gedffucte
1347 2703 1471 2763 Arctus
1495 2706 1523 2774 3,
1539 2704 1600 2762 450
1622 2706 1690 2763 ⁷2⁰5
1711 2722 1765 2764 aus
1787 2705 1822 2764 A.
1848 2736 1891 2743 —

345 2815 426 2875 Meu.
449 2815 543 2875 Reice
564 2818 632 2885 28⁰,
657 2816 715 2874 335
737 2817 770 2873 u⁰
784 2814 846 2873 218
875 2832 929 2873 aus
951 2814 988 2872 A.
1012 2842 1056 2850 -
1086 2812 1213 2872 Boimer
1235 2812 1306 2886 ch.
1328 2812 1397 2881 997,
1428 2811 1485 2870 alle
1513 2829 1549 2869 zu
1579 2812 1667 2871 1007.
1698 2841 1742 2849 —
1773 2810 1898 2887 Stampf

345 2921 417 2998 Rep.
435 2923 522 2981 1495.

347 3064 544 3133 Gaschricben,
562 3063 617 3121 mit
631 3063 795 3122 Ausnaltmc
812 3062 861 3121 des
879 3062 1094 3138 chcrdctums,
1112 3079 1167 3120 uon
1182 3059 1282 3129 BraI,
1301 3060 1354 3119 der
1368 3058 1409 3120 D.
1423 3061 1481 3120 149
1499 3061 1544 3120 als
1560 3060 1680 3135 Verlaqe
1697 3061 1830 3121 benutzte.
1847 3090 1892 3099 -

345 3171 410 3231 Zur
431 3170 596 3244 Dotienutq
618 3170 675 3244 uqi.
693 3168 802 3228 Ficker
824 3168 918 3227 Beitr.
937 3171 965 3238 1,
981 3170 1041 3226 336
1061 3168 1121 3226 uad
1144 3167 1183 3226 N.
1200 3167 1311 3226 Archiv
1332 3169 1386 3237 22,
1409 3168 1509 3238 150f.

347 3346 405 3417 (C.)
429 3336 446 3427 ξ
468 3338 508 3402 In
537 3338 668 3402 nomine
699 3348 832 3401 sanctae
863 3347 896 3400 ct
923 3334 1093 3401 individue
1122 3335 1285 3400 trinitatis.
1331 3335 1496 3400 Henricus
1526 3334 1639 3399 divina
1667 3335 1797 3399 favente
1828 3336 1890 3400 cle-

239 3445 363 3509 mentia
385 3468 454 3509 rex.
559 3457 753 3509 saluberrimis
784 3459 870 3522 igitur
900 3456 1004 3522 eloquii
1036 3458 1108 3508 sacri
1140 3457 1360 3508 institutionibus
1393 3456 1554 3507 erudimus⁸
1586 3462 1613 3506 et
1640 3456 1829 3516 admonemur,
1861 3464 1892 3506 ut

240 3565 403 3631 temporalia
422 3566 607 3630 relinquentes
626 3566 700 3616 bona
719 3572 746 3614 et
764 3572 873 3614 terrena
891 3570 1089 3629 postponentes
1109 3564 1252 3614 commoda
1264 3555 1278 3627 R
1290 3570 1402 3613 aeterna
1422 3570 1449 3612 et
1467 3563 1527 3612 sine
1546 3562 1599 3612 fine
1616 3579 1744 3613 mansura
1760 3562 1891 3613 incaelis

240 3674 398 3724 studeamus
417 3672 533 3738 adipisci
553 3672 725 3723 consistoria.
763 3672 938 3736 Quapropter
961 3687 1010 3720 nos
1030 3670 1174 3721 dominicis
1193 3687 1249 3719 nou
1268 3669 1380 3719 surdum
1400 3669 1524 3719 auditum
1544 3670 1689 3741 prebentes
1709 3672 1845 3740 preceptis
1864 3678 1892 3721 et

195 3791 222 3829 ra
240 3779 344 3829 deificis
363 3778 577 3843 obtemperando
603 3778 775 3828 intendentes
801 3777 978 3827 suasionibus
1004 3777 1139 3840 quendam
1164 3784 1273 3826 nostrae
1299 3784 1412 3840 paterne
1435 3776 1594 3826 hereditatis
1621 3776 1711 3827 locum
1730 3778 1890 3828 Babenberc

240 3887 344 3936 dictum
362 3887 390 3936 in
409 3886 501 3936 sedern
521 3893 549 3936 et
567 3884 676 3935 culmen
696 3887 873 3950 episcopatus
892 3882 1066 3934 sublimando
1085 3883 1261 3949 proveximus
1276 3890 1304 3932 et
1316 3883 1439 3932 Romana
1452 3883 1616 3933 auctoritate
1630 3891 1712 3948 atque
1726 3883 1891 3934 venerabilis

240 3994 353 4043 Henrici
373 3993 616 4058 Uuirciburgensis
642 3994 765 4058 episcopi
792 3999 951 4042 concessu
976 4007 1008 4041 ae
1034 3991 1094 4056 pari
1120 3989 1311 4053 communique
1339 3989 1459 4039 onmium
1485 3991 1570 4041 nostri
1589 3988 1710 4039 fidelium
1728 3997 1784 4040 tarn
1803 3991 1891 4041 arehi-

239 4101 432 4166 episcoporum
451 4115 533 4163 quam
553 4100 744 4165 episcoporum
762 4098 947 4162 abbatumque
961 4113 1012 4147 nec
1025 4114 1081 4147 non
1094 4096 1195 4146 ducum
1209 4104 1236 4145 et
1250 4097 1381 4146 comitum
1394 4094 1523 4145 consultu
1538 4097 1704 4162 decretoque
1717 4099 1746 4147 in
1759 4098 1891 4149 honorem

238 4214 334 4256 sancte
353 4205 398 4256 dei
417 4207 557 4271 genitricis
576 4205 681 4255 Mariae
701 4213 913 4270 sanctorumque
933 4203 1120 4269 apostolorum
1140 4204 1215 4252 Petri
1235 4210 1263 4252 et
1278 4201 1359 4252 Pauli
1378 4218 1429 4251 nec
1448 4218 1503 4253 non
1523 4204 1662 4253 martirum
1678 4203 1788 4268 Kyliani
1808 4212 1891 4269 atqua

194 4324 221 4363 tu
240 4314 334 4365 Georii
353 4312 536 4362 stabilivimus
557 4321 585 4362 et
603 4312 851 4370 corroboravimus,
877 4318 907 4361 ut
933 4317 961 4360 et
987 4312 1054 4359 inibi
1080 4318 1202 4361 nostrum
1230 4316 1429 4375 parentumque
1455 4316 1610 4360 nostrorum
1636 4317 1663 4360 et
1682 4310 1792 4361 Ottonis
1817 4312 1890 4361 tertii

240 4419 370 4471 videlicet
388 4420 561 4485 imperatoris
580 4420 763 4469 antecessoris
783 4434 815 4467 ac
834 4417 950 4467 senioris
968 4418 1055 4467 nostri
1074 4415 1182 4466 celebre
1201 4417 1348 4467 baberetur
1366 4415 1525 4467 memoriale
1551 4422 1579 4466 et
1603 4418 1677 4482 iugis
1696 4435 1746 4483 pro
1765 4418 1891 4470 omnibus

239 4527 380 4578 unedonis
399 4527 490 4577 bostis
508 4530 677 4575 mactaretur
695 4524 832 4573 salutaris.
872 4523 993 4573 Proinde
1013 4524 1261 4574 noveritomnium
1280 4523 1366 4574 nostri
1385 4521 1507 4573 fidelium
1527 4532 1582 4573 tam
1600 4539 1711 4593 presens
1731 4530 1790 4575 etas
1809 4540 1891 4589 quarn

239 4641 267 4685 et
284 4648 449 4684 successura
467 4633 624 4698 posteritas,
648 4632 714 4696 quia
733 4648 782 4681 nos
801 4636 911 4680 nostrae
931 4631 1067 4695 quendam
1087 4631 1262 4696 proprietatis
1287 4628 1378 4680 locum
1396 4614 1673 4682 Buochinebachb
1699 4632 1801 4682 dictum
1819 4646 1835 4677 s
1864 4642 1891 4682 et

239 4742 267 4791 in
285 4741 417 4791 comitatu
434 4723 635 4788 Ruodbertil’
652 4738 761 4787 comitis
779 4738 860 4787 situm
878 4737 911 4787 ad
930 4737 1045 4788 eandem
1063 4736 1249 4803 episcopalem
1266 4753 1349 4803 supra
1365 4738 1466 4787 dictam
1483 4738 1576 4788 sedem
1590 4739 1750 4791 Babenberc
1768 4742 1891 4793 dictum²

194 4862 220 4901 ss
240 4861 294 4897 una
313 4862 375 4897 cum
394 4847 520 4898 omnibus
539 4846 598 4895 eius
619 4845 790 4909 pertinentiis
808 4846 867 4894 sive
887 4845 1062 4904 adherentiis,
1085 4844 1215 4894 videlicet
1230 4856 1248 4888 s
1270 4843 1347 4895 silvis
1365 4846 1451 4895 servis
1478 4852 1507 4895 et
1532 4845 1640 4896 ancillis
1661 4860 1677 4891 s
1703 4849 1782 4898 terris
1808 4848 1891 4900 cultis

238 4960 267 5004 et
291 4952 401 5004 incultis
427 4954 478 5002 viis
507 4949 540 5002 et
567 4953 650 5002 inviis
678 4952 796 5001 exitibus
825 4959 853 5002 et
880 4952 1013 5002 reditibus
1042 4952 1157 5016 quesitis
1185 4951 1229 5001 vel
1258 4953 1428 5017 inquirendis
1457 4954 1560 5017 saginis
1588 4956 1782 5007 venationibus
1811 4958 1890 5021 aquis

238 5068 438 5133 aquarumve
462 5043 668 5110 cursionibus
691 5059 890 5125 piscationibus
911 5057 989 5109 molis
1009 5057 1172 5109 molendinis
1199 5059 1279 5108 rebus
1306 5059 1452 5110 mobilibus
1479 5070 1508 5111 et
1531 5061 1708 5112 inmobilibus
1734 5078 1766 5112 ac
1792 5065 1891 5115 ceteris

238 5168 364 5217 omnibus
384 5183 436 5236 que
456 5168 507 5217 rite
526 5166 610 5217 scribi
630 5172 678 5216 aut
696 5165 830 5231 appellari
854 5170 970 5230 possunt
995 5164 1178 5230 quoquolibet
1202 5167 1283 5218 modo
1310 5165 1486 5227 utilitatibus,
1512 5168 1563 5217 bac
1587 5174 1697 5218 nostrae
1716 5170 1890 5221 auctoritatis

239 5273 389 5340 preceptali
409 5275 519 5339 pagina,
543 5280 626 5339 prout
644 5274 746 5323 firmius
764 5288 919 5339 possumus,
945 5272 1079 5323 donamus
1099 5288 1138 5323 ac
1157 5274 1367 5338 proprietamus,
1394 5275 1516 5325 omnium
1540 5274 1758 5326 contradictione
1776 5286 1891 5337 remota,

192 5395 221 5434 ro
238 5381 421 5449 precipientes
446 5381 538 5445 igitur,
565 5388 596 5430 ut
611 5393 629 5425 a
657 5382 685 5431 in
712 5381 763 5431 deo
790 5378 909 5429 dilectus
933 5395 999 5445 sepe
1026 5378 1099 5429 dicte
1124 5378 1197 5430 sedis
1216 5379 1391 5430 Eberhardus
1418 5380 1565 5445 episcopus
1591 5382 1689 5446 suique
1716 5398 1891 5434 successores

239 5486 353 5537 liberam
372 5487 469 5537 dehinc
488 5487 609 5538 habeant
627 5493 793 5553 potestatem
812 5486 929 5537 eundem
947 5487 1129 5553 prescriptum
1155 5484 1246 5537 locum
1264 5469 1541 5536 Buochinebachl'
1559 5486 1664 5537 dietum
1683 5505 1745 5539 cum
1764 5492 1891 5542 omnibus

240 5593 405 5658 appenditiis
423 5595 481 5643 suis
500 5594 611 5644 tenendi
631 5594 790 5661 possidendi
809 5591 994 5644 commutandi
1020 5608 1069 5642 seu
1094 5593 1226 5657 quicquid
1252 5594 1305 5642 sibi
1332 5592 1417 5643 libeat
1436 5592 1523 5643 modis
1543 5592 1668 5643 omnibus
1687 5596 1715 5646 in
1735 5613 1813 5650 usum
1833 5603 1889 5666 epi-

311 5781 374 5838 181.
401 5781 548 5853 [Bresslsu]
585 5786 612 5851 a)
631 5785 656 5836 A
729 5782 759 5851 b)
779 5799 827 5835 vert
846 5782 926 5837 Bal
941 5784 971 5833 in
989 5782 1077 5846 dafdr
1093 5782 1225 5848 ochum
1242 5781 1331 5835 baeles
1348 5782 1543 5849 mcquroqcs
