4804 6498
492 512 494 517 ,
542 443 582 505 78
1139 445 1601 501 KAISEut'Rttuuuux.

539 635 676 721 gloriam
700 634 754 699 dei
778 636 948 721 sanctique
968 634 1069 725 Petri!
1083 632 1221 720 apostoli
1245 643 1278 696 ct
1300 633 1441 718 preciosi
1463 634 1616 720 martyris
1633 630 1755 698 Christi
1771 634 1933 717 Mauricii,
1957 635 2102 700 alterum
2127 656 2213 699 vcro

538 742 581 807 ed
596 742 752 807 honorem
776 742 882 806 sancti
896 740 1053 805 Iohannis
1069 738 1212 827 baptistq
1235 740 1406 825 sanctique
1421 739 1592 803 Laurentii
1615 741 1768 826 martyris
1791 742 1852 805 ritc
1877 741 2010 827 quidem
2031 740 2213 806 ordinavit

538 860 571 913 ct
594 871 637 914 ex
659 860 736 915 voto
759 847 844 912 bene
868 847 980 912 divisit
1003 846 1148 932 singulos
1171 844 1307 932 siugulis
1330 844 1534 933 providendo
1557 858 1715 933 pastores,
1739 886 1783 894 —
1806 845 1865 911 sed
1888 849 1936 912 eis
1959 845 2213 913 decedentibus

538 958 670 1021 incauta
693 954 836 1042 quedam
866 977 1092 1020 successorum
1122 953 1317 1034 reverentia,
1347 954 1462 1016 maiori
1493 952 1565 1018 loco
1592 954 1750 1018 minorem
1780 977 1839 1040 pro
1863 952 1997 1019 abbatia
2018 953 2211 1035 subiciens,

538 1061 652 1126 ambos
682 1063 891 1148 episcopatus
924 1063 956 1125 iu
986 1084 1087 1127 unum
1119 1082 1223 1146 usque
1256 1058 1299 1123 od
1333 1082 1393 1123 nos
1425 1082 1490 1123 non
1520 1060 1590 1123 sine
1620 1061 1707 1124 vicio
1738 1059 1865 1147 redegit
1894 1101 1937 1109 -
1966 1083 2027 1148 per
2054 1060 2247 1147 gratiams

537 1168 660 1233 domini
679 1179 791 1232 votum
815 1178 961 1232 nostrum
985 1167 1103 1231 effectu
1127 1165 1372 1253 complevimus,
1396 1176 1589 1252 mortuoque
1606 1165 1806 1231 Gisilhariob
1829 1167 1956 1256 prefate
1979 1167 2068 1232 sedis
2095 1167 2211 1232 archi-

538 1277 692 1362 episcopo
716 1273 798 1339 duce
822 1273 863 1338 de
886 1285 999 1338 nostra
1022 1272 1150 1360 capella
1166 1271 1372 1337 venerabiles
1395 1274 1483 1336 viros
1506 1272 1652 1337 moribus
1676 1283 1708 1337 et
1731 1284 1817 1338 etate
1840 1273 2038 1362 probabiles,
2062 1275 2209 1360 Tagini·

537 1392 636 1445 numc
667 1380 794 1445 scilicet
820 1379 1130 1467 Magdaburgensid,
1155 1378 1394 1444 Vuibbertume
1424 1401 1504 1443 vero
1534 1378 1799 1466 Merseburgeusi
1828 1380 2025 1468 prefecimus
2055 1381 2210 1469 ecclesie

538 1500 581 1571 ct,
613 1498 764 1574 presente
797 1510 873 1551 cum
906 1487 1023 1551 ceteris
1055 1488 1149 1572 regni
1181 1487 1282 1551 nostri
1313 1485 1462 1574 patribus
1489 1486 1637 1574 Romane
1667 1486 1754 1551 sedis
1784 1486 2032 1553 bibliothecario
2062 1488 2113 1552 ad
2146 1511 2210 1553 nos

537 1595 636 1659 misso
666 1594 777 1658 Leone
808 1593 978 1679 pontifice,
1012 1594 1157 1680 ubisque
1188 1616 1263 1657 suas
1296 1593 1454 1679 separatis
1486 1593 1668 1679 parrochiis
1699 1593 1868 1658 divisimus
1896 1617 1971 1659 oum
2001 1598 2093 1659 omni
2128 1618 2209 1660 con·
2228 1624 2253 1663 ro

538 1699 651 1766 cordia
672 1701 895 1788 pertinentias.
932 1699 999 1765 Sed
1022 1723 1063 1764 ne
1086 1722 1146 1786 per
1168 1723 1227 1763 nos
1247 1698 1363 1764 eadem
1386 1700 1471 1764 sacri
1494 1699 1768 1787 archiepiscopii‘
1792 1700 1888 1765 sedes
1907 1703 2001 1787 quasi
2024 1702 2209 1766 imminuta

538 1807 693 1871 damnum
716 1807 784 1892 pati
809 1805 984 1889 videretur,
1016 1805 1158 1893 quedam
1187 1808 1288 1870 nostri
1320 1806 1444 1869 servitii
1468 1817 1501 1869 et
1523 1808 1614 1893 regie
1641 1809 1850 1894 proprietatis
1872 1807 1946 1872 loca
1967 1809 2003 1872 in
2025 1810 2209 1894 provincia

537 1913 698 1979 Zcudiciss
727 1914 791 1977 sita
820 1925 933 1979 sancto
957 1913 1052 1977 altari
1082 1912 1205 1977 ibidem
1235 1935 1295 1999 per
1323 1911 1385 1977 hoc
1416 1914 1507 2000 regie
1536 1914 1715 1977 maiestatis
1745 1915 1873 2000 insigne
1903 1925 2063 2001 perpetua
2092 1928 2208 1979 reten-

538 2021 634 2085 tionis
665 2020 737 2106 lege
769 2019 964 2084 contulimus
996 2020 1120 2106 pariter
1148 2042 1222 2084 cum
1253 2019 1396 2106 quadam
1427 2030 1521 2106 parte
1553 2019 1765 2107 reliquiarum
1796 2023 1901 2085 sancti
1931 2021 2101 2104 Mauricii‚
2139 2045 2207 2108 que

537 2125 708 2191 uobiscum
732 2137 824 2190 erant
846 2126 1021 2215 repositql,
1046 2126 1080 2190 id
1097 2139 1146 2190 est
1163 2126 1327 2212 quandam
1351 2127 1518 2190 civitatem
1542 2128 1672 2191 nomine
1689 2126 1795 2193 Ohut¹
1821 2150 1895 2192 cum
1918 2140 1985 2193 toto
2009 2129 2081 2192 eius
2107 2129 2206 2192 terri-
2225 2156 2250 2195 ts

537 2235 619 2298 tor-io
643 2234 713 2298 sive
737 2231 956 2319 burgwardis,
980 2255 1092 2297 marca
1115 2255 1244 2319 quoque
1269 2243 1301 2296 et
1324 2232 1474 2297 omnibus
1497 2234 1703 2320 pertinentiis
1727 2235 1821 2298 eiusk
1843 2234 1997 2321 legitimis
2019 2233 2205 2299 mobilibus

538 2351 570 2404 et
599 2338 809 2404 inmobilibus
839 2341 924 2404 areis
949 2339 1086 2403 edificiis
1117 2340 1221 2403 servis
1245 2352 1277 2403 et
1307 2338 1433 2403 aucillis
1457 2339 1580 2404 colonis
1604 2352 1636 2404 et
1666 2340 1732 2405 litis
1755 2343 1850 2406 terris
1879 2340 1974 2406 cultis
2001 2354 2035 2405 et
2063 2341 2205 2406 incultis

538 2448 662 2533 campis
685 2447 787 2533 pratis
810 2448 942 2533 pascuis
966 2447 1036 2510 sive
1058 2448 1253 2532 conpascuis
1278 2446 1368 2511 silvis
1387 2446 1616 2511 venationibus
1640 2450 1733 2535 aquis
1758 2471 1981 2535 aquarumque
2002 2447 2204 2513 decursibus

537 2552 732 2618 molendinis
762 2552 998 2639 piscationibus
1021 2554 1084 2616 viis
1109 2563 1140 2617 ct
1167 2554 1265 2617 inviis
1289 2552 1432 2618 exitibus
1456 2564 1488 2616 et
1510 2553 1670 2618 reditibus
1694 2556 1829 2640 quesitis
1854 2567 1886 2618 et
1909 2553 2116 2641 inquirendis
2142 2577 2203 2619 seu

538 2658 687 2724 omnibus
711 2683 775 2747 que
799 2658 945 2746 quolibet
973 2659 1071 2724 modo
1095 2658 1161 2723 dici
1192 2672 1248 2724 aut
1278 2660 1438 2723 inveniri¹
1471 2673 1607 2746 possunt
1637 2662 1840 2747 pertinentiis
1870 2660 2030 2726 reditibus
2053 2672 2087 2725 et
2112 2660 2202 2726 utili·
2219 2681 2245 2721 ro

537 2764 667 2847 tatibus,
699 2788 738 2829 eo
762 2777 875 2830 tenore
899 2768 1053 2853 quatinus
1082 2767 1282 2852 prescriptus
1306 2765 1504 2830 venerabilis
1535 2766 1801 2853 archiepiscopus
1824 2767 1945 2853 Tagini
1975 2769 2092 2854 suique
2125 2791 2200 2832 suc·

537 2893 684 2937 cessores
708 2871 763 2937 illo
782 2872 939 2959 quicquid
958 2886 1007 2937 est
1031 2872 1153 2937 utiliter
1176 2873 1325 2937 fruantur
1348 2884 1380 2936 et
1404 2896 1462 2962 sue
1485 2873 1554 2937 sedi
1581 2873 1726 2959 quelibet
1749 2876 1936 2939 necessaria
1959 2876 2019 2938 rite
2042 2874 2200 2961 provide·

537 2989 594 3043 aut
623 2980 692 3042 sine
717 2979 861 3042 omnium
884 2978 1142 3044 contradictione
1170 3002 1393 3066 personarum.
1439 2979 1483 3043 Et
1513 2992 1549 3043 ut
1579 2979 1640 3069 hec
1671 2993 1780 3067 nostre
1803 2981 1988 3045 traditionis
2016 2982 2200 3048 auctoritas

537 3083 661 3149 stabilis
685 3096 718 3148 et
747 3085 940 3151 inconvulsa
965 3098 1166 3172 permaneat,
1197 3086 1281 3150 hanc
1305 3098 1444 3175 nostrqm
1468 3088 1621 3151 iussionis
1644 3089 1799 3174 paginam
1822 3110 1922 3152 mauu
1944 3089 2078 3174 propria
2100 3086 2199 3153 robo-

536 3202 646 3256 rantes
670 3192 823 3278 imaginis
847 3203 956 3279 nostrq
979 3192 1084 3257 forma
1107 3194 1238 3279 inprimi
1262 3192 1478 3258 decrevimus.
2215 3213 2240 3252 ss

644 3333 783 3420 Signum
805 3332 916 3398 domni
940 3335 1090 3400 Heiurici
1112 3337 1199 3420 regis
1223 3342 1311 3417 (M.)¹¹
1334 3358 1394 3421 per
1418 3333 1581 3400 Christum
1606 3337 1821 3401 invictissimi.

642 3473 832 3561 Egilbertus
856 3476 1070 3541 cancellarius
1094 3478 1167 3540 vice
1183 3476 1343 3562 Willigisi
1363 3477 1618 3564 archicapellani
1641 3479 1828 3562 recognovi.

642 3616 732 3681 Data
754 3632 803 3681 Vl.
832 3617 898 3683 kal.
927 3631 1021 3682 mart.
1051 3619 1230 3683 indictione
1254 3633 1282 3701 1,
1313 3643 1399 3685 auno
1422 3643 1502 3685 vero
1527 3621 1689 3703 dominice
1719 3622 1952 3684 iucarnationis
1975 3635 2075 3701 mm,
2108 3641 2196 3685 anno

535 3745 665 3810 quoque
689 3723 800 3788 domni
824 3724 972 3789 Heinrici
996 3725 1132 3790 secundi
1155 3728 1243 3811 regis
1266 3740 1310 3807 113
1335 3739 1443 3791 actum
1466 3726 1682 3815 Magdeburg.

1335 4027 1402 4113 64,
2211 4050 2236 4090 a

533 4188 713 4262 Heinrich
749 4186 928 4262 helmodat
965 4188 1024 4261 die
1059 4188 1305 4289 Ihumeouq
1337 4189 1399 4263 des
1430 4189 1613 4263 Riothamo
1647 4188 1860 4288 Mersebur9
1895 4187 1978 4261 aad
2008 4187 2068 4261 die
2099 4187 2193 4261 Eiu-

533 4320 678 4407 aetzun9
711 4308 825 4380 seium
852 4303 1050 4405 Capeliano
1084 4306 1222 4381 Wibert
1248 4333 1328 4382 zum
1354 4306 1519 4406 Biscbof
1544 4307 1708 4399 welhet,
1744 4307 1912 4408 beste'tiqt
1944 4306 2011 4381 der
2042 4308 2192 4381 wieder·

533 4424 775 4525 hergestellten
808 4425 1060 4525 biscbbflicheu
1094 4425 1233 4500 Kircbe
1265 4426 1344 4500 ihre
1369 4427 1610 4528 Beritzuuyen
1643 4426 1725 4501 aad
1756 4425 1889 4500 Rechte
1921 4452 1964 4500 za
1995 4425 2191 4513 Zenmdcam

534 4543 755 4643 Mersebury,
782 4544 925 4644 Εμϊήνα
949 4544 1032 4618 aad
1056 4543 1197 4642 Helfto,
1223 4546 1375 4620 veleiht
1399 4545 1583 4620 derselhen
1610 4572 1678 4620 nus
1702 4547 1835 4619 seiuem
1855 4545 2072 4646 Eiyeatbum
2090 4539 2199 4641 feias

537 4661 771 4760 Ortscbaften
792 4663 875 4737 aad
896 4665 1091 4737 ratituiert
1114 4663 1174 4736 ihr
1199 4664 1270 4737 deu
1292 4691 1373 4738 vom
1396 4664 1562 4739 Bestbum
1588 4664 1828 4738 Halberstadt
1849 4665 2063 4762 eioqeltisten
2087 4661 2193 4738 Tte‘t
2207 4686 2231 4729 υ

534 4783 632 4856 ihrer
657 4781 821 4857 Diceae.
1607 4811 1791 4869 Wuuouaen
1812 4813 1881 4867 —r
1905 4810 1984 4871 1004
2006 4809 2095 4869 Mors
2116 4812 2146 4869 4.

643 4962 889 5036 Oriqiucldiplom
910 4963 952 5019 im
974 4960 1236 5033 Dornatt'ftsurchic
1258 4982 1292 5021 eet
1315 4962 1483 5037 Merseburq
1507 4963 1575 5029 (A).
1606 4990 1650 5000 -
1681 4962 1994 5036 Oriqltealtraussumpt
2016 4961 2112 5020 Karta
2135 4959 2187 5020 IV.

640 5088 694 5127 voa
725 5070 803 5126 1366
833 5068 953 5127 October
978 5069 1021 5126 27
1049 5069 1155 5127 abendo
1186 5064 1268 5134 (ΑΙ).
1302 5097 1346 5107 -
1375 5069 1576 5142 Merseburqer
1606 5066 1778 5141 Copiulbucl
1811 5086 1865 5126 aas
1896 5067 1959 5126 deo
1990 5069 2112 5142 Aafaaq
2144 5068 2189 5127 des

640 5176 687 5234 15.
708 5175 761 5235 Jt.
787 5177 811 5244 s.
831 5176 870 5232 st
894 5175 926 5231 iu
949 5175 1001 5233 der
1024 5173 1265 5245 Stiftahibliothek
1287 5177 1409 5234 duselbat
1434 5176 1504 5241 (Β).
1535 5205 1579 5212 -
1606 5175 1757 5244 Abaehrist
1780 5175 1810 5231 iu
1834 5174 1891 5233 Ma.
1916 5174 2117 5248 Berbisdorffs
2139 5189 2189 5233 aas

639 5283 700 5341 dem
728 5272 840 5351 18.,!19.
857 5281 910 5340 Ju.
934 5284 966 5349 2,
985 5300 1018 5355 p.
1039 5282 1057 5339 9
1080 5300 1133 5339 cors
1155 5284 1303 5341 Aebeulc
1327 5282 1391 5349 (0).
2203 5290 2227 5329 to

620 5456 667 5513 68.
694 5458 722 5523 b)
739 5472 769 5509 so
786 5460 825 5508 im
844 5457 891 5511 Or.
910 5474 960 5510 oon
980 5458 1015 5511 D.
1035 5461 1086 5519 64,·
1111 5456 1264 5512 Gisalhario
1284 5460 1319 5526 03
1341 5456 1496 5526 Gysilhario
1514 5460 1542 5511 Ε
1628 5464 1655 5523 c)
1676 5456 1844 5525 Dagininnm
1862 5459 1891 5510 E
1976 5457 2004 5525 d)
2022 5455 2188 5526 Magdebnr

692 5527 773 5597 gensi
791 5528 819 5579 Ε
899 5530 926 5596 e)
945 5529 974 5580 E
987 5554 1018 5572 =
1034 5528 1069 5583 D.
1087 5533 1138 5591 645
1157 5528 1312 5583 Wibertum
1334 5531 1357 5583 C
1441 5527 1676 5598 Dmchipisccpii
1694 5530 1723 5581 Ε
1823 5532 1833 5595 l
1856 5530 1899 5589 E,·
1923 5527 2037 5582 Zeudici
2060 5529 2096 5595 03
2120 5527 2188 5583 Zou-

693 5598 750 5652 dits
768 5600 803 5650 M
860 5599 889 5666 h)
908 5599 1037 5667 reposita,
1055 5600 1121 5651 doeh
1139 5604 1188 5652 mt't
1202 5602 1344 5653 Correw
1360 5618 1406 5652 om
1425 5616 1441 5652 a
1459 5601 1488 5652 E
1545 5600 1623 5669 M),-
1641 5598 1714 5653 ctuh
1732 5600 1772 5667 E;
1835 5599 1930 5652 chtum
1948 5601 1983 5652 Μ
2033 5598 2063 5667 lt)
2081 5599 2187 5661 sunm

692 5672 764 5723 auch
786 5671 845 5722 dem
868 5671 1108 5738 Spracaqeomuct
1130 5673 1175 5725 des
1193 5673 1245 5724 ΕΔ
1269 5674 1305 5723 at
1330 5672 1416 5725 beideo
1440 5672 1553 5736 asceticis
1639 5671 1660 5739 l)
1683 5669 1821 5724 nominari
1839 5671 1880 5737 E3
1904 5672 1974 5723 auch
1996 5671 2189 5739 deraSprcei-

691 5743 827 5809 qamt
844 5742 893 5793 der
910 5742 1028 5795 Kamai
1047 5744 1111 5795 aad
1129 5743 1199 5795 bride
1216 5743 1375 5796 Andraka
1396 5743 1507 5810 subplici
1593 5742 1631 5809 m)
1653 5746 1746 5813 nostre
1764 5746 1856 5809 nosbp
1875 5742 1898 5794 C
1982 5745 2011 5807 n)
2029 5742 2081 5793 dos
2099 5744 2188 5796 Hono·
2202 5749 2225 5791 st

690 5830 800 5879 mmm
818 5817 847 5865 in
861 5815 884 5865 ζ’
899 5820 978 5866 enter
995 5815 1044 5866 der
1061 5831 1106 5865 om
1124 5814 1219 5867 Βακὰ
1236 5815 1375 5868 stehendsa
1393 5815 1580 5881 Stffnumaeste.
