4760 6512
804 461 1042 517 HEINRICH
1065 462 1105 518 11.
1138 460 1235 518 1013.
1785 454 1850 517 303

202 654 237 716 in
266 662 427 739 potestate
459 650 604 737 episcopi
638 672 724 714 nunc
759 659 793 712 et
825 649 860 712 in
894 648 1003 713 futuro
1034 648 1135 713 libere
1166 648 1389 735 permanendo
1420 650 1585 713 consistat.
1630 648 1676 712 Et
1705 660 1740 713 ut
1769 647 1851 713 haec

203 769 332 823 nostrae
356 757 539 822 donationis
562 779 620 820 seu
644 754 900 821 confirmationis
922 757 1098 820 auctoritas
1129 754 1255 819 stabilis
1279 768 1311 819 et
1333 754 1526 820 inconvulsa
1550 756 1637 819 omni
1660 767 1852 841 permaneat

202 880 358 952 tempore,
388 865 449 929 hoc
479 875 669 950 preceptum
699 862 820 927 exinde
850 864 1070 948 conscriptum
1099 862 1231 948 propria
1257 885 1355 926 manu
1380 860 1629 926 corroborantes
1653 872 1751 948 atque
1775 884 1850 926 con-

203 974 378 1054 tinuantes,
402 970 507 1057 sigillo
530 982 660 1035 nostrae
684 969 897 1057 inpressionis
919 969 1070 1054 insigniri
1093 969 1310 1054 precepimus.

164 1154 178 1192 c
308 1121 325 1212 ᾖ
349 1122 483 1208 Signum
508 1122 618 1187 domni
641 1122 791 1186 Heinrici
815 1129 879 1200 (M.)
903 1123 990 1208 regis
1013 1121 1229 1185 invictissimi.
1253 1119 1270 1209 ξ
1297 1197 1298 1200 ¹

307 1272 324 1363 ᾔ
348 1272 550 1338 Guntherius
569 1272 784 1338 cancellarius
802 1274 876 1337 vice
895 1272 1104 1338 Ercambaldi
1125 1272 1401 1360 archicappellani
1421 1274 1608 1359 recognovi.
1628 1270 1645 1361 ξ
1687 1280 1742 1349 (SI.
1756 1279 1806 1350 D.)

308 1423 417 1489 Datab
602 1423 778 1488 indictione
801 1438 853 1506 XI,
884 1447 970 1489 anno
994 1423 1177 1490 dominicae
1201 1425 1435 1489 incarnationis
1458 1423 1630 1488 millesimo
1653 1437 1734 1504 xm,
1765 1445 1850 1487 anno

201 1556 279 1597 vero
304 1532 415 1597 domni
438 1531 588 1596 Heinrici
612 1530 747 1596 secundi
771 1532 1009 1617 regnantem,
1038 1544 1145 1597 actum
1162 1532 1290 1614 Werla3
1319 1531 1458 1596 feliciter
1481 1553 1587 1594 amen.

977 1867 1070 1953 259.

158 2071 183 2108 ιο
202 2031 378 2105 Heinrich
411 2031 577 2130 bestdtiyt
601 2028 678 2127 fr'tr
711 2030 770 2103 die
795 2029 927 2104 Dana
957 2032 1071 2103 scices
1102 2032 1249 2130 eipenea
1277 2029 1416 2103 Lesas
1447 2029 1527 2103 dem
1554 2026 1717 2127 Bisclrof
1734 2029 1851 2102 Berm-

200 2151 307 2225 word
330 2177 402 2224 von
431 2148 651 2223 Hildesbeim
677 2149 736 2223 die
762 2149 877 2222 doceb
907 2147 988 2224 Octo
1007 2147 1083 2222 III.
1111 2175 1190 2222 acm
1216 2148 1325 2222 Loha
1349 2147 1427 2246 fiir
1453 2148 1512 2222 die
1536 2148 1761 2248 Emicbtanp
1787 2148 1853 2221 der

202 2269 302 2344 Ferte
323 2269 533 2368 Moadbarp
559 2268 725 2369 verfr'tpte
745 2267 961 2369 Verlciinmp
986 2268 1052 2342 der
1073 2266 1214 2364 fritber
1238 2294 1309 2342 corr
1328 2268 1408 2341 dem
1426 2267 1669 2367 Psnlzprnfcn
1686 2266 1852 2341 Dianas

203 2390 280 2464 etad
303 2391 435 2463 acinam
462 2386 562 2465 Soita
587 2386 693 2463 Siras
718 2388 979 2488 insepebobtea
1009 2386 1233 2485 Grojsclroft
1256 2389 1306 2459 im
1335 2384 1421 2463 Gan
1450 2385 1628 2484 Ostfolea.

1464 2544 1562 2602 Werla
1586 2545 1663 2603 1013
1685 2573 1728 2580 -
1751 2572 1804 2601 -.

157 2732 181 2771 rs
310 2706 553 2782 Oripisaldiplom
575 2706 617 2764 im
639 2705 667 2765 lc.
686 2704 886 2763 Staatsarcbic
908 2722 943 2763 za
966 2703 1125 2777 Hortatoeer
1149 2705 1221 2771 (A).

307 2858 426 2918 sonan
454 2856 922 2925 Ann.Panert.en.1.1,403
953 2876 995 2901 =
1025 2854 1123 2930 aaut,
1153 2856 1221 2925 17⁰,
1249 2830 1311 2913 '255
1339 2859 1372 2913 ir
1386 2858 1418 2925 a,
1449 2876 1491 2902 =
1521 2855 1720 2929 naaman
1750 2855 1850 2928 Psan-

305 2968 411 3041 prnfea
433 2966 482 3035 49,
506 2986 547 3011 =
572 2964 665 3023 Follcc
690 2962 757 3022 Coei.
783 2962 859 3021 trad.
886 2961 969 3021 Corb.
985 2964 1057 3033 236,
1082 2983 1124 3009 =
1149 2961 1271 3021 Scitoten
1294 2962 1370 3021 Ana.
1392 2962 1517 3021 Pasas.
1540 2964 1582 3021 ed.
1603 2963 1650 3021 Π.
1668 2966 1697 3033 1,
1712 2964 1782 3023 276.
1807 2993 1851 3001 —

306 3071 479 3131 Louensteis
507 3070 674 3145 Descriptio
701 3070 788 3129 dioec.
812 3069 1001 3129 Hildesbeim.
1026 3071 1065 3127 97
1087 3071 1153 3127 n⁰l
1182 3088 1235 3127 aas
1257 3069 1419 3141 Absclrrift.
1445 3097 1487 3107 -
1518 3070 1599 3145 Orip.
1626 3070 1725 3141 Grais.
1746 3071 1776 3141 4,
1792 3071 1851 3129 435

307 3181 368 3238 ‚cr
387 3197 441 3239 ons
459 3179 498 3238 B.
515 3208 560 3217 -
574 3178 698 3238 Jonr'clce
717 3177 781 3237 UB.
799 3196 852 3236 coa
868 3177 1048 3236 Hildeslteim
1069 3178 1097 3246 1,
1113 3178 1152 3234 44
1172 3177 1256 3235 n⁰54
1276 3196 1329 3235 aus
1349 3177 1386 3236 A.
1409 3207 1450 3213 -
1473 3177 1599 3235 Bdtmer
1614 3176 1685 3251 Req.
1703 3177 1789 3237 1094.
1807 3208 1850 3250 ,-

307 3285 430 3361 Stumps
448 3285 519 3361 Rep.
537 3285 625 3344 1578.

312 3429 444 3499 Verfasst
465 3428 525 3487 arrd
546 3427 722 3502 pescarieben
745 3445 799 3485 sort
825 3426 891 3485 ΘΒ.
912 3456 956 3464 -
979 3425 1043 3485 Dcr
1065 3427 1096 3485 in
1120 3428 1147 3484 A
1170 3427 1399 3503 Munelburgus
1423 3426 1553 3485 Mamuda
1575 3427 1669 3485 Numa
1691 3427 1744 3486 der
1766 3427 1851 3485 Festa

306 3536 405 3595 bernar
422 3535 553 3609 offenbar
575 3536 635 3605 auf
652 3534 742 3593 aneni
761 3532 972 3604 Sebrcibscbler
994 3534 1043 3592 des
1063 3533 1136 3606 GR,
1167 3534 1221 3592 wic
1243 3534 1290 3592 die
1312 3535 1411 3592 itlteste
1428 3532 1636 3592 Dornntnoriz
1658 3535 1698 3592 de
1721 3535 1850 3592 castello

306 3642 507 3700 Mundburhc
529 3641 588 3699 aad
610 3641 657 3700 die
674 3640 862 3715 Eranusa
884 3641 959 3698 einer
981 3638 1050 3700 Do.
1064 3639 1129 3699 HI.
1151 3642 1191 3699 de
1214 3642 1367 3699 comitatu
1386 3641 1468 3716 quod
1488 3642 1606 3716 pendet
1624 3642 1666 3699 ad
1685 3642 1850 3699 castellum

306 3750 488 3825 Mundburg
510 3749 631 3806 dictum
654 3749 686 3806 iu
709 3748 771 3805 dem
798 3747 1126 3806 Urkundcnvcrzcicbnis
1148 3748 1292 3816 bernacer,
1321 3748 1396 3806 biars
1418 3748 1460 3804 sie
1482 3746 1657 3823 Mandburp,
1688 3765 1749 3806 was
1770 3747 1851 3806 ihrer

306 3856 503 3930 Bestimmnny
525 3856 567 3913 ad
590 3855 807 3913 defensionem
830 3856 928 3912 totius
952 3856 1087 3930 regionis
1110 3855 1282 3927 mrtspricbt:
1316 3855 1373 3914 und
1402 3874 1433 3913 so
1463 3855 1513 3912 bat
1541 3855 1642 3930 perram
1669 3855 1775 3914 iader
1796 3874 1849 3913 con

308 3964 366 4023 GB
388 3964 532 4022 benatztes
552 3961 673 4037 Vorlape
693 3962 854 4036 pcatandca.

307 4149 365 4219 (C.)
389 4138 406 4228 ᾗ
429 4141 468 4204 In
491 4141 621 4205 nomine
646 4151 779 4203 sanctae
804 4150 836 4204 et
859 4138 1049 4203 individuae
1073 4139 1236 4202 trinitatis
1284 4140 1458 4203 Heinricns
1490 4139 1602 4204 divina
1629 4140 1761 4204 favente
1786 4139 1848 4204 cle·

199 4250 321 4314 mentia
354 4271 424 4312 rex.
556 4247 710 4312 Omnium
742 4246 887 4310 fidelium
919 4257 1101 4311 nostrorum
1133 4243 1150 4333 ᾗ
1180 4247 1379 4331 presentium
1411 4245 1567 4311 videlicet
1598 4270 1636 4311 ae
1669 4247 1849 4311 futurorum

199 4357 320 4420 noticia
352 4356 449 4437 sciat,
483 4353 623 4441 qualiter
652 4352 885 4418 Bemunardus
915 4352 1239 4417 Hildeneshemensis
1272 4352 1452 4417 aecclesiae
1484 4352 1681 4417 venerabilis
1714 4355 1849 4418 antistes

153 4490 179 4529 ar
198 4476 342 4527 nostram
365 4463 492 4547 regiam
510 4461 716 4525 clementiam
735 4460 825 4542 adiit,
850 4459 963 4524 dicens
985 4458 1047 4522 sibi
1068 4457 1109 4523 ab
1130 4472 1335 4523 antecessore
1355 4472 1464 4524 nostro
1484 4461 1539 4547 pie
1558 4461 1733 4524 memoriae
1752 4460 1849 4524 tertio

200 4571 318 4635 Ottone
349 4571 544 4655 imperatore
574 4569 625 4631 ius
655 4566 797 4652 speciale
829 4566 997 4631 castellum
1028 4565 1213 4647 edificandi,
1245 4565 1332 4652 quod
1355 4565 1611 4652 Munelburgns⁸
1641 4576 1785 4649 vocatur,
1816 4567 1849 4630 in

199 4678 270 4763 ripa
291 4676 410 4765 Aelere
433 4674 574 4739 fluminis
597 4675 791 4761 permissum
815 4674 916 4737 fuisse
940 4673 983 4737 ad
1005 4675 1172 4737 munimen
1196 4684 1229 4737 et
1251 4674 1420 4737 tuitionem
1445 4686 1559 4737 contra
1581 4672 1779 4759 perfidorum
1802 4674 1849 4737 in·

199 4785 381 4848 cursionem
405 4795 438 4847 et
459 4783 675 4846 vastationem
701 4781 903 4846 Sclauorum.
950 4780 988 4844 ld
1021 4781 1127 4866 ipsum
1150 4802 1229 4843 vero
1261 4779 1429 4844 castellum
1453 4782 1529 4867 quia
1552 4781 1657 4866 magis
1682 4781 1849 4866 rogatione

199 4913 296 4976 quam
320 4892 411 4954 iussu
429 4889 552 4953 domini
575 4889 781 4974 imperatoris
805 4885 918 4950 libenti
939 4888 1046 4951 animo
1067 4886 1109 4950 ad
1128 4886 1351 4951 defensionem
1374 4889 1472 4951 totius
1495 4888 1638 4973 regionis
1662 4898 1792 4952 nostrae
1816 4889 1848 4951 in

154 5024 180 5062 rs
198 4996 261 5060 illis
284 4995 432 5083 partibus
456 5006 691 5075 construxerat,
723 5004 755 5058 et
779 4994 856 5080 quia
886 4993 1036 5057 dominus
1060 4993 1237 5080 imperator
1261 4994 1400 5057 eundem
1425 4995 1613 5080 episcopum
1637 5018 1696 5081 pro
1720 5017 1778 5058 suo
1802 4995 1848 5058 in-

198 5104 276 5167 timo
299 5125 339 5167 ac
363 5104 431 5189 iugi
454 5103 612 5167 famulatu
636 5102 724 5166 omni
747 5102 878 5187 pietatis
901 5098 1149 5188 benivol[en]tia
1172 5124 1212 5164 ac
1236 5101 1342 5186 gratia
1360 5100 1541 5183 excolebat,
1566 5100 1726 5165 mercedis
1750 5124 1849 5166 causa

199 5212 385 5274 comitatum
416 5210 701 5274 circumiacentem
730 5207 810 5271 illud
840 5206 1009 5271 castellum
1042 5209 1074 5270 in
1106 5229 1191 5292 pago
1222 5206 1374 5289 Astuala,
1409 5207 1495 5293 quod
1529 5206 1605 5272 olim
1635 5207 1848 5273 Thiedericus

199 5316 360 5403 palatinus
376 5338 485 5380 comes
501 5325 680 5401 posteaque
696 5302 781 5378 filius
798 5315 867 5378 eius
881 5313 973 5379 Siras
988 5313 1158 5395 habuerat,
1175 5312 1238 5377 sibi
1255 5316 1288 5378 in
1304 5312 1550 5379 beneficiarium
1565 5317 1615 5380 ius
1632 5327 1848 5380 concesserat.

199 5422 292 5487 Nunc
322 5446 411 5505 ver0,
443 5423 519 5508 quia
548 5433 692 5486 nostram
722 5420 867 5507 regalem
897 5419 1114 5503 clementiam,
1146 5432 1181 5485 ut
1210 5420 1244 5484 id
1276 5422 1382 5507 ipsum
1413 5422 1649 5485 affirmaremus
1680 5434 1712 5486 et
1742 5445 1847 5487 corro-

154 5528 398 5609 roboraremus,
427 5539 578 5615 precatus
602 5539 651 5591 est
675 5539 707 5592 et
730 5529 807 5614 quia
830 5550 936 5614 aequa
959 5530 1066 5613 gratia
1088 5529 1225 5615 parique
1250 5527 1423 5592 devotione
1447 5527 1542 5593 nobis
1565 5540 1679 5615 postea
1703 5530 1848 5611 servivit,

269 5747 333 5803 258.
359 5747 389 5815 b)
408 5746 609 5812 ummasalltc
626 5746 715 5798 hacke
732 5748 784 5811 fttr
800 5749 851 5798 das
873 5748 1059 5814 Topeadatam,

269 5836 333 5893 259.
358 5834 506 5906 [Bresslan]
543 5836 570 5899 a)
591 5836 625 5897 A,
648 5837 825 5889 verschrr'cbea
843 5838 893 5902 sar
910 5834 1112 5903 Mundburgus,
1136 5837 1186 5901 apl.
1205 5836 1248 5887 dic
1265 5836 1480 5903 Vorbcrrrcrlrunp
