4836 6504
527 434 594 498 210
1130 437 1595 497 KAISERURKUNDEN.

636 800 654 891 ᾗ
676 800 888 866 Eberhardus
908 802 1080 888 episcopus
1099 812 1132 865 et
1150 801 1365 866 cancellarius
1383 803 1457 866 vice
1476 800 1753 887 archicappellani
1773 800 1964 886 recognovit
1980 795 2200 885 Unilligistg

2056 904 2148 991 err

638 1050 727 1114 Data
750 1072 825 1114 non.
849 1051 925 1114 mai.
950 1071 1035 1113 anno
1066 1049 1271 1114 dominicae⁰
1300 1049 1472 1114 millesimo
1487 1064 1570 1129 VIII,
1601 1049 1781 1114 indictione
1797 1064 1832 1131 v,
1863 1071 1948 1113 anno
1971 1070 2052 1111 vero
2078 1047 2198 1111 domni

530 1157 682 1221 Heinrici
705 1156 841 1221 secundi
864 1156 1031 1242 regnantis
1046 1170 1099 1239 VI3
1128 1166 1238 1220 actum
1253 1154 1456 1238 Wircibur03
1485 1154 1625 1221 feliciter
1647 1178 1753 1219 amen.
2224 1178 2243 1216 s

1315 1550 1402 1637 176.

533 1740 714 1815 Heinrich
744 1740 891 1815 schenlt
922 1741 987 1815 der
1021 1740 1274 1840 bischbfliclten
1299 1739 1438 1813 Kircbe
1467 1765 1513 1814 zu
1538 1739 1678 1813 Worms
1712 1738 1780 1813 das
1804 1738 1927 1812 Lehen
1953 1738 2015 1812 des
2044 1735 2197 1835 Grafen

534 1859 679 1933 Baetin
704 1861 755 1933 im
781 1860 975 1959 Latapao.
1787 1885 1898 1944 creas
1913 1886 1993 1945 roos
2011 1883 2079 1943 uae
2097 1885 2147 1943 (ι.

648 2102 892 2178 Ompinddiplom
914 2104 956 2162 im
977 2103 1086 2178 mosch.
1105 2100 1305 2162 Staatsarcbt'v
1327 2118 1363 2160 zu
1385 2100 1560 2160 Darat-stadt
1585 2100 1655 2166 (A).

643 2280 742 2355 Litnip
769 2279 837 2338 BA.
857 2282 923 2350 21⁰,
947 2282 1027 2339 1295
1052 2282 1085 2339 (ιο
1102 2280 1159 2337 169
1182 2297 1235 2338 aas
1257 2280 1293 2338 A.
1318 2308 1362 2317 -
1394 2277 1542 2337 Schannat
1562 2277 1643 2335 Hist.
1667 2275 1775 2336 Worm.
1795 2278 1827 2347 2,
1848 2277 1888 2335 37
1908 2277 1995 2334 ‚1⁰44
2017 2294 2055 2334 ar
2074 2276 2199 2335 archim
2222 2295 2251 2334 ro

644 2388 730 2461 episc.
753 2387 861 2446 Worm.
886 2408 928 2434 =
958 2387 1058 2462 illicne
1080 2386 1194 2445 Patrol.
1212 2387 1281 2455 140,
1306 2387 1370 2444 278
1395 2388 1428 2443 a⁰
1443 2386 1491 2443 43.
1516 2414 1560 2422 —
1593 2383 1673 2458 Oria.
1692 2383 1791 2455 Gtaelfi
1807 2383 1914 2453 4298
1937 2384 2004 2441 n⁰5
2025 2400 2080 2441 aas
2104 2381 2130 2441 G
2151 2404 2194 2429 =

643 2493 771 2554 Kremer
797 2493 878 2568 Oria.
895 2493 983 2552 Nass.
1000 2497 1032 2563 2,
1048 2495 1109 2552 100
1130 2495 1163 2552 a⁰
1179 2494 1226 2551 69.
1252 2521 1296 2530 —
1318 2491 1446 2551 Borma
1468 2490 1646 2566 ch.1032.
1671 2519 1715 2527 —
1738 2487 1862 2563 stam
1880 2488 1951 2563 Bep.
1968 2490 2056 2548 1490.

651 2671 784 2742 Versasst
805 2670 865 2729 und
886 2670 1063 2745 peschrieben
1087 2688 1140 2728 voa
1162 2668 1225 2728 EO.

647 2894 704 2973 (C.)
726 2888 744 2978 ξ
766 2890 807 2954 In
829 2890 961 2954 nomine
985 2900 1119 2953 sanctae
1143 2899 1176 2953 et
1198 2888 1389 2953 individuae
1413 2889 1576 2953 trinitatis,
1619 2889 1796 2953 Heinricus
1827 2889 1938 2954 divina
1967 2889 2097 2953 favente
2130 2889 2195 2954 cle

540 2999 663 3062 mentia
685 3020 754 3061 rex.
847 2996 884 3060 Si
907 2995 1143 3060 aecclesiarum
1166 2995 1220 3059 dei
1243 2996 1316 3060 loca
1338 2994 1476 3059 alicuius
1498 2995 1736 3060 commoditatis
1758 2997 1959 3061 incremento
1981 2994 2000 3084 ξ
2022 2995 2244 3060 meliorarem

541 3104 771 3186 studuerimus,
788 3102 882 3167 nobis
899 3103 960 3167 hoc
976 3102 1135 3190 proficere
1152 3103 1284 3166 minime
1302 3101 1488 3165 diffidimus.
1525 3101 1735 3188 Quapropter
1752 3104 1895 3167 onmium
1912 3101 2033 3167 Christi
2048 3102 2195 3167 fidelium

541 3211 741 3298 presentium
766 3208 891 3274 scilicet
913 3232 953 3274 ac
976 3208 1157 3273 futurorum
1179 3209 1308 3273 noverit
1330 3209 1536 3289 universitas,
1561 3208 1700 3295 qualiter·
1717 3232 1776 3273 nos
1797 3208 1838 3273 ob
1862 3209 2042 3274 remedium
2064 3211 2195 3275 animae

542 3318 636 3382 tercii
668 3317 797 3382 Ottonis
827 3317 1032 3401 imperatoris
1062 3337 1123 3380 nec
1153 3338 1218 3379 nou
1249 3326 1379 3378 nostrae
1409 3326 1646 3401 parentumque
1677 3326 1861 3379 nostrorum
1890 3338 1948 3380 seu
1977 3315 2195 3402 Ounigundac

543 3423 775 3488 dilectissimae
792 3421 981 3486 contectalis
996 3432 1127 3485 nostrae
1145 3420 1356 3507 eiusdemque
1372 3422 1559 3485 interventu
1574 3433 1673 3508 atque
1689 3422 1845 3508 petitione
1860 3422 2044 3487 Burchardi
2059 3446 2195 3488 venera-

542 3530 618 3595 bilis
643 3530 790 3615 episcopi
806 3528 1047 3592 Wormaeiensi
1071 3528 1237 3614 episcopio
1262 3539 1294 3591 et
1317 3527 1498 3591 aecclesiae
1528 3528 1561 3591 in
1585 3527 1708 3592 honore
1735 3529 1840 3592 sancti
1862 3529 1952 3592 Petri
1975 3529 2195 3615 apostolorum
2213 3556 2241 3593 ao

544 3637 700 3722 principis
725 3645 930 3699 constructae
953 3656 993 3698 ac
1017 3633 1199 3716 dedicatae,
1231 3633 1386 3720 quicquid
1410 3634 1577 3698 Becilinus
1601 3657 1710 3698 comes
1739 3636 1774 3697 in
1803 3633 1998 3699 beneficium
2027 3637 2128 3700 nostri
2151 3659 2194 3700 ex

543 3752 637 3829 parte
655 3741 813 3805 hactenus
832 3738 946 3804 habuit
964 3752 997 3804 et
1012 3741 1126 3821 tenuit,
1146 3763 1220 3805 curn
1239 3739 1388 3804 omnihus
1407 3742 1477 3804 eius
1496 3742 1706 3827 pertinenciis
1726 3743 1795 3805 sive
1814 3741 2019 3827 appendiciis
2038 3742 2091 3806 vel
2110 3764 2195 3827 quae

543 3846 691 3937 quolibet
705 3846 801 3912 modo
815 3845 880 3911 dici
897 3857 953 3909 aut
969 3844 1069 3911 scribi
1084 3857 1221 3933 possunt
1235 3846 1438 3929 utilitatibus,
1455 3849 1552 3911 situm
1568 3849 1603 3910 in
1618 3870 1704 3933 pago
1716 3847 1879 3933 Loginahi
1895 3849 1929 3911 in
1945 3849 2102 3913 comitatu
2116 3871 2194 3912 vero

545 3954 658 4021 Gerlai
672 3955 808 4035 comitis,
822 3953 883 4017 hac
895 3963 1006 4016 nostra
1017 3952 1197 4039 preceptali
1207 3955 1330 4039 pagina
1341 3955 1467 4039 integre
1480 3953 1690 4018 concedimus
1703 3965 1800 4040 atque
1812 3953 1970 4039 largimur
1980 3977 2020 4019 ac
2033 3954 2074 4019 de
2086 3966 2195 4019 nostro

543 4065 614 4127 iure
638 4063 672 4124 in
695 4062 766 4124 eius
789 4062 840 4123 lus
864 4070 897 4123 et
921 4059 1100 4123 dominium
1118 4060 1249 4124 omnino
1268 4060 1535 4139 transfundimus,
1560 4083 1600 4124 ea
1617 4060 1773 4124 videlicet
1792 4062 1918 4125 ratione
1941 4072 1977 4125 ut
1995 4062 2196 4147 prescriptus
2214 4086 2242 4125 rs

542 4167 755 4233 Burchardus
779 4176 912 4230 sanctae
928 4165 1186 4229 Wormaciensis
1217 4166 1305 4229 sedis
1335 4168 1470 4230 antistes
1501 4166 1541 4230 de
1571 4168 1797 4253 prenominato
1826 4167 1942 4254 predio
1965 4170 2101 4254 eiusque
2124 4189 2195 4253 per-

544 4275 690 4339 tinentiis
713 4275 783 4359 ipse
808 4273 923 4358 suique
948 4294 1154 4335 successores
1173 4271 1291 4336 dehinc
1310 4270 1448 4336 liberam
1466 4271 1609 4337 habeant
1628 4285 1822 4359 potestatem
1845 4273 1989 4338 habendi
2007 4274 2196 4360 possidendi

544 4380 598 4444 vel
622 4378 779 4466 quicquid
803 4380 850 4442 eis
872 4377 1001 4442 libitum
1024 4378 1122 4442 fuerit
1151 4378 1304 4461 faciendi,
1335 4380 1423 4444 omui
1453 4382 1597 4444 omnium
1627 4379 1885 4445 contradictione
1916 4392 2048 4445 remota.
2095 4382 2139 4445 Et
2161 4394 2196 4446 ut

544 4487 627 4550 haec
651 4496 780 4548 nostrae
805 4484 988 4548 donationis
1011 4486 1188 4548 auctoritas
1212 4483 1336 4548 stabilis
1360 4496 1392 4548 ct
1416 4486 1608 4550 inconvulsa
1631 4488 1719 4550 onrni
1742 4498 1933 4572 permaneat
1954 4497 2111 4574 ternpore,
2134 4488 2195 4552 hoc

544 4604 736 4679 preceptum
762 4590 861 4678 [inlde
886 4591 1105 4677 conscriptum
1128 4614 1227 4654 manu
1249 4594 1383 4678 propria
1407 4591 1653 4657 corroborantes
1677 4592 1775 4679 sigilli
1798 4595 1899 4657 nostri
1922 4595 2126 4681 inpressione
2148 4595 2196 4658 in-
2213 4618 2243 4657 so

544 4698 659 4784 signiri
682 4698 845 4761 iussimus.

651 4873 669 4963 ξ
693 4873 829 4959 Signum
853 4874 964 4938 dornni
987 4874 1137 4938 Heinrici
1161 4884 1225 4953 (II.)
1250 4876 1337 4959 regis
1360 4875 1577 4939 invictissimi.
1601 4873 1619 4963 ξ

652 5051 904 5142 ᾔΕὺεὼειτᾶιιε
929 5051 1143 5115 cancellarius
1166 5052 1239 5116 vice
1263 5051 1428 5139 Uuilligisi
1454 5052 1729 5140 archicappellani
1752 5056 1952 5140 recognovit.
1976 5051 1994 5141 ξ
2035 5062 2153 5135 (81.2.)

652 5231 742 5295 Data
754 5244 787 5293 v.
804 5228 878 5292 idus
902 5230 977 5292 mai.
1002 5250 1087 5292 anno
1112 5227 1294 5293 dominicae
1318 5230 1551 5294 incarnationis
1571 5229 1741 5295 millesimo
1758 5245 1835 5313 VIII,
1859 5229 2037 5295 indictione
2054 5246 2088 5313 V,
2112 5254 2199 5296 anno

545 5361 625 5401 vero
650 5337 759 5401 domni
783 5336 931 5400 Heinrici
955 5334 1090 5398 secundi
1114 5336 1281 5419 regnantis
1297 5350 1350 5417 VI,
1378 5348 1487 5400 actum
1511 5334 1658 5418 Triburi3
1686 5336 1827 5402 feliciter
1849 5359 1954 5400 amen.
2215 5372 2243 5412 35

619 5603 683 5658 175.
707 5601 804 5737 (sublini
822 5601 1035 5723 St’eyeltir‘atdaa
1056 5600 1160 5665 seleche
1179 5601 1371 5667 Wenburqer,
1394 5603 1445 5655 aaa
1463 5603 1497 5657 Ν.
1510 5602 1612 5655 Archiv
1630 5606 1656 5670 3,
1675 5607 1709 5656 ss
1733 5603 1894 5657 mertam
1916 5605 1951 5657 iot
2030 5605 2055 5672 e)
2073 5604 2200 5657 datm

722 5690 735 5723 ι
794 5687 906 5725 rncama
930 5687 997 5726 orus.

619 5778 683 5834 lte.
710 5776 863 5847 [Bresslaul.
