4800 6516
1140 450 1604 510 KAISERURKUNDEN.

1344 637 1407 723 25.

543 796 723 872 Heinrich
750 796 916 894 bestc'a‘tiyt
941 793 1021 867 dem
1048 792 1194 866 Kloster
1221 790 1420 864 Memleben
1447 788 1506 861 die
1531 787 1748 860 Immanitd't
1773 784 1855 859 aad
1878 784 1950 859 deu
1978 784 2216 858 Betitzatand

543 916 625 992 uad
648 914 799 989 verleibt
821 913 894 987 ihm
920 910 1111 985 recbtlicbe
1131 908 1408 1008 Gleicdstellonp
1433 909 1500 981 mit
1524 907 1595 980 deta
1612 905 1785 979 Ktostem
1803 903 1938 994 Fnlda,
1968 899 2097 979 Coraci
2125 902 2216 976 aad

544 1036 758 1110 Reicbeoou
783 1034 889 1107 aowin
904 1031 1008 1128 freis
1039 1030 1146 1103 Watt
1173 1030 1234 1103 des
1260 1029 1368 1101 Abies
1392 1027 1474 1100 aad
1497 1026 1559 1099 des
1585 1024 1719 1124 Voptes.

1622 1152 1805 1227 aequaeua
1827 1152 1909 1212 1002
1931 1150 2090 1211 ruane
2107 1152 2162 1209 16.
2236 1170 2250 1209 a

655 1340 900 1415 Odoioaldiplom
929 1338 970 1396 im
999 1338 1027 1395 lc.
1053 1335 1253 1395 Stuotsarcbiv
1282 1354 1318 1394 zu
1347 1333 1491 1406 Mardara
1515 1330 1584 1398 (A).
1612 1360 1657 1369 -
1686 1330 1840 1400 Abscbra'ft
1868 1347 1922 1389 otta
1951 1330 2014 1388 dem
2043 1328 2128 1387 Eade
2160 1328 2213 1387 des

653 1448 702 1507 18.
719 1447 771 1507 Jb.
796 1463 849 1506 aaa
870 1445 933 1504 dem
956 1444 1069 1503 amaa
1090 1443 1161 1501 norb
1184 1442 1277 1501 besser
1298 1441 1460 1499 adulteram
1484 1437 1728 1512 Oripinaldiplom
1750 1437 1783 1494 io
1805 1426 1997 1495 Schmiucke’s
2019 1435 2211 1510 Diplomata·
2377 1426 2378 1459 ¹

652 1554 731 1612 maan
753 1553 930 1612 Hassiacum
953 1551 1054 1619 1,111
1079 1551 1138 1619 aas
1156 1549 1208 1607 der
1230 1548 1258 1606 lc.
1279 1546 1444 1605 Bibliothelc
1465 1564 1502 1603 zu
1522 1543 1618 1602 Caesel
1642 1538 1725 1609 (Αἱ).

659 1696 764 1754 vana
786 1693 871 1753 aas.
897 1692 1101 1767 aasumensi.
1127 1682 1170 1759 3⁶,
1190 1691 1228 1748 ao
1251 1692 1284 1747 a>
1298 1689 1335 1746 41
1366 1706 1420 1746 aas
1441 1686 1469 1744 a
1493 1708 1534 1733 =
1560 1686 1694 1743 vatnam
1720 1685 1752 1743 a
1774 1684 1911 1743 natat
1936 1702 1990 1742 aas
2015 1683 2079 1743 aaa
2103 1683 2211 1743 sesai

654 1800 921 1875 unlauch-antiq.
947 1799 1148 1872 Forachuupen
1172 1798 1202 1866 5,
1220 1797 1269 1854 72.
1294 1824 1339 1833 —
1362 1795 1488 1853 Bo'hmer
1511 1792 1581 1868 aeq.
1602 1793 1670 1850 916.
1694 1821 1739 1830 -
1763 1791 1886 1865 Stamps
1900 1791 1971 1866 Rea.
1992 1791 2077 1849 1334.
2231 1810 2257 1848 io
2377 1782 2378 1807 ³

659 1944 791 2014 Versusst
813 1942 873 2001 aad
895 1971 939 1979 -
962 1941 1015 1999 mit
1037 1940 1201 1998 Anaunion
1223 1939 1298 1997 eines
1319 1956 1375 1995 voa
1396 1936 1456 1995 ΕΒ
1485 1936 1725 2009 aachpetroqouea
1750 1934 1861 1992 Wottes
1883 1963 1927 1972 —
1949 1934 2127 2009 aeschrieben
2152 1953 2209 1992 oon

654 2049 719 2109 EA.
766 2048 883 2108 Dicaea
912 2048 963 2106 hat
992 2046 1226 2105 wahrscbeiuliob
1254 2045 1300 2103 eiu
1328 2045 1497 2111 verlorenea
1528 2043 1580 2101 mit
1602 2041 1746 2115 Jaffd·L.
1771 2040 1842 2116 Rep.
1863 2041 1952 2099 3818.
1978 2042 2057 2099 3819
2078 2041 2209 2116 aapkici

655 2156 872 2231 aoeqefertiqos
895 2154 1027 2228 Prioilep
1050 2153 1202 2211 Benedicta
1222 2150 1291 2209 VH.
1318 2153 1371 2221 fiir
1392 2149 1547 2208 Memleben
1570 2149 1750 2223 vorpelepen;
1774 2148 1826 2205 nait
1848 2148 1901 2206 den
1920 2146 1992 2206 DD.
2016 2147 2208 2206 0.H.194.

655 2265 722 2322 195.
740 2264 799 2321 196
816 2263 926 2320 stimant
944 2280 1001 2319 aar
1014 2261 1077 2319 cine
1094 2258 1400 2332 zusammenbdnpeude
1417 2256 1563 2330 ll'endaap
1585 2274 1638 2315 ooo
1658 2255 1698 2313 D.
1715 2256 1757 2313 25
1781 2255 1903 2313 tiberein
1928 2284 1972 2292 —
1995 2256 2022 2312 A
2045 2254 2096 2313 bot
2113 2254 2208 2314 durch
2377 2242 2378 2327 l

655 2369 851 2444 amaturae
873 2368 939 2427 sar
961 2368 1085 2443 aeliotes,
1112 2366 1183 2424 aaa
1205 2366 1305 2424 caasa
1327 2365 1385 2423 aen
1411 2364 1454 2422 aa·
1476 2362 1673 2421 ananiae
1694 2361 1890 2435 manteau
1914 2361 1983 2419 ‚aaa
2005 2361 2211 2421 canaam
2229 2376 2254 2416 a
2377 2330 2378 2351 ¹

656 2475 770 2551 Sparea
792 2476 844 2534 der
867 2474 981 2544 Schrift
1002 2474 1151 2542 atenaco,
1175 2491 1223 2530 um
1245 2472 1292 2530 die
1314 2472 1430 2529 meisteu
1452 2470 1569 2529 Litcicea
1595 2470 1648 2526 mit
1672 2465 1829 2527 Sicberheit
1851 2468 1997 2538 cassellen
2018 2486 2053 2526 za
2075 2468 2210 2539 leuuca,-

584 2646 589 2653 ,
655 2601 716 2643 was
738 2583 811 2641 auct
833 2600 864 2640 so
887 2582 957 2640 noch
979 2580 1149 2639 ualeserliclt
1172 2579 1254 2648 blieb,
1281 2579 1320 2636 ist
1342 2578 1416 2635 uach
1437 2577 1500 2635 dem
1523 2575 1775 2650 Spracoqebraaco
1796 2575 1846 2634 des
1868 2573 1924 2632 EA
1953 2575 2012 2633 aad
2034 2574 2097 2633 dan
2121 2574 2208 2643 Sina,

655 2695 739 2749 noter
760 2688 1037 2762 Bontcka'cbtiyuop
1058 2687 1111 2745 der
1133 2704 1187 2743 oona
1209 2680 1251 2743 ΑΙ
1274 2685 1421 2758 pebotenea
1444 2683 1594 2752 Losorten,
1617 2687 1733 2755 erpdozt
1754 2681 1878 2740 worden.

657 2866 715 2939 (C.)
739 2855 757 2945 ξ
779 2856 819 2920 In
842 2856 972 2920 nomine
997 2864 1130 2918 sanctae
1155 2864 1187 2917 et
1209 2851 1398 2916 individuae
1422 2851 1585 2915 trinitatis.
1631 2848 1823 2913 Heinchus⁸
1851 2849 1963 2913 divina
1985 2849 2116 2913 favente
2141 2849 2207 2914 cle-

549 2967 673 3030 mentia
702 2987 772 3028 rex.
881 2962 1002 3026 Notum
1033 2962 1074 3024 sit
1105 2958 1254 3023 omnibus
1284 2957 1435 3022 fidelibus
1464 2958 1583 3021 nostris
1613 2954 1841 3043 praesentibus
1871 2955 1996 3020 seilicet
2022 2967 2055 3020 et
2076 2957 2207 3038 futuris,
2226 2981 2251 3019 so

551 3072 691 3158 qualiter
713 3067 912 3134 venerabilis
936 3066 1039 3131 abbas
1062 3067 1192 3130 nomine
1216 3063 1436 3151 Reginoldusb
1463 3076 1608 3128 nostram
1635 3061 1653 3151 ξ
1682 3064 1888 3126 maiestatem
1910 3062 1992 3127 adiit
2014 3063 2208 3149 suppliciter

552 3176 738 3259 obsecrans,
769 3176 966 3239 monasterio
990 3197 1058 3245 suo,
1090 3171 1179 3259 quod
1202 3174 1299 3236 situm
1323 3184 1372 3236 est
1402 3173 1435 3235 in
1465 3171 1537 3235 loeo
1562 3172 1618 3257 qui
1642 3170 1761 3234 dicitur
1783 3168 1958 3234 hlimeleuo
1988 3172 2022 3233 in
2052 3171 2124 3255 ripa
2146 3169 2206 3233 flu-

552 3286 648 3349 minis
672 3282 868 3363 Unstrodae,
892 3292 1003 3345 nostra
1025 3279 1248 3343 munificentia
1271 3279 1549 3343 confirmationem
1568 3278 1639 3341 fieri
1663 3300 1762 3363 super
1783 3278 1855 3363 ipso
1879 3275 1950 3341 loco
1974 3276 2028 3340 vel
2050 3276 2149 3340 rebus
2174 3286 2208 3341 et

552 3392 697 3457 locorum
729 3389 956 3476 pertinentiis⁰
994 3388 1028 3449 in
1061 3385 1115 3450 dei
1148 3387 1279 3449 nomine
1313 3384 1359 3449 ibi
1392 3384 1527 3449 collatis.
1579 3382 1681 3449 Cuius
1713 3384 1862 3470 petitioni
1894 3405 1954 3470 per
1985 3385 2207 3447 interventum

553 3497 692 3561 dilectae
716 3495 863 3581 coniugis
893 3504 1023 3557 nostrae
1047 3491 1263 3578 Cunigrmdae
1291 3491 1446 3556 videlicet
1475 3492 1608 3576 reginae
1642 3488 1689 3578 [ut
1716 3489 1892 3578 oportuit]d
1919 3500 2099 3554 annuentes
2129 3513 2206 3554 con·
2225 3511 2250 3551 ss

553 3603 773 3692 llir]‘¹mamus
797 3613 830 3665 et
852 3624 911 3687 per
933 3601 995 3665 hoc
1020 3610 1149 3663 nostrae
1174 3600 1284 3684 regiae
1313 3600 1494 3663 maiestatis.
1518 3595 1689 3686 [insigne]⁰
1717 3595 1890 3685 pqefatqf
1918 3597 1971 3660 dei
1996 3594 2204 3685 [aeeclesips

554 3709 801 3775 corroboramus
825 3706 1065 3796 p[recc]ptumss
1090 3707 1303 3770 immunitatis
1323 3717 1355 3769 et
1374 3703 1543 3786 libertatis,
1568 3703 1621 3766 vel
1637 3704 1795 3790 quicquid
1818 3703 1865 3767 ibi
1887 3726 1907 3767 a
1930 3716 2062 3768 sanctae
2085 3726 2206 3767 memo-

553 3814 643 3882 riaeh
664 3828 870 3880 antecessore
894 3826 1004 3877 nostro
1022 3814 1141 3878 Ottone
1166 3812 1309 3876 seeundo
1333 3812 1418 3875 dono
1442 3810 1633 3875 concambio
1659 3812 1727 3874 sive
1752 3811 1872 3896 scripto
1897 3810 2050 3873 traditum
2074 3822 2106 3874 et
2129 3833 2205 3875 con·

555 3947 684 3990 cessum
707 3925 776 3987 sive
800 3945 820 3986 a
844 3922 961 4009 ceteris
986 3919 1108 3985 Christi
1131 3918 1282 3983 fidelibus
1307 3918 1418 4004 aliqua
1440 3918 1581 3981 suitam
1604 3918 1666 3980 erit
1689 3915 1852 3981 oblatione
1877 3915 2039 3980 collatum.
2085 3917 2207 3981 Statui-

556 4055 626 4096 mus
650 4031 749 4095 etiam
772 4030 865 4114 regia
887 4027 922 4091 id
944 4028 1113 4091 maiestate
1138 4027 1332 4107 sancientes,
1356 4036 1392 4089 ut
1415 4025 1502 4088 idem
1525 4025 1592 4087 iam
1616 4023 1722 4087 dictus
1746 4023 1837 4088 locus
1861 4034 1893 4087 et
1917 4022 2020 4086 abbas
2044 4046 2118 4087 cum
2142 4023 2206 4087 fra·
2225 4045 2249 4084 ao

555 4138 659 4202 tribus
682 4137 894 4222 hominesque
918 4134 984 4197 illic
1009 4131 1194 4196 habitantes
1218 4129 1289 4196 auti
1321 4130 1367 4194 ibi
1390 4132 1589 4218 pertinentes
1613 4130 1669 4194 tali
1693 4131 1763 4194 iure
1787 4152 1826 4194 ac
1851 4128 2025 4194 stabilitate
2050 4130 2206 4217 deinceps

556 4244 773 4331 perfruantur,
804 4241 893 4328 quali
921 4251 1055 4304 utuntur
1082 4251 1191 4328 cetera
1221 4239 1294 4302 loca
1323 4239 1424 4302 nostri
1454 4238 1532 4300 iuris
1556 4236 1732 4301 Uuldensis
1757 4235 1945 4301 Corbiensis
1976 4250 2008 4300 et
2030 4236 2205 4323 Augensis,

557 4354 685 4437 sintque
708 4349 772 4413 illis
795 4371 854 4435 per
877 4348 986 4410 omnia
1009 4347 1078 4410 iure
1103 4344 1288 4409 stabilitatis
1313 4344 1433 4407 similes
1458 4354 1490 4407 et
1512 4342 1666 4429 aequales
1690 4341 1754 4406 adk
1779 4342 1926 4429 regulam
1950 4344 2054 4408 sancti
2078 4366 2208 4430 semper

556 4456 728 4521 Benedicti
752 4456 967 4519 communiter
988 4454 1148 4532 viventes
1175 4462 1207 4514 et
1229 4450 1309 4514 nulli
1332 4473 1487 4537 umquam
1514 4449 1646 4537 aliquod
1670 4460 1834 4514 terrenum
1857 4451 2031 4515 servicium
2055 4449 2205 4531 debeant,

557 4564 615 4627 sed
639 4574 766 4643 cuncta,
797 4584 860 4647 qut}
890 4558 1012 4623 habent
1041 4558 1096 4621 vel
1124 4560 1159 4621 in
1189 4568 1353 4644 posterum
1384 4556 1526 4621 habituri
1557 4568 1640 4637 sunt,
1672 4572 1757 4621 abbas
1777 4587 1838 4620 cum
1862 4571 2002 4622 monachis
2019 4586 2036 4616 a
2057 4572 2092 4622 ad
2112 4587 2207 4622 eorum
2224 4575 2248 4615 ⁸⁵

557 4686 721 4743 necessaria,
741 4690 824 4748 prout
843 4683 882 4731 eis
901 4682 989 4730 risum
1008 4680 1100 4739 fuerit,
1120 4680 1278 4728 constituat
1298 4686 1379 4742 utque
1394 4679 1539 4742 disponat.
1585 4663 1746 4727 Dedimus
1770 4666 1868 4727 etlam
1892 4665 1939 4728 eis
1961 4663 2100 4728 liberum
2124 4663 2206 4729 elec·

557 4778 653 4840 tionis
684 4774 853 4839 arbitrium
884 4771 1020 4836 abbates
1048 4795 1107 4858 per
1131 4771 1347 4849 decessiones,
1379 4782 1503 4834 remota
1526 4771 1669 4833 omnium
1692 4770 1909 4851 infestatione,
1941 4770 2093 4856 eligendi.
2139 4771 2206 4835 Ad·

557 4895 691 4948 vocatos
714 4903 773 4967 pro
799 4902 857 4943 sua
881 4879 1039 4943 electione
1061 4879 1258 4942 constituant
1282 4889 1348 4957 aut,
1373 4878 1401 4940 si
1424 4875 1565 4962 improbi
1580 4877 1710 4957 firerint,
1735 4877 1964 4942 commutando
1988 4889 2021 4941 et
2043 4877 2124 4942 alios
2147 4899 2206 4965 pro

558 4991 605 5053 eis
636 4986 861 5052 substituendo
886 4985 1052 5071 deponant
1075 4996 1107 5048 et
1130 4983 1251 5048 electos
1282 4984 1351 5046 sine
1382 4982 1519 5046 alieuius
1543 4983 1799 5047 contradictione
1830 4986 1936 5048 securi
1966 4982 2118 5048 habeant.
2165 4984 2208 5048 Et

557 5106 593 5159 ut
616 5095 698 5159 haec
721 5103 832 5157 nostra
855 5092 1023 5157 concessio
1040 5089 1093 5153 vel
1113 5090 1314 5153 confirmatio
1332 5087 1483 5177 stab[i]lis
1507 5103 1539 5152 et
1561 5089 1755 5154 inconvulsa
1776 5102 1976 5176 permaneat,
1999 5089 2084 5154 hanc
2106 5090 2207 5154 nostri
2224 5108 2249 5146 ⁴0

558 5202 727 5288 praecepti
749 5201 903 5285 paginam
927 5220 1026 5261 manu
1049 5197 1182 5283 propria
1205 5195 1395 5260 roborantes
1420 5195 1525 5281 sigillo
1549 5208 1658 5260 nostro
1682 5197 1826 5283 imprimi
1848 5198 2011 5261 iussimus.

665 5341 682 5431 ᾔ
706 5326 844 5427 Sigmim
868 5340 977 5404 domni
1001 5338 1173 5402 Heinrichi
1197 5348 1260 5418 (M.)
1285 5338 1372 5422 regis
1396 5338 1612 5401 invictissimi.
1637 5335 1654 5426 ᾗ

647 5539 693 5593 25.
718 5534 928 5606 [Foltz-Bloch]
998 5540 1023 5601 a)
1050 5535 1075 5585 A
1165 5533 1193 5600 b)
1220 5531 1390 5600 Reginoldus
1417 5549 1467 5584 ron
1494 5533 1546 5584 ER
1574 5535 1603 5585 ia
1629 5534 1717 5597 dofdr
1743 5535 1874 5599 pelassene
1900 5535 1990 5587 Lanka
2015 5535 2208 5601 nacaqoraym

719 5612 743 5675 c)
762 5625 823 5659 rum
842 5605 991 5674 pertinenti
1009 5607 1064 5668 auf
1080 5605 1174 5656 Rosur
1254 5602 1283 5671 d)
1303 5610 1413 5668 optinet
1431 5621 1482 5655 aaa
1499 5604 1536 5654 Δί
1617 5608 1643 5671 e)
1662 5620 1692 5656 ao
1710 5606 1779 5657 noct
1797 5606 1847 5659 dea
1865 5607 1959 5659 Rana
1977 5608 2025 5658 olor
2043 5606 2208 5658 Bucoaaoen

718 5681 776 5730 und
793 5680 851 5731 dom
870 5676 1107 5744 Sprochpebrouch
1125 5677 1170 5727 dos
1188 5677 1237 5726 EA
1264 5681 1391 5740 crudam
1416 5675 1558 5743 insurgere
1576 5676 1613 5726 A*
1703 5675 1726 5741 f)
1751 5683 1862 5744 eructuet
1887 5678 1955 5729 nacla
1976 5678 2026 5729 deos
2043 5677 2137 5729 Restm
2162 5677 2209 5729 der
2224 5684 2248 5725 to

719 5750 885 5803 Baechstuben
905 5749 959 5799 aad
977 5750 1035 5799 dem
1054 5747 1141 5807 Sinon
1163 5746 1270 5814 prefato
1290 5746 1350 5798 loco
1370 5747 1407 5798 A¹
1491 5750 1520 5815 g)
1537 5752 1667 5814 precepta
1692 5749 1729 5798 A*
1814 5748 1843 5815 h)
1862 5765 1878 5801 ο
1897 5764 1966 5803 coar.
1986 5764 2070 5800 assas
2154 5747 2209 5815 i)s

718 5837 788 5874 corr.
808 5836 859 5871 aas
876 5818 886 5870 i
966 5819 995 5885 k)
1014 5818 1049 5871 ad
1067 5834 1146 5885 coar,
1165 5819 1235 5869 wohl
1252 5834 1302 5870 aua
1319 5834 1357 5868 nu
1375 5818 1438 5870 odor
1454 5817 1484 5870 ni
