4828 6520
500 424 565 485 686
1093 422 1558 480 KAISERURKUNDEN.

498 615 684 701 requiescit,
717 612 774 677 nbi
798 635 884 676 nunc
915 611 977 675 deo
1001 610 1129 675 volente
1153 608 1363 674 Theobaldus
1395 607 1497 673 abbas
1530 620 1655 695 preest:
1689 609 1751 673 hoc
1784 620 1833 673 est
1865 610 2010 695 integras
2042 632 2156 674 omnes

497 730 613 802 terras,
637 730 775 805 quantas
799 719 931 782 1661661
954 735 986 781 61
1008 718 1234 803 pertinuerunt
1256 715 1411 780 videlicet
1432 714 1572 779 Paldulfi
1597 715 1673 779 olim
1696 717 1854 801 principis
1873 715 1958 779 infra
1977 716 2035 780 hos
2053 715 2155 779 fines:

498 826 540 890 do
563 827 669 911 prima
691 836 782 911 parte
806 824 870 888 fine
894 823 985 887 finita
1009 823 1049 886 de
1074 821 1223 904 (166166,
1256 822 1296 886 16
1326 821 1472 887 secunda
1502 834 1594 907 parte
1617 821 1682 886 fine
1709 821 1801 886 finita
1824 821 1864 886 16
1888 820 2081 908 Campania,
2113 821 2155 886 de

497 934 601 996 tercia
623 941 715 1017 parte
738 931 803 995 fine
826 927 975 993 11611616
993 927 1132 1013 Gageta,
1156 928 1197 992 (16
1214 940 1330 1015 quarta
1345 940 1438 1013 66116
1453 929 1517 993 fine
1534 929 1646 992 {initae
1663 929 1766 1014 ipsius
1782 928 1930 1014 predicto
1946 930 2154 992 monasterio.

497 1038 589 1102 Infra
611 1038 670 1101 has
694 1048 802 1101 autem
824 1036 907 1100 fines
931 1046 1210 1122 quantascumque
1235 1048 1337 1098 terras
1361 1046 1393 1100 et
1416 1058 1467 1098 res
1491 1035 1622 1099 1661661
1648 1046 1682 1099 61
1704 1036 1930 1121 pertinuerunt
1952 1057 2051 1122 supra
2074 1034 2155 1099 dicti
2178 1054 2194 1094 s

498 1143 661 1209 Paldullld
685 1142 760 1207 olim
792 1143 948 1229 principis
973 1143 1042 1205 6166
1072 1143 1107 1204 16
1130 1140 1235 1227 616616
1259 1140 1312 1205 661
1334 1142 1369 1204 16
1393 1140 1556 1205 montibus
1580 1163 1786 1228 quocumque
1810 1141 1906 1205 modo
1929 1142 1964 1204 in
1987 1142 2058 1226 ipso
2081 1164 2155 1227 pre-

498 1251 565 1314 fato
590 1261 702 1313 sancto
726 1250 923 1313 monasterio
947 1247 1097 1311 dedimus
1120 1258 1218 1334 atque
1243 1248 1473 1329 66666661666,
1505 1258 1600 1333 61661
1630 1249 1713 1311 iuste
1745 1258 1778 1311 et
1800 1246 1949 1332 legaliter
1971 1270 2155 1333 possumus,

498 1380 538 1421 eo
562 1355 650 1443 quod
673 1356 744 1442 ipse
768 1354 960 1418 Paldulfusd
983 1353 1060 1417 olim
1087 1355 1241 1440 princeps
1271 1355 1420 1418 inimicos
1450 1366 1577 1418 nostros
1604 1354 1689 1418 infra
1712 1365 1857 1418 nostram
1879 1355 2084 1439 provinciam
2105 1356 2154 1417 in·

498 1463 615 1527 vitavit
647 1470 680 1525 et
710 1460 907 1542 introduxit,
939 1459 1028 1523 unde
1057 1482 1117 1546 pro
1147 1461 1218 1546 ipso
1248 1461 1363 1524 merito
1394 1458 1489 1546 culpe
1519 1459 1668 1545 legaliter
1697 1482 1809 1524 omnes
1839 1470 1913 1522 166θ
1944 1462 2014 1524 6166
2043 1471 2155 1524 666116

499 1568 620 1633 cecidit
649 1568 772 1654 phisco.
818 1566 898 1630 Ideo
928 1564 1009 1630 illud
1039 1588 1102 1652 666
1132 1565 1312 1652 prelegitur
1341 1566 1427 1629 16116
1455 1566 1602 1652 61611616
1633 1566 1706 1629 finis
1737 1564 1858 1631 ibidem
1883 1565 2033 1631 dedimus
2056 1578 2203 1652 atquem

500 1675 721 1740 concessimus
744 1696 819 1737 cum
842 1674 905 1736 viis
930 1684 961 1736 et
985 1673 1079 1758 aquis
1103 1683 1136 1735 61
1159 1671 1278 1735 auditis
1301 1673 1368 1735 6616
1392 1671 1606 1758 6661166666
1626 1674 1693 1736 6616
1717 1673 1926 1758 pertinenciis
1946 1672 1989 1737 ad
2007 1675 2156 1758 66666111-

499 1791 618 1846 onem⁸
647 1779 797 1866 prephati
827 1779 1015 1843 monasterii
1040 1777 1136 1841 6116
1170 1776 1343 1842 abbatibus
1376 1790 1409 1842 61
1440 1777 1622 1844 1661611166
1655 1780 1724 1842 6166
1755 1776 1875 1842 abendi
1902 1778 2092 1865 possidendi
2115 1801 2155 1843 ac

499 1886 645 1952 faciendi
668 1886 787 1950 exinde
812 1887 921 1949 omnia
944 1906 1008 1971 que
1032 1883 1075 1948 ad
1097 1895 1223 1970 partem
1246 1884 1386 1971 predicti
1413 1886 1602 1949 monasterii
1624 1885 1807 1971 placuerint
1830 1884 1955 1971 absque
1978 1886 2155 1949 contrarie-

499 2004 566 2057 tate
598 1994 783 2079 principum
817 1990 935 2055 ducum
969 1990 1194 2054 marchionum
1228 1992 1382 2055 comitum
1414 1990 1653 2055 castaldeorum
1684 1989 1828 2055 iudicum
1861 1990 2003 2055 sculdais
2030 1990 2083 2054 vel
2114 1991 2155 2056 de

500 2090 736 2185 cuiuscumque
759 2121 899 2185 persona
922 2097 1098 2162 hominum.
1138 2096 1376 2162 Confirmamus
1401 2098 1506 2161 eciam
1529 2096 1623 2161 vobis
1646 2099 1829 2184 vestrisque
1854 2097 2097 2162 successoribus
2120 2098 2156 2161 in
2176 2116 2203 2156 1⁶

500 2217 693 2293 perpetuum
712 2216 826 2287 terras,
851 2226 914 2290 que
934 2203 995 2268 sub
1013 2203 1168 2268 Atenulfo
1188 2202 1307 2267 abbate
1327 2202 1516 2267 Casinensis
1536 2203 1656 2267 eclesia
1674 2205 1787 2285 tenuit,
1812 2203 1966 2268 videlicet
1989 2206 2156 2268 civitatem

501 2312 673 2392 Surenam,
695 2321 836 2375 castrum
857 2309 994 2393 Surella,
1010 2311 1130 2375 Vicum
1150 2308 1282 2391 Album,
1302 2310 1487 2382 Piocinisci‚
1506 2310 1615 2390 Atinc,
1636 2310 1769 2396 Septem
1787 2309 1888 2391 fratri,
1909 2324 2015 2375 castro
2033 2309 2155 2393 Foroli,

500 2419 584 2482 Riuc
605 2416 726 2497 Sclaui,
751 2427 857 2480 castro
876 2416 1012 2502 Erpino,
1037 2428 1168 2480 sanctus
1186 2415 1341 2480 Urbanus
1363 2438 1437 2480 cum
1461 2415 1610 2479 omnibus
1633 2417 1843 2501 pertinenciis
1868 2438 1979 2480 eorum
2003 2416 2155 2497 castellis,

501 2526 690 2589 comitatum
713 2522 904 2609 Aquinense
928 2533 1041 2601 totum,
1073 2524 1156 2586 sicut
1179 2545 1200 2586 a
1222 2521 1373 2585 Laidnlfo
1396 2524 1545 2608 principe
1568 2545 1634 2587 666
1657 2545 1731 2587 666
1755 2533 1861 2587 castro
1884 2523 1981 2586 Arcis
2004 2522 2157 2587 11666661

498 2630 612 2696 abbati
635 2652 828 2694 concessum
852 2640 910 2709 661,
941 2651 1007 2692 666
1037 2651 1112 2693 6661
1142 2627 1274 2713 reliquis
1305 2628 1446 2692 castellis
1476 2627 1519 2691 ad
1550 2630 1638 2714 ipsos
1661 2629 1832 2693 comitatus
1857 2629 2056 2714 pertinentes
2080 2651 2156 2693 cum
2174 2652 2202 2691 16

498 2738 567 2801 6616
588 2736 809 2822 pertinenciis,
834 2734 989 2798 videlicet
1007 2744 1134 2798 montes
1153 2733 1252 2798 colles
1271 2734 1377 2820 planis
1397 2734 1492 2798 cultis
1512 2734 1564 2798 661
1584 2733 1713 2799 incultis
1732 2736 1826 2820 aquis
1846 2734 2030 2799 molentinis
2049 2736 2155 2821 pisca-

499 2841 648 2908 cionibus
672 2852 705 2906 et
728 2840 912 2906 hominibus
937 2842 992 2927 qui
1016 2841 1102 2904 infra
1123 2839 1288 2927 predictos
1311 2840 1393 2904 fines
1415 2840 1561 2905 resident
1582 2841 1636 2905 vel
1658 2840 1840 2905 residentes
1863 2842 1994 2923 fuerint,
2025 2842 2059 2905 in
2082 2864 2155 2928 per·

499 2960 634 3036 petuum
658 2946 701 3011 ad
723 2948 963 3034 possessionem
986 2946 1105 3032 prefati
1127 2948 1316 3011 monasterii
1339 2946 1483 3011 habendi
1505 2970 1544 3012 ac
1567 2946 1766 3034 possidendi.
1807 2946 2025 3012 Concedimus
2049 2949 2155 3013 eciam

500 3066 534 3120 et
563 3054 791 3120 confirmamus
821 3076 860 3117 ac
890 3054 925 3116 in
955 3062 1148 3139 perpetuum
1179 3050 1371 3118 roboramus
1400 3076 1460 3139 per
1483 3052 1544 3118 hoc
1567 3054 1769 3140 pragmatica
1794 3055 1977 3119 sanccionis
2001 3054 2154 3136 edictum,

500 3160 679 3248 quicquid‘
703 3158 808 3223 eidem
833 3157 1014 3223 venerabili
1037 3158 1109 3223 loco
1134 3157 1245 3222 datum
1269 3158 1412 3224 oblatum
1432 3182 1623 3225 concessum
1642 3182 1681 3224 66
1698 3172 1929 3225 6666616166
1953 3172 2002 3225 661
2025 3162 2059 3224 16
2082 3183 2154 3246 per·
2173 3182 2202 3222 11

500 3277 645 3353 petuum.
670 3265 835 3352 Quicquid
851 3264 1291 3352 661666111666661666168
1308 3265 1403 3330 dictis
1419 3264 1517 3330 rebus
1534 3289 1666 3353 sperare
1682 3276 1819 3353 poterat,
1840 3290 1898 3354 pro
1921 3268 2028 3331 anime
2045 3280 2154 3332 nostre

500 3382 534 3435 61
556 3371 824 3457 predecessorum
847 3382 1031 3435 nostrorum
1061 3372 1291 3458 imperatomm
1315 3372 1460 3436 remedio
1483 3371 1696 3436 luminaribus
1721 3373 1868 3437 6166166
1891 3373 2030 3459 66616616
2053 3373 2155 3458 1666-

500 3487 596 3542 tetur.
634 3477 837 3562 Precipimus
862 3478 977 3559 eciam,
1001 3487 1037 3541 ut
1061 3476 1101 3540 de
1125 3499 1224 3562 supra
1247 3477 1343 3542 dictis
1362 3477 1459 3543 rebus
1476 3478 1673 3565 ubicumque
1690 3479 1863 3544 damnosas
1879 3480 2155 3545 commutaciones

500 3583 554 3647 vel
576 3582 706 3649 illicitas
737 3584 1000 3669 conscripcioncs
1031 3593 1232 3648 evacuentur
1262 3595 1294 3648 et
1324 3586 1358 3647 in
1388 3586 1437 3648 166
1471 3596 1502 3648 61
1525 3596 1718 3671 6616616166
1742 3609 1841 3672 66616
1865 3585 1943 3650 dicti
1966 3586 2156 3650 monasterii

500 3690 701 3775 redigantur.
748 3689 783 3753 si
816 3700 925 3753 autem
958 3690 1119 3775 quispiam
1152 3711 1214 3753 666
1246 3700 1390 3754 6661166
1422 3692 1666 3755 concessionem
1699 3691 2001 3778 quomodocumque
2031 3691 2155 3756 violare
2174 3713 2202 3753 ao

500 3925 589 3967 mere
613 3911 722 3988 nostre
746 3910 779 3964 61
801 3900 976 3965 medietate
995 3900 1142 3987 predicto
1161 3900 1273 3965 abbati
1288 3902 1349 3966 ,vel
1365 3903 1431 3965 suis
1448 3902 1701 3987 successoribus,
1726 3903 1834 3969 etheo
1849 3914 1960 3968 nostra
1976 3905 2156 3985 concessio,

501 4007 543 4072 de
563 4007 680 4095 quibus
700 4008 854 4089 continet,
877 4007 972 4070 firma
993 4017 1184 4093 permaneat
1205 4009 1239 4071 16
1261 4019 1464 4094 661661666.
1504 4008 1602 4088 Quod
1624 4009 1690 4073 ud⁸
1714 4010 1823 4075 verius
1847 4009 1999 4074 credatur
2021 4032 2061 4074 ac
2084 4009 2156 4074 dili·

500 4117 636 4201 gencius
668 4113 711 4177 ab
744 4111 895 4177 omnibus
927 4111 1128 4196 observetur,
1161 4136 1260 4178 manu
1291 4125 1404 4178 nostra
1436 4113 1590 4179 roborare
1624 4126 1657 4179 et
1688 4116 1777 4180 anuli
1806 4117 1910 4181 nostri
1940 4118 2155 4203 impressione

501 4220 614 4285 subter
635 4220 721 4284 hanc
745 4219 901 4304 insignire
926 4218 1140 4283 decrevimus.
2174 4256 2201 4296 ω

609 4335 746 4421 Signum
770 4333 880 4398 domni
899 4332 1093 4397 Η611161161*ι
1116 4335 1313 4398 serenissimi
1337 4357 1377 4400 ac
1400 4336 1605 4399 invictissimi
1623 4336 1842 4401 Romanorum
1866 4338 2070 4423 imperatoris
2090 4344 2155 4417 (M.)

502 4441 641 4527 agusti⁸.

608 4549 681 4634 Ego
704 4546 903 4611 Benedictus
926 4555 1038 4609 sancte
1063 4546 1220 4611 catholice
1244 4558 1278 4612 61
1300 4547 1477 4635 apostolice
1495 4547 1640 4613 Romane
1665 4547 1752 4612 sedis
1775 4550 1947 4636 episcopus
1971 4550 2056 4615 hanc
2080 4573 2155 4615 con-

502 4656 684 4720 cessionem
706 4651 840 4718 laudavi
869 4661 902 4715 et
932 4649 993 4714 sub
1018 4652 1224 4717 anathemate
1255 4655 1289 4717 in
1319 4664 1466 4718 eternum
1489 4654 1600 4718 valere
1629 4657 1773 4740 precepi.
1819 4655 1891 4741 Ego
1915 4654 2031 4742 Pubpo
2055 4657 2155 4743 patri·

501 4759 603 4825 archa
624 4759 855 4847 Aquilegensis
879 4778 938 4842 pro
963 4758 1126 4844 episcopis
1149 4757 1280 4840 Emilie,
1302 4758 1437 4845 Ligurie
1462 4769 1494 4824 et
1515 4760 1611 4823 161116
1635 4759 1823 4847 subscripsi.
1862 4761 1934 4847 Ego
1958 4761 2155 4849 Beligrimus
2172 4787 2201 4827 ro

502 4866 706 4931 Coloniensis
730 4863 995 4949 archiepiscopus
1026 4885 1085 4948 pro
1116 4862 1265 4927 omnibus
1289 4866 1452 4951 episcopis
1476 4863 1583 4930 Gallie
1607 4877 1640 4930 et
1661 4865 1766 4947 Italic,
1799 4868 1855 4953 qni
1877 4878 2046 4953 presentes
2070 4880 2154 4951 sunt,

501 4995 554 5037 me
578 4970 766 5058 subscripsi.
812 4969 884 5054 Ego
909 4965 1102 5034 Choaradus
1126 4970 1195 5034 dux
1218 4969 1406 5058 subscripsi.

609 5085 1312 5153 *111661611666666661161166616611166161
1330 5085 1629 5173 Papendegressis¹
1655 5088 1801 5175 episcopi
1823 5100 1855 5152 et
1875 5088 2157 5155 archicancellarii

501 5194 701 5279 recognovit.

608 5307 705 5372 Anno
725 5307 767 5373 ab
786 5309 1017 5373 incarnacione
1039 5307 1160 5372 domini
1178 5305 1348 5370 millesimo
1367 5308 1523 5372 vicesimo
1543 5309 1697 5391 secundo,
1718 5309 1901 5374 indiccione
1916 5325 1951 5393 v,
1971 5332 2057 5375 anno
2076 5333 2155 5376 vero
2173 5334 2202 5375 es

503 5414 613 5479 domni
625 5414 816 5479 Hehinrici⁸
833 5413 1098 5479 exellentissimi⁸
1114 5435 1154 5477 66
1169 5412 1374 5477 invictissimi
1389 5413 1607 5479 Romanorum
1623 5416 1827 5500 imperatoris
1843 5418 1973 5501 augusti
1988 5419 2157 5502 regnantis

500 5522 658 5585 vicesimo
682 5521 836 5603 secundo,
860 5520 1049 5607 imperantis
1073 5529 1182 5583 autem
1204 5540 1306 5601 nono,
1336 5529 1444 5583 actum
1467 5520 1501 5583 in
1524 5519 1635 5584 Monte
1660 5518 1797 5605 Casino,
1825 5522 1964 5586 feliciter
1985 5545 2092 5587 amen.

573 5678 638 5735 110.
662 5678 811 5803 66611116
881 5676 1039 5749 (1)Ρ61(1611
1055 5678 1080 5730 B
1152 5679 1178 5745 6)
1197 5693 1247 5730 rex
1264 5677 1290 5729 B
1362 5676 1388 5746 1)
1408 5690 1475 5742 douc
1492 5679 1518 5730 B
1583 5682 1613 5748 g)
1635 5696 1740 5748 strupra
1755 5681 1781 5733 B
1844 5679 1962 5747 1666166
1979 5682 2004 5733 Β
2066 5680 2088 5749 1)
2104 5684 2158 5749 661.

691 5793 697 5806 .
808 5767 851 5806 ,6.
