4760 6512
518 362 584 426 330
1116 372 1579 430 KAISERURKUNDEN.

625 566 678 624 der
697 565 869 625 Petitdmclr
891 567 1047 626 beuicbnet
1067 567 1121 626 das
1140 567 1305 627 Verldltais
1326 586 1362 626 zu
1383 567 1447 627 dem
1469 586 1523 627 voa
1546 585 1600 627 aaa
1622 568 1815 642 uerqlicltesen
1835 566 1971 643 Osipisal
1992 567 2086 627 dieser
2105 567 2168 626 VU.

627 672 668 730 im
692 670 920 746 Capiteborcliv
941 690 977 731 za
998 672 1141 732 Feroro.

625 804 684 889 (c.)
712 800 731 891 ᾖ
760 803 929 867 Inomine⁸
959 816 1072 891 sancte
1102 816 1135 868 et
1164 804 1334 890 individue
1365 805 1530 869 trinitatis
1582 803 1758 869 Heinricus
1792 803 1906 868 divina
1939 804 2070 868 favente
2105 803 2169 868 cle·

517 911 641 974 mentia
662 931 732 973 rex.
851 923 881 974 Si
907 922 1087 974 ecclesiaram
1112 925 1157 975 dei
1183 940 1276 975 curam
1301 926 1421 989 gerimus
1448 940 1549 989 easque
1575 922 1691 974 dilatare
1716 923 1910 983 studuerimus,
1936 926 2022 975 nostri
2045 909 2169 995 regali⁸

518 1030 658 1095 fatigium
678 1033 848 1094 augmentari
860 1022 875 1095 ff
887 1031 996 1080 minime
1016 1029 1173 1080 diffidimus.
1208 1030 1347 1091 Quocirca
1365 1031 1486 1081 omnium
1505 1036 1600 1080 sancte
1619 1031 1664 1079 dei
1679 1028 1814 1080 ecclesiae
1826 1028 1948 1080 fidelium
1959 1038 2169 1096 nostrorumque
2191 1043 2205 1083 a

519 1136 704 1202 praesentium
724 1151 756 1185 ac
775 1136 930 1185 futurorum
949 1136 1059 1186 noverit
1076 1136 1220 1196 industria,
1246 1135 1364 1201 qualiter
1382 1138 1509 1186 canonici
1534 1144 1646 1186 sanctae
1665 1136 1834 1187 Ferariensis
1860 1134 1996 1187 ecclesiae
2018 1137 2047 1186 in
2064 1137 2168 1187 bonore

519 1242 607 1291 sancti
625 1254 642 1285 a
663 1241 778 1305 Georgii
797 1245 975 1291 constructa·
994 1248 1115 1291 nostram
1134 1242 1260 1292 adierunt
1279 1240 1478 1302 celsitudinem,
1503 1243 1672 1292 nominative
1692 1226 1872 1314 Gregorius
1896 1227 2168 1314 archipresbyter,

518 1333 635 1397 Petrus
659 1331 922 1415 archidiaconus,
943 1332 1049 1396 Azoni
1071 1331 1279 1419 presbytero,
1302 1333 1449 1397 Ricnlius
1473 1331 1658 1420 presbyter,
1684 1333 1802 1398 Uitalis
1825 1332 1998 1420 presbyter
2020 1349 2168 1413 cunctique

518 1455 604 1520 ipsius
623 1454 764 1504 canonici
782 1452 878 1503 ordine
897 1453 1048 1512 constituti,
1067 1450 1207 1503 humiliter
1225 1454 1413 1518 deprecantes,
1433 1454 1562 1518 quatinus
1581 1469 1632 1504 nos
1649 1470 1698 1518 pro
1711 1454 1756 1504 dei
1772 1470 1864 1504 amore
1878 1462 2043 1519 nostraeque
2061 1456 2168 1504 animae

518 1560 639 1610 remedio
657 1574 751 1609 omnes
768 1574 811 1608 res
829 1564 856 1608 et
872 1560 1063 1624 proprietates,
1082 1574 1153 1623 quae
1171 1559 1259 1608 eidem
1276 1558 1410 1609 ecelesiae
1427 1554 1585 1624 pertinerel
1603 1560 1740 1618 videntur,
1764 1560 1792 1610 id
1811 1568 1853 1611 est
1870 1555 1958 1610 villab
1977 1577 2048 1626 quae
2067 1560 2168 1611 dicitur
2187 1574 2212 1612 to

519 1665 696 1726 Quartisiana
713 1670 740 1713 et
753 1664 838 1715 fundo
852 1663 1083 1715 Contra-Padum
1096 1672 1124 1714 et
1138 1662 1218 1714 lococ
1236 1677 1254 1708 s
1269 1663 1378 1715 Cnrrnli
1392 1674 1420 1715 et
1433 1665 1523 1731 Caput
1535 1665 1613 1715 Reda
1625 1672 1652 1715 et
1666 1664 1783 1716 Baniolo
1802 1674 1830 1716 et
1843 1666 1999 1717 Uuarciaca
2014 1673 2042 1717 et
2058 1674 2168 1716 caetera

519 1787 591 1836 qnae
610 1771 665 1820 iam
684 1771 775 1820 dictae
795 1768 930 1821 ecclesiae
949 1770 984 1820 sd
1003 1776 1109 1836 partem
1129 1772 1324 1821 canonicorum
1343 1773 1490 1836 pertinet⁸,
1510 1769 1590 1821 villas
1607 1785 1624 1815 s
1646 1778 1732 1821 terras
1752 1773 1847 1823 vincas
1866 1780 1958 1838 pratas
1978 1788 2059 1837 agros
2077 1771 2167 1822 cultos

519 1886 547 1929 et
571 1877 692 1928 incultos
722 1871 1029 1942 aquis‘lsquarnmque
1056 1877 1215 1926 decursibus
1240 1878 1407 1942 piscationes
1433 1878 1592 1927 venationes
1622 1894 1671 1927 seu
1698 1877 1854 1928 molendina
1879 1894 1973 1928 servos
2000 1886 2027 1928 et
2052 1877 2167 1930 ancillas

518 1983 644 2035 aldiones
664 1992 692 2034 et
710 1983 834 2034 aldianas
850 1996 868 2028 s
888 1982 1022 2049 planicies
1040 1981 1125 2032 silvas
1144 1996 1194 2032 seu
1214 1990 1327 2032 cunctae
1346 1998 1389 2032 res
1413 1982 1528 2033 mobiles
1555 1990 1583 2034 et
1607 1983 1760 2035 immobiles
1786 1999 1856 2048 quae
1882 1985 1938 2033 dici
1962 1982 2006 2035 rel
2032 1986 2167 2036 nominari

518 2092 641 2157 possit·
661 2096 688 2140 et
707 2106 813 2139 omnem
832 2087 1053 2155 supellectilem⁰
1072 2104 1122 2138 seu
1142 2089 1274 2153 quicquid
1292 2083 1405 2138 tenents
1424 2091 1564 2154 possident
1583 2090 1685 2140 habent
1703 2097 1759 2140 tam
1782 2089 1816 2139 de
1834 2096 1912 2156 parte
1931 2089 2066 2141 ecclcsiae
2086 2107 2166 2156 qnam
2185 2104 2210 2143 aa

518 2198 552 2247 de
580 2199 624 2246 sui
651 2212 819 2261 suorumque
846 2203 990 2261 parentum
1018 2194 1170 2245 hereditate
1199 2193 1243 2244 vel
1271 2196 1454 2259 conquisitum
1486 2211 1535 2260 per
1565 2194 1659 2260 aliqua
1686 2202 1822 2246 cartarum
1848 2197 1996 2256 munima⁸,
2024 2213 2058 2247 ea
2085 2199 2166 2248 etiam

517 2302 649 2353 videlicet
665 2304 770 2353 ratione
788 2308 819 2352 nt
835 2299 929 2352 nullus
946 2302 1073 2350 iniuriam
1090 2300 1272 2350 residentibus
1289 2316 1373 2366 super
1389 2308 1476 2351 terras
1493 2303 1614 2367 ipsorum
1631 2304 1824 2353 canonicorum
1838 2302 1943 2353 colonis
1961 2302 2166 2368 colonabusque

516 2409 608 2460 iacere
634 2410 757 2460 audere&
782 2425 833 2459 nec
859 2410 932 2473 ipsos
957 2409 1013 2457 iam
1039 2406 1128 2456 dictos
1154 2404 1269 2456 clericos
1297 2407 1468 2471 destringere
1496 2406 1642 2457 molestare
1670 2408 1771 2459 audeat
1797 2410 1830 2459 de
1856 2410 1962 2459 cunctis
1986 2407 2167 2458 facultatibus

517 2530 612 2566 eornm
632 2517 690 2565 sine
710 2514 853 2565 voluntate
873 2520 900 2564 et
919 2528 1055 2564 consensu
1074 2514 1161 2577 ipsius
1188 2511 1322 2563 ecclesiae
1349 2512 1493 2578 praesulis,
1520 2520 1668 2578 praecepto
1694 2514 1907 2564 continuationis
1931 2522 1960 2564 et
1984 2515 2166 2565 roborationis

517 2622 694 2672 corroborare
712 2627 739 2670 et
753 2620 926 2670 confirmari·
943 2619 1137 2684 dignaremus·
1157 2626 1184 2668 et
1202 2619 1254 2669 sub
1274 2626 1366 2669 nostra
1386 2619 1544 2669 defensione
1564 2619 1710 2669 duodecim
1729 2621 1852 2671 homines
1872 2622 1957 2686 ipsias
1976 2621 2096 2671 civitatis
2114 2623 2165 2670 sub
2183 2634 2209 2672 to

516 2735 611 2779 nostra
638 2728 798 2777 defensione
829 2727 1020 2792 reciperemus,
1049 2727 1096 2790 qui
1123 2742 1171 2776 eos
1197 2727 1307 2790 navigio
1328 2719 1440 2783 dueesh,
1469 2741 1644 2790 quocumque
1670 2741 1736 2775 usus
1763 2742 1857 2775 eorum
1883 2729 2080 2777 canonicorum
2104 2728 2165 2787 init,

515 2835 573 2883 sine
600 2835 673 2884 omni
698 2835 802 2899 precio.
840 2836 962 2895 Quorum
988 2828 1103 2899 dignlils
1128 2831 1360 2899 postulationibus
1387 2833 1599 2892 consentientes,
1625 2840 1706 2897 prout
1730 2833 1802 2882 iuste
1822 2839 1850 2883 et
1869 2831 1994 2897 legaliter
2011 2850 2165 2900 possumus,

516 2939 707 2990 confirmamus
726 2949 754 2990 et
773 2941 979 2990 corroboramus
998 2956 1092 2990 omnes
1111 2955 1206 2990 eorum
1223 2954 1265 2989 res
1279 2936 1393 2988 mobiles
1407 2946 1435 2988 et
1452 2937 1605 2988 immobiles
1620 2946 1675 2988 tam
1692 2939 1726 2989 de
1743 2946 1821 3004 parte
1838 2937 1985 2990 ecclesiae
2002 2935 2063 2991 dei¹
2084 2956 2165 3005 quam

516 3048 550 3096 de
569 3061 681 3096 suorum
700 3045 913 3111 proprietatibus
931 3047 990 3096 sive
1009 3046 1187 3096 concedimus
1206 3046 1281 3110 ipsis,
1300 3050 1331 3093 ut
1350 3043 1450 3109 aliquis
1475 3031 1575 3116 ipsis⁸
1599 3046 1653 3095 iam
1678 3043 1845 3111 praelibatos
1869 3046 2017 3096 canonicos
2042 3063 2099 3097 non
2123 3048 2163 3097 in·

515 3153 617 3201 iuriare
642 3158 798 3217 praesumat
824 3152 858 3201 de
882 3153 939 3201 suis
957 3151 1136 3202 facultatibus
1155 3167 1245 3215 neque
1265 3152 1377 3209 minuat,
1404 3151 1453 3199 sed
1474 3149 1555 3201 liceat
1574 3152 1614 3200 eis
1633 3151 1701 3201 haec
1720 3152 1812 3201 omnia
1830 3167 1901 3216 quae
1926 3168 2011 3218 supra
2037 3151 2165 3218 legantur
2181 3162 2207 3201 tt

516 3259 609 3322 quiete
635 3258 786 3322 pacificae⁸
810 3265 903 3307 tenere
929 3258 1077 3322 possidere,
1103 3259 1223 3307 omnium
1249 3258 1388 3307 hominurn
1414 3259 1632 3308 contradictione
1659 3266 1771 3309 remota.
1815 3260 2019 3324 Praecipientes
2046 3260 2164 3325 denique

515 3364 649 3421 iubemus,
670 3370 700 3413 ut
718 3362 810 3413 nullus
829 3365 883 3413 dux
903 3364 1023 3414 marchio
1040 3364 1262 3429 archiepiscopus
1280 3365 1425 3428 episcopus
1442 3380 1533 3413 comcs
1551 3366 1704 3414 vicecomes
1721 3363 1851 3429 nullaque
1867 3366 1953 3415 nostri
1970 3366 2048 3430 regni
2065 3382 2164 3431 magns

514 3468 560 3519 vel
579 3485 665 3534 parva
683 3485 800 3535 persona
819 3470 852 3519 de
872 3470 978 3519 cunctis
998 3470 1209 3534 praenominatis
1234 3470 1316 3519 rebus
1341 3476 1397 3519 torn
1417 3471 1449 3519 de
1469 3469 1594 3520 ecclesiia
1615 3486 1696 3534 quam
1715 3472 1748 3521 de
1768 3472 1825 3521 suis
1844 3487 1892 3521 eos
1910 3469 2037 3522 molestet
2056 3473 2116 3523 sive
2135 3475 2163 3523 in

515 3574 638 3641 placito
658 3584 714 3625 eos
732 3561 891 3641 molestet,
911 3573 1025 3625 colonos
1044 3582 1072 3624 et
1091 3573 1203 3625 colonas
1223 3576 1385 3640 distringere
1404 3591 1454 3625 sen
1473 3575 1593 3640 aliquam
1612 3576 1749 3641 publicam
1765 3578 1927 3628 functione⁸
1945 3576 2053 3628 solvere
2072 3588 2163 3644 cogat,

515 3683 568 3732 nisi
595 3683 647 3747 ipsi
673 3683 808 3740 canonici,
835 3690 862 3732 et
888 3679 981 3732 nullus
1007 3696 1054 3731 eos
1080 3682 1113 3731 de
1137 3682 1219 3731 rebus
1238 3683 1380 3746 acquisitis
1398 3681 1442 3732 vel
1462 3683 1637 3747 adquirendis
1657 3683 1800 3733 disvestire
1818 3685 1877 3734 sine
1898 3678 2001 3749 legalil
2017 3698 2034 3729 a
2055 3685 2163 3736 iuditio.
2180 3698 2207 3738 to

516 3788 545 3838 Si
563 3789 624 3853 quis
640 3794 732 3838 autem
749 3789 829 3837 huius
848 3788 953 3837 nostri
971 3788 1144 3837 auctoritatis
1160 3788 1289 3853 paginam
1305 3786 1408 3839 uiolare
1425 3791 1607 3853 temptaverit,
1627 3791 1697 3839 sciat
1713 3807 1742 3839 se
1760 3792 1974 3856 compositurum
1990 3793 2051 3842 anri
2067 3794 2163 3857 optimi

516 3892 600 3945 libras
619 3902 737 3955 centum,
756 3895 929 3945 medietatem
952 3894 1061 3944 kamere
1078 3900 1188 3943 nostrae
1210 3900 1238 3944 et
1256 3894 1430 3944 medietatem
1449 3896 1503 3945 iam
1522 3895 1603 3945 dictis
1622 3897 1763 3947 canonicis
1782 3912 1930 3961 eorumque
1949 3900 2163 3949 successoribus,

516 4001 597 4062 Quod
616 4008 647 4052 ut
665 4003 756 4052 verius
775 4003 902 4052 credatur
921 3999 1134 4065 diligentiusque
1158 4001 1193 4049 ab
1212 4000 1338 4051 omuibus
1358 4002 1526 4061 observetur,
1549 4018 1630 4052 manu
1649 4004 1760 4067 propria
1779 4004 1939 4054 roborantes
1957 4002 2049 4069 sigillo
2068 4012 2162 4055 nostro

514 4109 639 4173 insigniri
658 4110 795 4158 iussimus.

620 4215 638 4306 ᾖ
662 4217 798 4303 Signum
822 4216 932 4281 domni
954 4217 1103 4281 Heinrici
1127 4217 1190 4303 (M.)
1214 4217 1419 4281 invictissimi
1443 4218 1539 4302 regis.
1564 4215 1581 4304 ξ
2179 4250 2206 4289 a

619 4348 637 4438 ξ
655 4350 830 4414 Heinricus
843 4349 1057 4414 cancellarius
1070 4350 1142 4413 vice
1153 4349 1316 4414 Euerardi
1328 4350 1475 4436 episcopi
1488 4359 1520 4414 et
1532 4349 1787 4436 archicapellani
1799 4353 1999 4439 recognovit
2011 4350 2030 4441 ᾔ
2045 4358 2162 4433 (Sin.)

618 4482 742 4545 Datum
772 4504 858 4547 anno
887 4482 1071 4547 dominicae
1100 4482 1332 4546 incarnationis
1362 4471 1486 4563 imm,
1522 4482 1698 4547 indictione
1728 4499 1794 4566 ΧΗ,
1826 4507 1911 4549 anno
1940 4507 2019 4550 vero
2050 4485 2161 4551 domni

512 4588 660 4652 Heinrici
685 4589 771 4673 regis
795 4586 929 4652 secundi
953 4588 1119 4672 regnantis
1142 4602 1208 4669 xn3
1240 4599 1349 4651 actum
1371 4587 1542 4669 Rauenne3
1573 4588 1712 4654 feliciter
1735 4613 1840 4655 amen.

1289 4848 1382 4935 280.

509 5002 690 5077 Heinrich
715 5002 882 5102 beotdtipt
905 5001 986 5075 deca
1003 5001 1237 5099 Domcapitel
1262 5028 1332 5076 von
1357 5002 1527 5102 Boloyoo
1554 5003 1625 5076 den
1650 5002 1877 5106 lcdniyliclcen
1899 5003 2038 5096 Solate,
2064 5009 2161 5080 seiae
2176 5046 2203 5085 o

507 5121 745 5220 Beoitzouqen
771 5120 852 5194 ond
874 5118 1081 5217 Eiukt'infte
1105 5119 1187 5193 aad
1211 5119 1270 5193 die
1294 5116 1519 5195 immuniter.
1727 5150 1868 5210 &omna
1892 5151 1969 5210 1014
1991 5181 2036 5190 -
2059 5182 2113 5212 -,

618 5301 863 5376 Oriqisaldiplom
884 5302 926 5359 im
951 5298 1177 5374 Capitelsarchiv
1199 5317 1235 5357 za
1256 5298 1388 5374 Boloqno
1412 5292 1485 5373 (A).

577 5468 643 5524 279.
704 5466 925 5536 tensius-Lenel]
962 5470 988 5533 a)
1008 5469 1033 5518 A
1105 5465 1134 5533 b)
1156 5465 1295 5532 pertinere
1319 5465 1401 5518 viden
1427 5508 1434 5521 .
1460 5508 1466 5521 .
1494 5508 1500 5521 .
1526 5464 1593 5518 villa
1612 5466 1673 5522 VU.
1750 5469 1776 5535 c)
1796 5468 1924 5520 dobinter
1940 5469 2030 5521 Lsiclse
2052 5471 2081 5521 ia
2099 5469 2157 5525 ΥΠ.

685 5542 696 5605 )
713 5538 723 5590 i
740 5554 810 5593 corr,
829 5554 881 5591 oua
899 5555 915 5592 a
976 5542 1002 5601 e)
1019 5534 1189 5607 suplectilem
1207 5538 1234 5587 Δ
1294 5536 1320 5603 l)
1336 5537 1387 5588 das
1403 5540 1493 5589 cecata
1509 5554 1527 5589 n
1546 5537 1611 5588 aber
1627 5538 1677 5590 der
1693 5539 1764 5592 Zesle
1781 5540 1975 5606 noctem-apat
2034 5540 2065 5608 g)
2084 5542 2156 5593 Δι-

670 5610 740 5673 VU,
758 5616 822 5661 rtott
840 5607 954 5669 audeat,·
972 5608 1004 5660 ob
1021 5608 1149 5659 datam
1167 5623 1200 5659 ac
1217 5609 1247 5657 is
1265 5608 1314 5659 der
1332 5607 1388 5662 VU.
1407 5608 1495 5671 nond,
1514 5611 1549 5659 ist
1566 5607 1640 5659 sucht
1656 5610 1744 5661 sicle
1809 5608 1838 5677 h)
1855 5612 1890 5675 A,
1907 5616 1972 5664 doti
1990 5608 2093 5664 ducant
2109 5611 2158 5664 der
2173 5631 2201 5671 aa

671 5681 727 5734 VU.
800 5679 820 5748 i)
844 5678 1021 5734 eeclesiarum
1039 5676 1085 5729 dei
1101 5677 1159 5731 VU.
1230 5676 1259 5744 k)
1283 5684 1439 5746 praesumat
1457 5678 1643 5732 manastica
1661 5681 1837 5747 auantiae-sen.
