4836 6492
863 428 1102 486 HEINRICH
1124 431 1163 486 II.
1197 429 1294 487 1022.
1854 420 1917 482 597

263 620 408 670 territoriis
426 620 493 681 suis,
518 636 567 671 seu
587 622 683 681 eciem,
708 623 782 672 sicut
806 637 889 689 supra
915 621 1024 687 legitur,
1050 623 1242 675 confirmamus
1260 624 1349 675 eidem
1368 623 1535 675 monasterio
1555 619 1701 673 ecclesiam
1719 621 1807 671 sancti
1825 619 1920 687 Magni

265 720 337 790 [ἰιι]0
366 725 482 778 castello
508 727 610 794 Magno
639 744 701 779 cum
729 730 906 795 pertinenciis
932 730 998 791 sirm,
1029 744 1046 777 s
1069 729 1215 781 ecclesiam
1240 731 1329 782 sancti
1353 728 1454 795 Angeli
1479 729 1509 780 in
1533 727 1674 779 Altissirno
1699 743 1783 793 super
1807 727 1921 778 fluvium

264 833 404 884 Biieruum
422 836 450 885 in
466 834 566 885 finibus
580 834 684 901 Campo
696 835 804 886 Moruni
822 851 884 887 curn
903 837 1027 888 eiusdem
1045 836 1162 907 ecclesie
1181 837 1411 895 hereditatem⁸‚
1431 851 1485 901 que
1503 836 1592 887 estin
1611 833 1784 901 longitudine
1802 832 1922 886 miliaria

264 942 319 992 duo
343 938 377 992 et
398 928 433 992 in
456 926 628 992 latitudine
651 927 812 993 miliario⁸
834 940 930 1011 uno‘,
956 960 1008 995 nec
1033 961 1091 996 non
1112 944 1259 1015 ecclesiam
1277 946 1367 996 sancti
1386 944 1517 995 Iohannis
1535 958 1599 993 cum
1617 943 1744 992 omuibus
1762 942 1844 992 rebus
1863 942 1921 992 suis

231 1050 293 1106 sin
319 1065 385 1099 casa
410 1047 535 1100 Pollucis
561 1056 589 1101 et
614 1047 780 1119 ecclesiam
805 1052 895 1101 sancti
913 1050 989 1102 Petri
1016 1053 1045 1103 iu
1072 1053 1173 1104 linibus
1198 1054 1232 1104 de
1257 1052 1378 1103 Laureto
1407 1066 1469 1101 cum
1497 1051 1625 1101 omnibus
1651 1050 1826 1115 pertinenciis
1854 1050 1920 1108 suis,

264 1152 413 1207 sanctum
431 1141 596 1228 Angelum
618 1143 654 1207 in
671 1140 870 1207 Palumbum
893 1166 968 1209 cum
991 1144 1141 1209 omnibus
1165 1147 1232 1210 suis
1255 1145 1476 1231 pertinenciis,
1501 1154 1650 1208 sanctum
1672 1141 1856 1207 Michahel⁸
1879 1141 1921 1233 de

265 1248 397 1315 Sessele
427 1271 501 1314 cum
532 1248 683 1314 omnibus
713 1249 780 1314 suis
811 1251 1033 1336 pertinenciis,
1064 1262 1211 1317 sanctam
1235 1250 1375 1317 Crucem
1402 1252 1489 1316 intus
1516 1250 1551 1315 in
1574 1250 1707 1315 civitate
1729 1248 1921 1337 Neapolim?

264 1379 339 1422 cum
362 1355 512 1422 omnibus
536 1357 604 1421 suis
627 1357 849 1443 pertinenciis,
872 1359 907 1422 in
926 1356 1052 1445 Campo
1071 1358 1253 1425 Senarcuni
1271 1369 1392 1422 terram
1415 1357 1555 1422 miliaria
1576 1358 1639 1421 tria
1660 1357 1696 1421 in
1718 1355 1921 1443 longitudine

265 1474 298 1529 et
319 1486 421 1528 unum
444 1463 479 1527 iu
500 1461 683 1546 latitudine,
708 1462 880 1553 ecclesium
904 1475 1017 1530 sancte
1036 1465 1206 1531 Trinitatis
1224 1466 1317 1530 iuxta
1334 1463 1470 1530 fluvium
1487 1463 1658 1529 Bifemum
1677 1486 1751 1529 cum
1770 1463 1921 1529 omnihus

220 1600 247 1640 ro
264 1572 332 1636 suis
364 1570 577 1657 pertinenciis
610 1580 642 1635 et
675 1569 848 1658 ecclesiam
881 1573 986 1636 sancti
1008 1572 1142 1637 Martini
1172 1573 1205 1636 in
1236 1570 1370 1638 castello
1399 1570 1538 1636 Mesene
1568 1593 1643 1635 cum
1673 1568 1823 1636 omnibus
1854 1572 1921 1635 suis

264 1678 474 1764 pertinenciis
505 1687 538 1741 et
568 1676 741 1767 ecclesiam
770 1680 876 1743 sancti
897 1678 1053 1744 Iohannis
1083 1679 1117 1743 in
1139 1690 1249 1744 monte
1272 1678 1433 1743 Taheuua
1463 1701 1537 1743 cum
1565 1679 1632 1743 suis
1655 1679 1866 1765 pertinenciis
1889 1689 1922 1744 et

265 1783 428 1849 ecclesie⁸
451 1785 557 1849 sancti
579 1783 811 1867 Bartholomei,
843 1806 907 1872 que
938 1796 988 1851 est
1008 1787 1103 1851 iuxta
1125 1784 1294 1852 castellum
1317 1787 1422 1850 sancti
1445 1785 1611 1867 Iohannis,
1635 1807 1710 1849 cum
1733 1785 1801 1850 suis
1823 1786 1921 1872 perti-

264 1892 390 1956 nenciis
414 1901 447 1955 et
470 1890 573 1956 cella⁸
596 1892 702 1956 sancti
724 1890 845 1978 Angcli
874 1893 968 1957 iuxta
991 1894 1157 1958 civitatem
1180 1893 1396 1957 Arianensem
1428 1915 1502 1957 curu
1532 1889 1682 1957 omnibus
1711 1893 1922 1979 pertinenciis

265 1999 333 2062 suis
356 2008 389 2063 ct
412 1997 528 2063 cellam
551 1999 656 2064 sancti
681 1996 834 2085 Gregorii
856 1999 891 2062 in
915 2000 1070 2065 comitatu
1092 2000 1240 2086 Frigenti
1263 2022 1338 2066 cum
1368 2000 1435 2064 suis
1457 2000 1669 2086 pertinenciis
1692 2010 1726 2064 et
1748 1998 1922 2085 ecclesiam

220 2133 247 2174 rs
266 2105 372 2170 sancti
389 2105 457 2169 Biti
480 2107 515 2169 in
538 2105 694 2171 comitatu
709 2104 898 2170 vulturaria
920 2116 954 2170 et
983 2105 1144 2196 ecclesia²
1167 2108 1272 2172 sancti
1296 2105 1454 2193 Stephani
1477 2108 1563 2172 intus
1587 2107 1622 2171 in
1645 2107 1777 2172 civitate
1800 2106 1921 2172 Luceri

265 2235 340 2278 cum
372 2211 523 2277 omuibus
554 2213 765 2299 pertinenciis
797 2213 865 2277 suis
897 2222 931 2277 et
963 2212 1136 2301 ecclesiam
1168 2214 1274 2278 sancti
1303 2212 1427 2277 Donati
1459 2214 1493 2276 in
1525 2210 1813 2278 Leonecuhuntem
1846 2236 1921 2278 cum

264 2319 415 2385 omnibus
438 2321 505 2384 suis
528 2320 739 2407 pertinenciis
763 2331 795 2385 et
819 2319 991 2409 ecclesiam
1015 2331 1127 2385 sancte
1146 2319 1262 2386 Crucis
1285 2321 1319 2384 iu
1337 2318 1422 2385 Nola
1441 2342 1515 2384 curu
1537 2316 1687 2384 omnibus
1710 2321 1921 2406 pertinenciis

264 2428 343 2509 suis,
366 2440 496 2492 videlicet
522 2442 648 2492 omuibus
673 2442 702 2491 iu
727 2443 865 2506 integrum
890 2442 970 2492 terris
995 2441 1128 2493 hedificiis
1154 2425 1236 2491 sub‘¹
1260 2458 1290 2492 se
1315 2441 1479 2492 habentibus
1501 2442 1589 2492 vineis
1615 2442 1700 2508 pratis
1719 2443 1822 2508 campis
1841 2443 1923 2508 equis

265 2564 433 2615 aquarumve
459 2549 620 2599 decursibus
646 2547 809 2599 molendinis
834 2549 1039 2615 piscacionibus
1065 2550 1137 2600 casis
1162 2549 1327 2601 domnicatis
1352 2546 1473 2599 castellis
1491 2547 1565 2599 villis
1591 2555 1619 2599 et
1638 2547 1771 2616 cappellis
1789 2550 1875 2599 serris
1894 2556 1923 2600 et

219 2668 248 2709 n
265 2655 374 2707 ancillis
400 2657 539 2708 montibus
565 2662 593 2706 et
616 2654 791 2722 planiciebus
816 2654 914 2706 insulis
939 2657 1079 2707 frmcariis
1108 2655 1189 2708 cultis
1218 2662 1245 2707 et
1272 2654 1384 2707 incultis
1409 2656 1491 2706 rebus
1516 2653 1665 2706 mobilibus
1691 2664 1719 2708 et
1743 2655 1924 2707 inmobilibus

265 2762 385 2816 aldionis
399 2771 427 2814 et
439 2762 566 2814 aldiabus
580 2763 777 2814 commendatis
790 2778 938 2829 eorumque
955 2761 1204 2829 suppellectilibus,
1223 2778 1284 2814 curn
1304 2763 1431 2813 omuibus
1450 2763 1617 2814 adiacenciis
1637 2763 1672 2814 sd
1691 2765 1792 2814 huiusr
1813 2765 1922 2815 eciam?

264 2873 405 2923 nominate
430 2869 547 2941 ecclesie
573 2877 667 2922 sancte
693 2869 794 2940 Sophie
819 2871 879 2922 inre
905 2886 938 2920 ac
964 2868 1086 2936 legitime
1111 2870 1311 2936 pertinentibus
1336 2868 1380 2920 vel
1406 2870 1605 2936 aspicientibus
1629 2871 1745 2936 integre,
1770 2878 1825 2921 tam
1850 2871 1924 2922 inira

265 2977 394 3029 Italicum
420 2994 535 3045 rognum
561 2994 643 3044 quarn
671 2972 778 3029 scians
804 2978 833 3028 iu
857 2976 957 3047 Apulip
984 2960 1142 3049 partibus.
1187 2977 1375 3043 Precipieutes
1402 2977 1497 3042 itaque
1525 2977 1659 3039 iubemus,
1687 2984 1718 3029 nt
1743 2977 1837 3029 nullus
1865 2981 1921 3031 dux

265 3086 387 3138 marchio
406 3088 534 3153 princeps
553 3086 778 3152 archiepiscopus
798 3086 945 3152 episcopus
963 3100 1056 3136 comes
1074 3099 1124 3136 seu
1143 3082 1218 3135 ullus
1235 3085 1317 3136 homo
1334 3099 1450 3150 magnus
1467 3086 1527 3136 sive
1543 3101 1643 3151 pervus
1660 3087 1693 3136 de
1713 3087 1848 3147 omnibus,
1867 3104 1922 3155 que

219 3205 248 3245 tt
265 3195 404 3262 pertinent
429 3195 464 3245 ad
489 3194 652 3261 prephatum
678 3194 874 3244 monasterium
900 3188 933 3242 et
958 3193 1095 3259 pertinere
1121 3192 1257 3253 ridentur,
1282 3197 1338 3243 tam
1364 3193 1445 3244 rebus
1470 3207 1627 3258 quamque
1652 3192 1764 3245 familiis
1785 3210 1816 3246 se
1834 3196 1920 3248 intro·

265 3304 373 3353 mittere
401 3301 588 3367 calumpniare
617 3300 762 3352 disvestire
790 3306 839 3350 aut
865 3298 1012 3351 molestare
1039 3305 1180 3366 presumat
1206 3300 1261 3350 iarn
1289 3298 1393 3350 dictum
1421 3300 1584 3366 Gregorium
1616 3302 1743 3353 abbatem
1775 3309 1824 3354 aut
1852 3320 1923 3355 suos

264 3425 449 3461 successores.
486 3409 515 3460 si
537 3410 599 3474 quis
619 3423 684 3458 vero
709 3407 763 3459 hoc
789 3413 950 3474 preceptum
975 3409 1005 3458 in
1029 3406 1124 3472 aliquo
1149 3405 1304 3466 violaverit,
1329 3408 1400 3458 sciat
1424 3424 1454 3459 se
1480 3409 1697 3475 compositurum
1722 3412 1781 3461 auri
1807 3398 1921 3484 optimi

265 3516 350 3568 libras
370 3501 490 3591 luilly,
509 3516 683 3566 medietatem
702 3530 811 3565 camere
830 3520 923 3565 nostre
943 3519 970 3564 et
988 3514 1162 3564 medietatem
1181 3515 1306 3581 predicto
1323 3514 1417 3566 abbati
1434 3521 1482 3566 aut
1498 3517 1574 3566 suis·
1592 3518 1809 3568 successoribus.
1840 3520 1921 3581 Quod

265 3631 297 3675 ut
316 3630 420 3674 certum
440 3638 499 3675 esse
519 3624 647 3674 credatur
665 3623 699 3673 eb
719 3622 844 3673 omnibus
863 3628 891 3672 et
910 3621 1080 3681 observetur,
1105 3619 1177 3672 hanc
1196 3622 1326 3687 paginam
1344 3637 1426 3672 manu
1446 3624 1557 3689 propria
1576 3624 1786 3675 corroborantes
1803 3625 1921 3691 sigillari

219 3739 248 3780 te
264 3732 446 3799 precepimus.

373 3867 596 3933 Theodericus
620 3866 834 3931 cancellarius
856 3866 930 3931 vice
948 3863 1111 3930 Eberardi
1128 3864 1404 3952 Pepehergiensis
1428 3865 1567 3956 ecclesie
1590 3868 1736 3956 episcopi
1759 3880 1792 3934 et
1815 3870 1920 3937 archi·

265 3975 449 4064 cappellani
472 3975 594 4040 notavi.

372 4136 461 4201 Data
483 4144 576 4200 sexto
599 4133 673 4199 idus
695 4134 811 4198 marcii
834 4155 920 4198 anno
944 4131 1106 4198 dominice
1129 4133 1370 4198 incarnacionis
1391 4131 1563 4198 millesimo
1582 4135 1739 4200 vicesimo
1763 4137 1921 4222 secundo,

265 4244 449 4311 indiccione
479 4244 602 4329 quinta,
633 4262 718 4305 anno
748 4241 843 4327 regni
873 4239 984 4305 domni
1006 4238 1154 4304 Heinrici
1185 4237 1390 4323 duodecimo,
1419 4240 1549 4327 imperii
1572 4262 1651 4306 vero
1677 4264 1778 4327 uon03
1810 4255 1920 4310 actum

220 4380 248 4422 rs
264 4351 469 4434 Beneuento,
497 4348 644 4415 feliciter.

1044 4628 1140 4716 469.

263 4804 444 4882 Heinrich
478 4804 643 4905 beaupr
676 4802 756 4877 dem
788 4800 935 4876 Kloster
964 4797 1044 4877 Suo
1069 4798 1244 4900 Sepulcro
1275 4803 1317 4876 iu
1350 4801 1508 4877 Noceoti
1540 4808 1638 4879 sene
1670 4804 1918 4909 Besitzeopen,

263 4924 517 5002 imbesorrdere
542 4922 602 4998 die
626 4920 847 4996 numentliclr
872 4919 1146 5020 auspefitlrrten.
1481 4949 1625 5012 Bam,
1647 4952 1730 5013 1022
1752 4983 1796 4992 -
1818 4984 1872 5015 -,

374 5140 619 5219 Orioiaoldrplom
640 5139 682 5199 im
704 5139 733 5199 lc.
753 5136 954 5198 Stuotsarctiv
975 5155 1011 5197 rs
1033 5137 1163 5198 Floreat
1186 5137 1258 5206 (A).

217 5324 249 5365 eo
371 5302 491 5363 Forslli
509 5303 586 5362 Asin.
605 5301 637 5361 di
657 5298 689 5361 S.
709 5298 843 5375 Sepulcro
862 5300 902 5363 10
918 5300 967 5360 cit.
987 5329 1031 5338 —
1049 5298 1208 5359 Mittorelli
1225 5299 1301 5358 Aac.
1323 5296 1453 5358 Gomold.
1475 5290 1523 5370 1⁸,
1537 5301 1602 5360 252
1624 5302 1656 5359 η’
1671 5301 1731 5364 rto
1748 5320 1802 5361 aas
1819 5303 1856 5363 A.
1874 5333 1918 5342 —

372 5409 497 5485 Stampf
510 5408 582 5486 Res.
599 5408 688 5468 1784.

335 5648 401 5706 res.
425 5646 846 5719 0)ru=uu.,·feuosns
905 5649 936 5770 p)
957 5644 1246 5713 s,·rntneivmrem
1263 5642 1409 5713 nemum
1427 5646 1493 5703 Νυ.
1556 5648 1918 5720 campi-crustas

424 5722 535 5778 iaNU.
590 5714 1917 5787 r)1r=vn,srarrainunmmwnnmemumroucumdemtm

423 5794 655 5861 maeander
726 5786 1252 5858 ornarrumoseunisques.
