4800 6516
857 467 1095 524 HEINRIOH
1117 469 1156 524 Π.
1198 467 1294 525 1002.
1862 462 1905 525 27

354 662 455 724 Simia
476 663 687 724 de’Veaeziaai
709 666 741 734 2,
759 664 822 724 264
844 664 933 724 Dru.
963 682 1017 724 arcs
1038 663 1079 725 D.
1110 695 1155 704 -
1184 665 1332 724 Romania
1355 662 1455 724 Stoi-ia
1484 664 1517 723 di
1542 663 1662 724 Veneria
1684 665 1713 735 1,
1735 664 1797 723 387
1817 666 1851 724 πθ
1866 666 1906 724 16

353 789 407 830 aras
429 769 471 841 D,
495 776 569 830 trata
590 771 684 831 seiner
704 771 903 846 pepentcilipea
925 769 1061 845 Aapabe;
1083 772 1239 831 ebertdaber
1261 772 1335 830 wohl
1357 772 1429 830 auch
1452 770 1499 830 die
1521 771 1761 846 Verbesserunpea
1783 773 1815 842 2,
1832 772 1903 832 468.

353 906 398 918 -
427 877 507 937 Mori.
541 877 638 938 Germ
672 876 766 936 Garat.
791 879 820 948 1,
843 878 884 936 57
905 878 940 936 a⁰
959 878 1003 936 27
1029 895 1083 937 aaa
1108 876 1163 937 OD
1186 877 1259 945 (K).
1290 907 1335 916 -
1364 877 1491 936 Bo'bmcr
1513 876 1584 953 Bep.
1610 878 1677 936 915.
1709 906 1754 916 -
1784 875 1908 952 Stumps

353 983 425 1060 Ray.
448 985 533 1043 1333.

359 1143 492 1215 Versaaat
513 1162 569 1202 voa
583 1141 650 1213 EA,
673 1143 725 1202 der
746 1142 800 1201 dea
822 1143 931 1201 Dterea
950 1142 1106 1203 Urbuodea
1128 1143 1275 1203 bucam
1297 1142 1361 1202 bier
1383 1142 1443 1201 aad
1460 1142 1500 1201 da
1521 1142 1613 1217 ciaipe
1634 1142 1732 1203 Wcrte
1754 1142 1900 1203 coabbate.

248 1272 254 1279 ·
358 1249 447 1309 Ueber
473 1249 520 1308 die
542 1249 633 1308 Foris
662 1249 711 1308 das
732 1248 888 1323 Praecepta
916 1267 940 1308 s.
964 1248 1063 1308 Forata
1091 1248 1228 1308 Mittbcil.
1256 1249 1306 1308 des
1328 1248 1426 1308 Iri-stit.
1458 1250 1483 1320 s.
1508 1248 1684 1308 oettmeicb.
1712 1248 1901 1322 Gmcbmbtss.

352 1355 426 1431 Dra.
447 1357 476 1426 1,
495 1357 564 1417 108.
611 1356 657 1414 Za
685 1356 749 1414 dem
777 1373 832 1414 voa
855 1354 966 1415 Hirrus
988 1356 1093 1417 Jahrb.
1119 1357 1222 1425 1,169
1244 1355 1284 1414 N.
1305 1356 1324 1413 3
1347 1354 1576 1429 aapoeweiselten
1603 1354 1678 1413 rial
1700 1355 1750 1414 dea
1772 1355 1903 1431 Herzops

353 1462 460 1523 Petrus
481 1463 537 1537 opi.
562 1462 766 1521 Koblscbrttter
785 1461 907 1537 Venediq
928 1467 1013 1521 amer
1033 1461 1096 1521 dem
1119 1462 1234 1537 Herzoy
1252 1460 1339 1520 Peter
1353 1460 1399 1520 II.
1427 1460 1544 1520 Orseolo
1561 1460 1842 1536 (Gettiapen1868)
1861 1463 1902 1521 44

353 1570 393 1629 N.
411 1571 438 1628 1.
467 1598 512 1607 -
541 1569 604 1627 Wie
625 1567 658 1628 D
680 1570 735 1640 sar
756 1568 804 1627 die
825 1567 1010 1643 Heratellaoy
1032 1568 1081 1628 des
1107 1568 1263 1627 Tartesia
1285 1572 1376 1627 erster
1398 1567 1486 1626 Lioie
1507 1568 1539 1626 ia
1561 1567 1701 1626 Beuum
1723 1568 1840 1639 kommt,
1869 1587 1900 1628 so

353 1677 443 1735 habea
469 1676 526 1734 wir
548 1675 620 1734 auch
647 1675 723 1734 seiae
748 1674 959 1750 Orihcqrapbie
986 1693 1022 1734 aa
1046 1674 1166 1734 Grande
1193 1675 1291 1749 relect,
1320 1674 1368 1733 die
1393 1674 1555 1748 desierim
1577 1673 1626 1733 des
1648 1673 1720 1745 DA,
1750 1674 1901 1750 obpescbca

352 1801 407 1841 oon
429 1781 540 1856 eiaiyen
562 1781 768 1856 Eipeuaamca,
791 1782 847 1840 ciel
868 1781 959 1840 nuber
980 1761 1053 1841 stelit
1075 1782 1120 1841 als
1141 1781 1189 1840 die
1209 1799 1265 1840 voa
1290 1778 1315 1840 G
1334 1780 1510 1855 gebrauchte.

353 1965 392 2029 ln
423 1967 554 2031 nomine
589 1978 701 2055 sancte
734 1976 767 2030 et
799 1965 969 2054 individue
1002 1967 1166 2030 trinitatis.
1218 1965 1382 2030 Henricus
1415 1965 1529 2029 divina
1563 1965 1694 2030 favente
1727 1965 1901 2031 clementia

246 2094 316 2136 rex.
425 2072 546 2136 Notum
577 2073 619 2135 sit
648 2070 798 2136 omnibus
821 2070 972 2136 fidelibus
999 2074 1118 2136 nostris
1147 2071 1353 2161 presentibus
1383 2071 1510 2136 scilicet
1539 2081 1572 2135 et
1600 2070 1728 2154 futuris,
1760 2071 1900 2158 qualiter

246 2176 444 2242 venerabilis
475 2178 543 2242 dux
572 2177 805 2242 Ueneticorum
835 2190 868 2242 et
896 2177 1204 2242 Dalmatianorum⁸
1237 2179 1368 2242 nomine
1398 2177 1515 2243 Petrus
1544 2200 1611 2242 una
1641 2200 1715 2242 cum
1743 2177 1810 2243 filio
1840 2201 1899 2243 suo

202 2308 229 2348 rs
246 2281 413 2349 Iohanneb
441 2283 589 2348 similiter
612 2283 695 2348 duce
718 2306 778 2370 per
801 2283 955 2349 dilectum
978 2282 1072 2349 nobis
1095 2280 1295 2348 Iohannemb
1323 2283 1498 2349 diaconum
1522 2295 1555 2348 et
1577 2307 1671 2348 suum
1694 2283 1899 2370 capellanum

245 2402 390 2455 nostram
409 2390 509 2455 adiit⁰
530 2391 733 2455 maiestatem
753 2390 964 2477 suppliciterd
983 2391 1148 2476 rogitans⁰
1169 2391 1296 2476 regium
1313 2401 1423 2479 nostre
1440 2390 1692 2455 confirmationis
1707 2401 1899 2478 preceptum

246 2519 345 2583 super
374 2497 424 2561 his
455 2495 568 2579 rebus,
599 2519 680 2583 quas
708 2495 782 2561 velf
808 2498 879 2583 ipse
903 2496 1020 2560 Petrus
1050 2496 1103 2560 vel
1132 2508 1226 2583 pater
1256 2518 1334 2560 suus
1364 2519 1423 2561 seu
1453 2509 1676 2562 antecessores
1706 2496 1807 2561 duces
1837 2496 1897 2561 sub

246 2603 363 2667 nostris
387 2601 648 2667 antecessoribus
672 2601 803 2688 regibus
827 2613 860 2667 et
882 2600 1132 2689 imperatoribus
1161 2624 1266 2689 usque
1294 2602 1337 2667 ad
1360 2615 1470 2667 nostra
1493 2614 1641 2688 tempora
1664 2602 1750 2667 dono
1778 2604 1898 2689 scripto

246 2709 316 2773 sive
339 2719 436 2795 pacto
460 2709 495 2772 in
517 2731 618 2795 regno
634 2708 749 2773 Italico
765 2708 1015 2795 possederunt&
1053 2708 1177 2773 Eorum
1200 2709 1300 2794 igitur
1322 2720 1358 2773 ut
1381 2710 1524 2795 oportuit
1546 2710 1695 2795 petitioni
1718 2719 1898 2773 annuentes

199 2840 228 2880 ao
245 2837 306 2901 per
335 2816 554 2879 interventum
577 2815 696 2903 dilecte
726 2815 875 2900 coniugis
904 2825 1014 2903 nostre
1044 2812 1241 2902 Ounigrmde
1270 2814 1425 2880 videlicet
1453 2816 1567 2905 regine
1597 2817 1763 2902 nostrique
1792 2814 1898 2879 fidelis

247 2918 386 3007 Opertih
414 2920 614 2985 Ueronensis
645 2920 785 3009 ecclesie
812 2921 959 3007 episcopi
986 2943 1046 3007 per
1068 2919 1130 2984 hoc
1154 2922 1245 3006 regie
1268 2921 1437 3007 potestatis
1460 2922 1589 3007 insigne
1614 2920 1843 2986 confirmamus
1867 2932 1899 2986 et

245 3037 404 3114 perpetua
427 3026 491 3091 illis
514 3026 690 3091 stabilitate
710 3008 956 3091 corroboramus
980 3027 1089 3091 omnia
1112 3049 1132 3090 a
1155 3028 1273 3091 nostris
1296 3025 1541 3113 precessoribus
1559 3027 1647 3092 facta
1669 3038 1842 3117 precepta3
1866 3038 1899 3092 et

246 3132 402 3220 quicquid
425 3156 446 3197 a
468 3145 614 3220 tempore
639 3132 761 3197 domini
784 3133 913 3198 Ottonis
936 3133 1032 3219 primi
1056 3155 1076 3196 a
1099 3134 1166 3196 suis
1190 3132 1418 3197 decessoribus
1441 3134 1511 3197 sive
1535 3156 1555 3197 a
1578 3133 1645 3197 suis
1669 3133 1816 3198 ecclesiis
1840 3131 1891 3198 in¹

246 3239 458 3304 Ueronensik
488 3240 634 3304 marchia
663 3240 733 3303 sive
764 3240 798 3303 in
820 3238 968 3303 Istriensi
995 3240 1152 3303 comitatu
1181 3238 1338 3303 hactenus
1368 3261 1555 3325 possessum
1579 3250 1642 3322 est,
1672 3251 1785 3305 nostra
1808 3240 1898 3305 dein·

200 3371 227 3411 rs
246 3369 324 3432 ceps
347 3344 496 3410 libertate
520 3343 765 3432 possideanturl
797 3367 871 3410 cum
895 3344 1138 3410 confirmatione
1161 3346 1260 3430 pacti,
1289 3344 1378 3431 quod
1401 3345 1563 3410 secundus
1587 3346 1664 3412 Otto
1680 3346 1812 3436 Verane
1835 3346 1898 3410 sibi

246 3452 333 3516 fecit.
379 3451 518 3539 Insuper
541 3454 639 3516 etiam
663 3446 713 3535 ea,
741 3474 825 3539 quae
854 3461 966 3539 sancte
996 3451 1231 3515 recordationis
1260 3453 1369 3516 senior
1396 3464 1507 3516 noster
1528 3453 1642 3516 tertius
1667 3452 1744 3518 Otto
1768 3453 1802 3516 in
1824 3476 1897 3542 pre-

246 3559 334 3623 dicta
356 3559 502 3623 marchia
525 3569 558 3623 et
580 3559 614 3622 in
636 3558 815 3622 Istriensi¹1¹
839 3560 994 3623 comitatu
1017 3555 1079 3621 sibi
1103 3567 1135 3621 et
1159 3557 1225 3620 suis
1250 3556 1397 3622 ecclesiis
1420 3557 1600 3644 preceptali
1624 3559 1800 3645 scriptione
1823 3582 1896 3648 pos-

246 3664 383 3729 sidenda
399 3667 560 3730 concessit
583 3667 653 3730 sive
672 3665 886 3747 confirmavit,
910 3664 1029 3753 prefati
1052 3663 1153 3728 duces
1177 3665 1291 3750 suique
1315 3686 1520 3728 successores
1544 3676 1577 3729 et
1600 3664 1738 3755 ecclesie
1761 3665 1898 3731 licenter

245 3772 279 3835 in
302 3773 465 3858 integrum
488 3782 630 3854 teneant,
654 3772 724 3836 sive
748 3770 905 3858 quicquid
927 3771 962 3834 in
984 3769 1133 3858 predicta
1155 3771 1326 3856 provincia
1348 3793 1407 3856 per
1430 3770 1589 3835 cartulam
1611 3770 1783 3836 libellariin
1810 3795 1897 3837 nunc

200 3904 228 3944 so
245 3888 366 3960 tenent,
397 3879 467 3942 sine
492 3877 726 3942 molestatione
740 3889 881 3942 teneant.
928 3877 1152 3963 Pracipientes
1182 3877 1282 3961 igitur
1311 3875 1470 3959 iubemus,
1501 3890 1537 3941 ut
1564 3877 1671 3942 nullus
1695 3877 1764 3942 dux
1787 3900 1897 3943 comes

144 4028 151 4049 ,
245 3986 429 4049 vicecomes
452 3984 596 4048 marchio
620 3985 711 4047 sive⁰
734 3983 844 4070 aliqua
866 3984 959 4069 regni
982 3984 1084 4046 nostri
1107 4005 1227 4068 magna
1250 3982 1304 4046 vel
1326 4005 1429 4070 parva
1451 3994 1613 4069 persona⁰
1637 4007 1692 4049 eos
1711 3984 1766 4048 vel
1784 4007 1897 4049 eorum

246 4090 402 4156 ecclesias
426 4102 458 4155 et
480 4113 686 4155 successores
709 4092 743 4154 in
767 4090 838 4153 hislJ
864 4089 1036 4153 molestare
1060 4088 1189 4153 audeat.
1225 4087 1322 4169 Quod
1346 4090 1374 4153 si
1398 4090 1470 4176 quis
1493 4089 1618 4171 fecerit,
1644 4102 1774 4155 centum
1797 4090 1897 4155 libras

246 4198 317 4261 auri
340 4198 433 4262 iuxta
456 4197 562 4283 legem
585 4207 769 4283 componat.
804 4196 847 4260 Et
870 4206 907 4259 ut
929 4195 990 4259 hcc
1013 4206 1123 4259 nostra
1147 4194 1349 4259 confirmatio
1373 4195 1565 4260 inconvulsa
1587 4209 1787 4284 permaneat,
1812 4196 1898 4261 banc

245 4306 346 4368 nostri
370 4305 518 4390 precepti
541 4304 696 4390 paginam
719 4325 819 4366 manu
841 4302 973 4389 propria
996 4300 1321 4365 roborantesnostro
1345 4300 1451 4388 sigillo
1475 4302 1617 4388 imprimi
1639 4303 1803 4367 iussimus.

200 4489 228 4531 ss
354 4462 490 4549 Signum
514 4462 636 4527 domini
658 4462 796 4526 Hemici
819 4469 905 4541 (Μ.)“Ι
932 4462 1018 4547 regis
1041 4462 1257 4524 invictissimi.

352 4621 574 4708 Eigilbertusr
602 4620 816 4686 cancellarius
839 4621 912 4685 vice
936 4619 1120 4705 Uuilligisi⁸
1149 4618 1402 4706 archicapellani
1426 4621 1613 4706 recognovi.

353 4782 442 4846 Data
460 4795 536 4845 xvl.
555 4780 621 4845 kal.
643 4778 807 4845 decembr.
831 4802 916 4844 anno
937 4780 1100 4869 dominice
1124 4779 1357 4843 incarnationis
1373 4792 1445 4859 ΜΠ,
1469 4778 1647 4844 indictione
1669 4795 1694 4863 1,
1718 4802 1803 4845 anno
1819 4803 1898 4845 vero

247 4887 370 4953 domini
392 4889 548 4953 Henrici‘
577 4888 664 4974 regis
686 4901 718 4970 13
742 4898 852 4951 actum
874 4886 1106 4972 Radesponau.

335 5116 380 5172 24.
405 5116 776 5188 [Perta-Rieger-Bresslau]
832 5120 858 5181 a)
877 5115 1076 5169 Dalmatiorum
1096 5117 1119 5169 C
1183 5115 1213 5183 b)
1232 5114 1328 5170 Ioann.
1348 5117 1375 5168 D
1441 5118 1466 5181 c)
1483 5115 1560 5169 adire
1579 5116 1606 5167 D
1669 5115 1698 5184 d)
1717 5116 1858 5185 supliciter
1872 5118 1900 5169 D

199 5208 229 5247 so
406 5191 433 5312 p)
453 5189 615 5271 rogitatisG
642 5261 665 5312 C
684 5187 706 5256 s)
723 5189 788 5253 fehlt
806 5188 872 5268 in‘O
884 5259 911 5309 D
941 5190 971 5256 g)
989 5187 1199 5311 lmdldmalerc
1208 5186 1292 5311 Mb)
1312 5186 1428 5309 Opperti
1442 5189 1501 5309 Cdo
1529 5187 1548 5254 i)
1567 5187 1688 5310 ecclglsiis
1705 5188 1741 5311 ipl
1752 5189 1819 5310 sogolla
1837 5189 1903 5311 2⁹35

407 5266 874 5397 &pegigpguep'nsvlpbygwuiffipp'nsffl
892 5330 966 5381 kann
984 5259 1045 5381 brier
1063 5346 1113 5380 aus
1131 5275 1386 5383 (laedendi-iidie:
1399 5274 1606 5395 qllallenoeseiiil
1631 5277 1797 5383 libbralildte
1815 5277 1900 5399 pbssi·

407 5401 491 5455 deant
509 5403 540 5454 K
625 5404 664 5469 m)
689 5400 825 5454 histriensi
845 5401 868 5452 C
954 5404 983 5467 n)
1008 5400 1125 5453 liberalii
1149 5402 1172 5453 C
1257 5404 1285 5467 o)
1308 5400 1364 5453 sive
1388 5400 1467 5469 regni
1490 5400 1582 5468 aliqua
1603 5418 1704 5482 magna
1722 5418 1838 5470 persona
1855 5402 1900 5455 vel

407 5490 492 5542 parva
510 5472 596 5526 nostri
614 5472 692 5541 regni
712 5473 735 5524 C
815 5474 845 5540 p)
861 5473 897 5537 D,
916 5472 981 5524 decb
1000 5474 1035 5523 ist
1052 5473 1095 5523 die
1113 5472 1210 5525 Lssart
1228 5473 1404 5537 nreifclbaft,
1423 5472 1548 5524 aidlncht
1565 5473 1634 5524 auch
1653 5478 1741 5537 mtus;
1760 5472 1788 5524 in
1807 5472 1859 5525 hiis
1879 5475 1902 5526 C

407 5546 436 5612 q)
453 5545 491 5599 Μ.
511 5546 600 5596 hister
618 5543 726 5613 signum
744 5546 775 5595 in
793 5544 815 5594 C
902 5544 927 5609 r)
943 5541 1110 5611 Egilbertus,
1129 5544 1193 5595 aber
1210 5547 1259 5594 mit
1276 5546 1359 5596 amm
1379 5543 1503 5595 i-Prmkt
1522 5545 1587 5596 tiber
1604 5544 1652 5596 dar
1670 5545 1764 5610 Zanes
1781 5544 1825 5597 des
1842 5548 1901 5597 Aa·

407 5615 661 5683 fanqabuchstabena
680 5615 725 5677 D,·
749 5613 911 5683 Kgilbertus
931 5615 959 5668 C.
1004 5614 1048 5664 Da
1067 5615 1117 5666 der
1135 5616 1238 5667 letzim
1256 5616 1408 5681 laesefaMer
1431 5615 1537 5667 Ieichter
1559 5632 1594 5666 zu
1613 5615 1739 5668 errares
1756 5618 1799 5680 ist,
1826 5633 1901 5668 worn

408 5689 444 5738 Im
464 5688 510 5741 Or.
529 5685 698 5755 Eigilbertus
722 5687 810 5751 stand,
836 5687 892 5737 und
916 5687 986 5738 ds'em
1003 5686 1093 5767 ibi-vnn
1110 5686 1180 5738 auch
1205 5688 1234 5737 in
1258 5686 1317 5767 aar.
1331 5687 1456 5768 nabata»
1480 5686 1614 5767 ΠνΙειυιᾰοΙ
1632 5686 1676 5768 des
1694 5688 1746 5739 BA
1771 5687 1899 5769 draconar,

406 5758 492 5898 phgm
509 5774 562 5881 sgr
579 5775 617 5810 sae
635 5775 664 5809 m
682 5758 733 5810 deri
752 5758 817 5809 Tm
833 5762 929 5822 aaran
1000 5760 1022 5823 s)
1040 5755 1190 5826 Uurllrsgrsr
1209 5757 1242 5825 ῦς
1261 5755 1392 5827 Vurlrgrsr
1410 5757 1437 5807 D
1508 5760 1531 5821 t)
1547 5756 1642 5810 Enricr
1661 5759 1688 5809 D
1760 5760 1788 5825 u)
1803 5756 1900 5812 Radrs·

443 5846 496 5883 nae
542 5871 548 5885 .

1652 5940 1686 5989 4*
