4836 6504
1177 371 1639 429 KAISERURKUNDEN.

682 569 712 626 ia
742 569 888 627 deutscber
912 568 1114 643 L'ebcrsetruny
1138 590 1180 615 =
1205 569 1473 643 Lttrride.17‘',
1497 571 1556 628 937
1577 571 1610 626 a⁰
1625 570 1671 627 11.
1696 598 1740 607 -
1762 567 1890 628 Schultes
1913 569 2012 629 Gescb.
2036 570 2089 629 des
2112 569 2222 629 Hm
2332 621 2333 638 ,

682 675 852 750 Hcaucbcrq
876 677 903 745 1,
920 677 961 733 77
983 677 1048 733 a⁰l
1072 676 1146 735 wohl
1169 694 1222 735 uus
1248 676 1378 736 Vidimus
1407 695 1460 735 arou
1485 677 1564 735 1542
1588 696 1629 722 =
1653 676 1825 735 b'sscrrucuu
1849 676 1906 750 Ep.
1928 676 2063 745 Wirccb.,
2085 678 2222 751 prohib

682 783 714 839 a⁰
726 783 765 840 15
781 803 822 828 =
839 782 938 857 Miqae
953 782 1066 841 Patrcl.
1085 784 1152 852 140,
1168 784 1229 840 279
1245 785 1276 840 n⁰
1287 783 1335 841 44.
1349 812 1393 820 -
1408 782 1488 841 Mora.
1501 783 1595 842 Boiea
1609 784 1677 852 28⁰,
1693 784 1752 842 390
1766 786 1798 841 a⁰
1809 783 1871 841 247
1882 800 1935 841 uus
1950 784 1986 842 A.
1999 813 2044 821 -
2061 782 2223 858 Schoppuch

683 889 810 947 Horrueb.
839 889 903 948 UB.
929 891 999 959 1‚2
1028 892 1097 948 Μ
1125 908 1179 948 cus
1198 890 1329 947 Vidimus
1357 909 1412 948 raca
1442 891 1529 948 1542.
1554 918 1597 928 -
1620 888 1802 949 Dobeaeclrer
1831 889 1902 965 Rea.
1926 890 1995 948 618.
2027 920 2073 929 —
2102 890 2224 949 Bohmer
2332 953 2333 970 3

682 995 752 1070 Ray.
771 996 856 1055 1031.
883 1025 924 1034 —
949 994 1268 1070 StrrmpsRe9.1489.
1752 1022 1755 1025 ·
2237 1011 2249 1049 s
2332 999 2333 1080 3

686 1157 818 1227 Verscsst
836 1158 896 1215 aad
912 1158 1089 1231 ycsehrrebca
1106 1177 1160 1215 oca
1180 1156 1242 1215 EG.
1282 1156 1321 1215 Iu
1338 1158 1391 1216 dea
1407 1157 1542 1231 macana
1559 1156 1608 1215 des
1624 1155 1773 1215 Coatcrtes
1790 1157 1857 1215 siud
1874 1158 1965 1231 ciuica
1981 1156 2083 1215 Worte
2103 1175 2158 1216 oras
2174 1157 2221 1215 deu
2332 1167 2333 1182 ³

680 1264 857 1338 Ilumbercer
877 1263 1202 1337 &urrdrrapsurlruadcu
1220 1283 1282 1323 arom
1303 1266 1330 1322 1.
1344 1264 1503 1323 November
1519 1265 1598 1323 1007
1616 1264 1840 1338 iiberqcyaapcm
1862 1264 1908 1322 die
1928 1263 2220 1338 Grcazbaschreibuaq
2331 1284 2332 1309 ¹

680 1372 789 1430 srelmr
811 1372 935 1430 sacam
958 1372 1017 1430 um
1038 1390 1062 1430 2.
1084 1372 1137 1430 ra.
1162 1372 1291 1430 reorum
1314 1373 1369 1430 mer
1390 1369 1431 1428 o.
1450 1370 1521 1427 174ιι
1545 1371 1666 1428 useel.
1688 1400 1732 1407 -
1749 1369 1897 1444 maurel
1920 1371 1989 1429 ora
2011 1390 2113 1429 aaaron
2135 1370 2219 1429 auru

681 1477 750 1536 Do.
767 1477 813 1535 ΙΙ.
830 1479 893 1536 284
915 1497 953 1537 aa
976 1478 1023 1536 die
1044 1479 1155 1537 Kirehe
1177 1479 1226 1537 des
1247 1479 1274 1537 h.
1292 1479 1399 1537 Petrus
1421 1478 1453 1535 ia
1475 1477 1700 1550 dscbcffeubury
1722 1477 1868 1551 qmcteatt
1890 1478 2005 1535 uordea
2028 1478 2090 1536 aad
2113 1485 2218 1535 mamea
2332 1503 2333 1530 ;

681 1586 752 1653 oisc,
775 1585 903 1643 irascarcit
925 1584 1185 1659 decessurumue
1207 1604 1260 1644 rur
1277 1585 1468 1658 Aasft'r'hrrmy
1485 1584 1645 1657 octonarum
1667 1584 1715 1653 ist,
1739 1602 1791 1641 ron
1811 1583 1953 1642 Hauriat.
1976 1584 2079 1655 behuss
2102 1571 2156 1643 der
2172 1584 2219 1641 ruit
2235 1606 2255 1643 a

681 1692 733 1749 rlcr
753 1691 941 1766 dusstuttunq
964 1692 1123 1765 Bambcrps
1144 1692 1468 1765 zrrsamrucuba'uocudcu
1494 1692 1646 1762 Gascbdstc
1668 1692 1915 1751 eamearn-orben
1938 1693 2007 1750 scia.

682 1895 739 1980 (C.)
762 1891 780 1984 ξ
802 1894 841 1958 In
864 1896 994 1958 nomine
1019 1908 1152 1959 sanctae
1176 1906 1208 1959 et
1232 1895 1421 1960 individuae
1449 1896 1612 1959 trinitatis,
1651 1895 1826 1960 Heinricus
1857 1895 1969 1959 divina
1998 1897 2132 1960 favente
2161 1894 2218 1959 cle·

573 2002 696 2064 mentia
717 2022 787 2063 rex.
880 2001 1039 2066 Omnibus
1060 2001 1181 2066 Christi
1204 2001 1355 2066 fidelibus
1379 2002 1583 2089 presentibus
1607 2003 1731 2067 scilicet
1754 2017 1851 2089 atque
1875 2002 1991 2067 futuris
2015 2016 2130 2068 notum
2151 2022 2216 2065 esse
2332 2075 2333 2092 ,

573 2107 731 2191 volumuS,
756 2110 833 2193 quia
856 2106 948 2196 aaa}
972 2107 1013 2172 ob
1037 2109 1168 2173 divinae
1193 2111 1463 2174 remunerationis
1487 2132 1577 2195 spem
1602 2109 1698 2173 deum
1721 2110 1816 2174 nobis
1839 2111 2043 2173 instituentes
2067 2108 2215 2174 heredem

573 2226 671 2279 etex
694 2217 812 2279 nostris
836 2214 933 2278 rebus
957 2215 1161 2280 hereditariis
1185 2216 1347 2303 quendam
1372 2218 1473 2281 nostri
1500 2218 1579 2280 iuris
1602 2217 1709 2281 locmn
1732 2216 1926 2304 Babenperc
1951 2217 2074 2282 dictum
2099 2218 2134 2280 in
2156 2213 2216 2279 eul-
2230 2232 2251 2271 1⁵

572 2332 702 2386 menet
727 2333 825 2408 caput
848 2324 1054 2408 episcopatus
1078 2323 1198 2387 honore
1222 2326 1326 2387 sancti
1349 2325 1438 2387 Petri
1462 2325 1619 2410 principis
1646 2324 1864 2409 apostolorum
1887 2325 2031 2409 insigniti
2057 2325 2214 2408 erigentes
2332 2323 2333 2332 ’

573 2440 605 2493 et
621 2428 842 2511 sublimantes,
867 2428 1031 2515 quandam
1043 2429 1319 2516 Wirziburgcnsis
1336 2429 1503 2495 diocesebs
1520 2442 1681 2517 partem⁸z
1707 2433 1893 2495 comitatum
1910 2431 2066 2495 videlicet
2082 2431 2214 2494 Ruteno-

571 2537 671 2621 gouui
701 2535 833 2618 dictum,
865 2537 1012 2621 exceptis
1042 2534 1145 2625 tribus
1177 2536 1324 2623 ecclesiis
1340 2537 1554 2601 Wahhanrbd
1584 2551 1616 2601 et
1638 2537 1848 2602 Mulinhusun
1879 2560 1917 2601 ac
1940 2538 2116 2601 Lonerstat
2146 2556 2212 2599 cum

572 2642 728 2729 cappellis
747 2641 789 2705 ad
809 2642 941 2706 easdem
960 2642 1138 2706 aecclesias
1158 2643 1416 2729 respicientibus,
1442 2656 1474 2709 et
1493 2645 1657 2729 quandam
1675 2656 1802 2731 partem
1821 2645 1898 2730 pagi
1915 2643 2056 2708 Volcfelt
2081 2644 2213 2707 dicti-
2332 2719 2333 2722 ,

571 2748 725 2813 videlicet
748 2772 768 2813 a
786 2749 867 2831 loco,
892 2748 947 2813 ubi
966 2749 1086 2813 flumen
1102 2749 1214 2814 Vraha
1233 2750 1356 2815 dictuun
1376 2750 1480 2815 influit
1497 2752 1685 2833 Ratcnzam,
1711 2762 1743 2815 et
1762 2775 1821 2837 per
1840 2751 2033 2815 descensuum
2051 2751 2212 2814 Ratenzae
2226 2763 2247 2802 a

570 2879 674 2941 usquc
698 2857 731 2919 in
761 2855 896 2921 fluvium
920 2857 1009 2919 hloin
1041 2870 1073 2920 et
1102 2880 1161 2942 per
1191 2857 1383 2921 descensum
1406 2858 1495 2921 Mein
1526 2881 1628 2945 usque
1658 2858 1692 2921 in
1722 2858 1829 2922 locum
1852 2857 2017 2922 Fihem'etb
2040 2857 2212 2922 dictumst
2332 2847 2333 2850 ¹

570 2984 631 3049 per
653 2986 825 3027 ascensum
848 2962 955 3045 rivuli,
980 2964 1036 3049 qui
1059 2963 1197 3027 eandem
1216 2963 1346 3028 villam⁰
1371 2965 1548 3029 dividendo
1568 2964 1757 3051 preterfluit,
1780 2987 1883 3051 usque
1903 2966 1937 3027 in
1956 2963 2104 3028 eiusdem
2123 2959 2211 3026 ricarli

569 3081 670 3155 caput
694 3082 726 3133 et
749 3081 853 3133 ortum
877 3080 910 3133 et
933 3092 953 3133 a
976 3071 1081 3156 capite
1105 3069 1191 3133 illius
1216 3070 1312 3134 rivuli
1331 3071 1509 3136 secundum
1529 3073 1617 3159 quod
1635 3074 1755 3136 rectius
1777 3083 1809 3136 et
1828 3073 1967 3136 vicinius
1986 3083 2096 3158 potest
2114 3066 2211 3133 veniri

569 3179 605 3241 in
629 3200 726 3263 supra
756 3177 878 3240 dictum
908 3176 1029 3240 flumen
1046 3177 1158 3241 Vraha
1180 3177 1289 3241 —-.ab
1313 3179 1469 3243 Heinrico
1500 3180 1646 3243 eiusdem
1677 3179 1856 3243 aecclesiae
1888 3180 2051 3266 episcopo,
2084 3196 2210 3242 consen·

569 3286 670 3348 tiente
696 3296 727 3347 et
751 3282 955 3347 collaudante
980 3283 1066 3348 clero
1091 3296 1124 3347 et
1147 3284 1277 3371 populo,
1307 3285 1401 3349 fimum
1424 3309 1464 3349 ac
1486 3285 1584 3371 legali
1608 3287 1858 3350 commutatione
1882 3285 2130 3371 adquisivimus,
2154 3294 2210 3345 tra-
2224 3294 2245 3334 ὕ

570 3390 685 3455 dentes
710 3402 843 3454 econtra
866 3391 973 3455 eidem
997 3390 1153 3455 Heinrico
1178 3393 1331 3478 episcopo
1363 3416 1505 3479 suaeque
1536 3393 1715 3457 aecclesiae
1745 3404 1875 3457 nostrae
1906 3393 2116 3479 proprietatis
2145 3389 2211 3453 loca

570 3498 623 3561 ind
655 3521 738 3583 pago
771 3496 920 3583 Grapfelt
950 3499 983 3560 in
1014 3500 1168 3562 comitatu
1198 3523 1276 3562 vcro
1309 3500 1437 3564 Ottonis
1470 3501 1596 3563 coniitis
1630 3501 1711 3564 sitad
1740 3500 1907 3585 Meininga
1938 3510 1970 3563 et
1999 3499 2209 3583 bleiningero·

569 3605 737 3669 marcham
754 3616 786 3669 ct
797 3604 995 3669 Walahdorf
1007 3605 1095 3668 dicta
1114 3630 1187 3669 cum
1205 3606 1353 3670 omnibus
1370 3630 1481 3670 eorum
1497 3607 1711 3692 pertinentiis,
1735 3606 1820 3670 villis
1844 3606 1969 3670 scilicet
1992 3617 2025 3669 et
2048 3606 2209 3687 utriusque

571 3736 669 3776 sexus
685 3714 856 3799 mancipiis
873 3713 1041 3777 aecclesiis
1057 3712 1328 3777 decimationibus
1345 3712 1435 3775 silvis
1452 3712 1679 3777 venationibus
1698 3715 1792 3799 aquis
1808 3736 2007 3798 aquarumve
2024 3706 2209 3776 decursibus

571 3819 806 3905 piscationibus
830 3819 1024 3883 molendinis
1048 3822 1149 3906 pratis
1172 3821 1303 3906 pascuis
1327 3820 1421 3883 terris
1445 3818 1539 3882 cultis
1559 3819 1612 3882 vel
1630 3818 1760 3883 incultis
1780 3820 1914 3906 quesitis
1937 3818 1990 3882 vel
2012 3812 2208 3904 inquirendis
2223 3828 2244 3867 ω

570 3928 634 3990 viis
658 3939 690 3990 et
714 3927 811 3989 inviis
836 3925 977 3990 exitibus
1002 3938 1034 3990 et
1061 3926 1219 3991 reditibus
1250 3937 1282 3990 ct
1311 3949 1385 3990 cum
1415 3925 1563 3989 omnibus
1595 3949 1678 4012 quae
1710 3926 1774 3990 dici
1806 3938 1861 3990 ant
1892 3926 2051 3989 nominari
2082 3926 2208 4012 possunt

571 4032 772 4113 utilitatibus,
796 4034 886 4097 iurc⁰
910 4046 1018 4097 nostro
1039 4035 1071 4096 in
1096 4035 1146 4097 iiis
1169 4033 1336 4119 predictae
1361 4031 1539 4095 aecclesiae
1564 4033 1829 4116 transfundendo,
1854 4056 1893 4097 ea
1916 4031 2069 4096 videlicet
2092 4031 2207 4096 ratione

569 4152 605 4203 ut
627 4139 773 4225 prefatus
798 4141 970 4225 episcopus
987 4140 1161 4204 Heimn‘cus
1178 4142 1292 4227 suique
1310 4161 1514 4203 successores
1532 4140 1572 4203 de
1589 4141 1821 4226 prenominatis
1840 4140 1920 4204 locis
1944 4138 2062 4203 dehinc
2079 4137 2206 4202 liberam

569 4245 712 4310 habeant
736 4258 928 4332 potestatem
952 4246 1138 4332 possidendi
1164 4246 1385 4310 commutandi
1408 4244 1462 4308 vel
1485 4247 1641 4332 quicquid
1664 4249 1711 4310 eis
1735 4245 1811 4310 inde
1842 4246 1968 4310 libitum
1998 4247 2040 4309 sit
2062 4236 2205 4310 faciendi.

569 4354 656 4416 omni
681 4354 823 4417 omnimu
847 4353 1103 4417 contradictione
1123 4364 1256 4418 remota.
1295 4354 1338 4417 Et
1358 4364 1393 4416 ut
1415 4352 1497 4415 haec
1517 4365 1646 4418 nostrae
1668 4355 1926 4419 commutationis
1947 4354 2016 4417 sive
2033 4345 2242 4417 donanoniss

569 4461 744 4524 auctoritas
776 4459 898 4523 stabilis
930 4471 961 4525 et
991 4459 1182 4523 inconvulsa
1212 4462 1300 4523 omni
1330 4470 1519 4546 permaneat
1549 4472 1703 4547 tempore,
1734 4461 1795 4524 lucc
1827 4470 2014 4547 preceptum
2038 4459 2115 4523 inde
2138 4475 2205 4520 con·

568 4569 724 4653 scriptum
749 4590 848 4631 manu
869 4568 1002 4653 propria
1026 4565 1273 4632 corroborantes
1297 4566 1393 4653 sigilli
1417 4567 1517 4631 nostri
1542 4569 1742 4653 inpressione
1766 4568 1916 4652 insigniri
1939 4567 2100 4631 iussimus.

675 4744 692 4835 ᾖ
716 4746 852 4831 Signum
876 4744 984 4809 domni
1008 4746 1157 4809 Heinrn'ci
1182 4754 1245 4822 (Μ.)
1270 4746 1357 4830 regis
1381 4745 1596 4809 invictissimi.
1621 4742 1638 4832 ᾖ

674 4922 691 5012 ξ
714 4923 924 4987 Eberhardus
941 4924 1113 5009 episcopus
1134 4934 1166 4986 et
1181 4922 1394 4987 cancellarius
1410 4923 1483 4986 vice
1501 4921 1664 5007 Unilligisi
1680 4921 1954 5008 archicappellani
1977 4919 2171 5007 recognovit
2188 4908 2203 5000 h

2081 5022 2164 5107 (Str
2216 5038 2238 5077 ⁴⁰

673 5156 761 5219 Data
784 5178 859 5217 nou.
885 5155 975 5219 maiss
1000 5176 1084 5217 anno
1109 5153 1291 5216 dominicae
1315 5153 1546 5218 incarnationis
1570 5153 1740 5217 millesimo
1756 5168 1833 5235 VIII,
1865 5153 2042 5217 indictione
2059 5168 2094 5235 v,
2125 5164 2200 5214 anno

567 5286 644 5326 vero
669 5262 780 5327 domni
802 5262 950 5325 Heinrici
975 5260 1110 5325 secundi
1135 5260 1300 5344 regnantis
1317 5275 1368 5341 V13
1400 5270 1508 5323 actum
1525 5259 1725 5342 ll'irzibure3
1757 5261 1895 5325 feliciter
1918 5281 2022 5323 amen.

638 5511 701 5567 174.
729 5511 875 5581 [Bresslau]
925 5512 951 5579 a)
975 5512 1039 5562 ather
1057 5510 1115 5560 aad
1139 5508 1310 5561 sumerseta
1328 5510 1418 5561 §tram
1435 5510 1525 5573 quitur
1614 5509 1642 5571 b)
1662 5507 1680 5559 h
1698 5525 1767 5563 corr.
1787 5507 1874 5560 ansb
1964 5496 2196 5574 claromonti

726 5584 755 5651 d)
776 5582 905 5635 in-sita
925 5583 988 5634 uber
1005 5584 1053 5633 der
1071 5581 1142 5632 Zeila
1159 5581 1353 5645 naeuqeraqan
1432 5582 1458 5644 e)
1474 5582 1559 5632 ducor
1576 5581 1643 5645 fehlt
1662 5579 1696 5633 de
1714 5580 1777 5633 oder
1795 5596 1811 5632 a
1888 5578 1915 5647 f)
1934 5580 1984 5631 das
2001 5580 2089 5645 δῶρα
2107 5582 2137 5631 id
2153 5574 2196 5624 ³⁴¹³
2332 5609 2333 5660 3

725 5655 827 5719 fuscae
846 5654 1036 5718 aurumve,
1053 5652 1103 5704 aas
1121 5653 1154 5705 u.
1168 5652 1269 5702 arcae
1287 5656 1312 5719 a,
1327 5655 1361 5703 ri
1380 5651 1541 5704 secema„
1559 5654 1594 5703 ru
1674 5652 1704 5721 g)
1723 5667 1786 5705 non
1807 5650 1869 5705 mar.
1888 5651 2108 5703 ituraeorum
2124 5642 2195 5713 ,ab
2212 5636 2234 5679 *Β
2332 5663 2333 5680 2

724 5734 858 5792 patracen.
