4804 6498
582 349 625 411 82
1178 354 1643 414 KAISERURKUNDEN.

687 541 875 629 Egilbertus
899 542 1113 608 cancellarius
1135 544 1209 608 vice
1232 541 1389 629 Willigisi
1411 542 1666 630 archicapellani
1689 544 1867 631 recognovi
1875 555 1908 607 ¹¹¹.

686 703 776 767 Data
798 717 851 767 ΠΙ.
875 726 951 769 non.
974 704 1089 768 marcii
1111 703 1289 768 indictione
1308 717 1332 786 1,
1357 726 1442 768 anno
1465 704 1706 768 incarnacionis
1727 703 1913 790 dominicen
1931 717 2029 785 MIHI,
2054 724 2140 767 anno
2158 724 2227 765 vero

580 809 703 874 domini
726 809 876 874 Heinrici
899 809 1035 875 secundi
1057 810 1225 897 regnantis
1247 824 1292 894 ¹¹3
1317 821 1427 875 actum
1449 809 1662 876 Walehuseu.

1381 1126 1446 1215 bb.

581 1284 757 1363 Heiurdcb
782 1287 929 1363 seueras
953 1288 1019 1363 der
1043 1288 1298 1389 biscbbflicbeu
1315 1289 1455 1364 Kircbe
1479 1316 1523 1364 zu
1548 1290 1648 1364 Zeita
1673 1290 1729 1364 ads
1755 1289 2063 1391 fflcbddieuae
2079 1286 2155 1386 fiir
2177 1286 2250 1361 dies

578 1407 780 1508 Abtretune
806 1408 903 1483 εἰηεε
925 1407 1042 1482 lucia
1067 1407 1168 1482 rbrer
1191 1407 1346 1483 Didceae
1370 1434 1422 1483 cn
1448 1408 1516 1483 das
1541 1408 1895 1510 wicdmbcrecstellte
1913 1407 2083 1483 Biatbam
2105 1406 2225 1481 Merse-

579 1527 756 1628 heredia
785 1525 1018 1625 Ortscbfftcn
1043 1527 1276 1617 Kretzacbuc,
1306 1526 1462 1626 Gretfen
1487 1529 1568 1604 aad
1594 1526 1839 1605 Groitzacben.

1815 1673 1933 1734 abac
1955 1674 2037 1735 1004
2060 1672 2147 1732 Mera
2162 1672 2189 1730 5.

688 1798 933 1874 Originuldiplom
953 1798 995 1858 im
1017 1797 1279 1871 Domats'ttacvclriu
1299 1818 1336 1859 aa
1357 1798 1529 1874 Nurasbury
1552 1800 1621 1867 (A).

684 1939 1580 2017 Lepriaslleecb.oonNcambur91‚184a⁰4cusA.
1611 1971 1656 1980 —
1686 1939 1923 2000 cauam
1951 1936 2255 2016 reeiueI,l,283n

684 2049 717 2106 ιι·
731 2048 773 2107 58
794 2047 1007 2123 auvollddndr'e
1028 2066 1082 2108 asts
1103 2047 1141 2107 A.
1164 2077 1210 2087 -
1231 2046 1415 2108 Dobmeckcr
1436 2047 1509 2123 Ree.
1532 2050 1601 2109 606.
1626 2078 1671 2087 -
1696 2046 1821 2122 Statim
1838 2047 1910 2123 Ray.
1932 2048 2023 2107 1375.

688 2188 820 2261 Verterat
842 2190 901 2249 uad
922 2190 1099 2265 emeli-im
1120 2209 1176 2249 vos
1197 2189 1265 2261 EA,
1287 2191 1342 2266 vel.
1368 2190 1416 2250 die
1434 2190 1663 2265 Verbemsrlrane
1686 2207 1722 2250 aa
1745 2189 1787 2249 D.
1810 2191 1858 2249 63.
1906 2189 1970 2248 Zur
1992 2188 2157 2262 Dctierssq
2175 2184 2221 2259 vol

683 2296 724 2356 N.
748 2296 858 2357 Δνώὶυ
879 2297 1018 2371 20,137;
1045 2315 1100 2357 aar
1120 2296 1256 2373 Deutune
1277 2297 1330 2357 der
1355 2297 1527 2357 Ortmrames
1552 2298 1608 2372 vel.
1633 2297 1836 2356 Kttstermuaa
1864 2297 1897 2355 in
1919 2295 2001 2355 Neue
2023 2294 2158 2354 Mittiteil.
2179 2307 2223 2350 css

683 2403 747 2463 ders
771 2403 870 2463 Gebict
891 2403 1156 2479 medab-cade
1180 2403 1300 2463 Foraclr.
1328 2404 1377 2474 17,
1396 2405 1465 2464 356.

683 2579 742 2653 (0.)
771 2570 790 2661 ξ
818 2572 859 2637 In
881 2573 1012 2637 nomine
1040 2582 1174 2637 sanctae
1197 2583 1231 2637 et
1252 2571 1443 2637 individuae
1466 2573 1629 2638 trinitatis.
1676 2572 1855 2637 Heinricus
1879 2571 1994 2636 divina
2019 2572 2148 2637 favente
2169 2565 2221 2631 cle-
2236 2590 2253 2629 a

574 2679 697 2743 mentia
718 2701 789 2744 rex.
890 2679 1013 2743 Notum
1036 2679 1078 2744 sit
1096 2676 1246 2744 omnibus
1264 2677 1417 2744 fidelibus
1440 2681 1558 2745 nostris
1576 2678 1787 2769 presentibus
1812 2679 1940 2744 scilicet
1956 2691 1990 2744 et
2009 2678 2135 2760 futuris,
2156 2695 2221 2761 qua·

575 2784 650 2850 liter
671 2808 742 2869 nos,
764 2808 832 2851 una
850 2810 925 2852 cum
943 2783 1187 2875 dilectisesima
1204 2785 1299 2851 nobis
1319 2787 1458 2872 coniuge
1482 2797 1515 2851 et
1536 2809 1713 2873 regnorum
1733 2796 1883 2851 consorte
1900 2784 2105 2873 Cunigunda
2125 2782 2220 2847 divino

574 2903 612 2957 ut
643 2892 806 2958 credimus
838 2894 993 2958 instinctu
1025 2916 1180 2980 reparare
1213 2904 1246 2957 et
1277 2893 1402 2980 priori·
1433 2893 1565 2958 honoris
1597 2892 1670 2958 loco
1702 2894 1877 2958 restituere
1909 2892 2060 2958 volentes
2092 2897 2220 2954 sanctam

575 2998 856 3086 Merseburgeusis
881 3001 1041 3088 episcopii
1071 3000 1193 3083 sedem,
1225 3023 1323 3086 quam
1353 3009 1465 3064 nostra
1486 3010 1636 3086 tempora
1657 2999 1699 3064 de
1725 3009 1820 3064 tauta
1849 2994 1989 3064 nominis
2015 2999 2168 3085 dignitate
2193 2992 2220 3054 in
2327 2992 2328 3003 ’

575 3103 728 3171 abbatiae
750 3108 905 3194 pauperis
928 3106 1142 3172 humilitatem
1162 3106 1347 3171 deiectamb
1369 3105 1576 3193 negligenter
1598 3108 1806 3188 invenerunt,
1829 3106 1978 3171 instituto
1998 3104 2120 3171 ibidem
2137 3119 2219 3164 vene·
2232 3123 2250 3160 a

574 3211 670 3278 rabili
698 3212 829 3301 presule
852 3213 1036 3279 Uuibberto
1060 3224 1093 3278 et
1121 3213 1303 3278 recollectis
1333 3212 1566 3300 undiqueque
1596 3237 1655 3300 per
1685 3224 1816 3278 nostros
1848 3224 2076 3278 antecessores
2103 3208 2145 3274 ibi
2166 3202 2219 3270 col·

574 3319 641 3386 lata
670 3331 746 3385 sunt
774 3319 924 3386 omnibus
954 3320 1139 3408 additisque
1169 3343 1212 3385 ex
1241 3330 1363 3403 nostro,
1393 3331 1510 3408 proute
1536 3321 1739 3407 oportunitas
1765 3319 1958 3401 dictaverat,
1991 3315 2168 3406 sumptibus
2193 3319 2218 3373 et

574 3426 707 3516 prediis,
738 3426 882 3515 nequid
905 3426 1072 3492 tantiloci
1096 3428 1300 3492 reverentiae
1330 3428 1437 3492 minus
1468 3438 1564 3509 esset,
1596 3450 1616 3490 a
1637 3424 1823 3491 venerabili
1848 3425 2027 3491 Citicensis
2057 3419 2218 3490 aecclesiae

573 3532 727 3619 pontifice
743 3532 961 3599 Hildiuuardo
980 3544 1106 3622 partem
1126 3533 1292 3621 quandam
1310 3533 1485 3621 parochiae
1506 3532 1671 3619 quondam
1695 3556 1777 3597 suae
1801 3534 1836 3597 iu
1859 3534 2028 3622 presentia
2050 3539 2217 3596 sanctorum

573 3650 703 3705 nostrae
726 3639 892 3705 fidelitatis
915 3652 1045 3728 patrum
1068 3652 1101 3705 et
1123 3636 1308 3728 principum
1335 3640 1594 3727 impetravimus,
1624 3662 1684 3726 pro
1710 3663 1770 3705 suo
1794 3639 1989 3727 compendio
2013 3638 2077 3705 sibi
2099 3650 2248 3723 preceps

576 3747 662 3812 taria
690 3746 764 3834 lege
794 3746 968 3812 reddentes
991 3758 1025 3811 et
1046 3748 1120 3812 vice
1145 3746 1328 3812 concambii
1357 3758 1491 3834 propter
1519 3759 1712 3834 perpetuam
1743 3758 1909 3834 gestorum
1936 3746 2144 3811 stabilitatem
2162 3748 2215 3801 trs·

576 3852 691 3918 dentes
714 3863 780 3918 tres
804 3855 906 3919 nostri
932 3855 1013 3918 iuris
1035 3853 1130 3918 villas
1160 3855 1195 3918 in
1217 3853 1362 3917 teritorio
1386 3852 1552 3917 Tucherin
1575 3855 1664 3935 sitas,
1695 3852 1804 3918 idest
1828 3851 2027 3937 Ohrbziuua,
2052 3847 2171 3917 Gribna
2189 3849 2215 3904 et

576 3957 783 4043 Grddiseani,
814 3982 889 4024 cum
912 3959 1061 4026 omnibus
1086 3960 1291 4046 pertinentiis
1314 3960 1486 4045 mancipiis
1509 3961 1678 4046 utriusque
1711 3983 1811 4026 sexus
1842 3961 1928 4026 areis
1957 3959 2115 4025 aediliciis
2136 3948 2215 4017 tem't

575 4065 671 4130 cultis
688 4065 743 4131 et‘l
757 4065 888 4131 incultis
904 4067 1006 4153 pratis
1021 4067 1154 4153 pascuis
1170 4065 1260 4130 silvis
1276 4065 1505 4131 venationibus
1529 4068 1622 4154 aquis
1646 4089 1874 4155 aquarumque
1894 4066 2088 4133 decursibus
2108 4057 2213 4127 molen·

574 4171 662 4237 dinis
683 4172 920 4260 piscationibus
942 4174 1006 4237 viis
1030 4184 1063 4237 et
1084 4174 1182 4237 inviis
1202 4171 1345 4238 exitibus
1364 4183 1398 4237 et
1419 4171 1577 4238 reditibus
1594 4175 1732 4261 quesitis
1752 4184 1786 4238 et
1807 4173 2014 4261 inquirendis
2039 4195 2096 4238 seu
2112 4160 2247 4253 ceterl⁸¹n

574 4277 775 4366 quibuslibet
797 4279 1001 4367 appendiciis
1025 4290 1058 4343 et
1080 4278 1283 4361 utilitatibus,
1308 4302 1347 4344 eo
1363 4290 1475 4343 tenore
1496 4280 1649 4365 quatinus
1672 4280 1844 4370 prefatusb
1867 4280 1979 4369 presul
1995 4267 2212 4346 Hildiuunrdut

574 4386 744 4471 omniaque
774 4409 945 4451 successor
973 4386 1060 4450 illius
1089 4409 1149 4474 pro
1172 4397 1264 4472 parte
1295 4386 1350 4450 illa
1377 4408 1475 4472 quam
1499 4385 1641 4450 diximus
1664 4387 1855 4474 parochiae,
1886 4411 1951 4476 que
1975 4386 2101 4453 dnobus
2120 4372 2212 4444 fluvii⁸

573 4490 777 4558 Gruonavua
798 4505 832 4558 et
853 4492 1025 4558 Rideboch
1053 4492 1277 4558 disterminata
1306 4515 1410 4580 usque
1440 4494 1475 4557 in
1498 4492 1608 4558 Salam
1636 4493 1837 4577 extenditur,
1867 4496 2059 4583 prescriptis
2081 4486 2211 4554 villul'um

570 4600 670 4665 trium
699 4599 894 4665 utilitatibus
924 4602 994 4665 iure
1024 4611 1182 4688 perpetuo
1212 4601 1248 4663 in
1276 4622 1354 4664 usus
1379 4598 1553 4665 Citizensis
1583 4600 1765 4666 aecclesiae
1796 4624 1856 4688 pro
1879 4600 1976 4666 libitu
2005 4623 2064 4668 suo
2092 4596 2209 4661 fimatur·

570 4707 616 4773 Et
637 4719 675 4773 ut
696 4708 758 4798 hec
780 4718 893 4772 nostra
913 4709 1121 4773 commutatio
1145 4709 1215 4771 sive
1236 4705 1367 4771 traditio
1388 4709 1534 4794 utrisque
1558 4708 1800 4794 episcopiorum
1823 4707 1904 4773 locis
1923 4707 2048 4773 firmior
2069 4693 2242 4793 h[a]b[ea·³⁶

570 4796 646 4903 tur],
669 4813 757 4903 b[oc]
781 4826 973 4904 preceptum
995 4838 1095 4879 manu
1116 4815 1250 4901 propria
1272 4812 1460 4878 roboratum
1483 4812 1589 4899 sigillo
1612 4824 1724 4878 nostro
1748 4816 1894 4902 imprimi
1916 4816 2080 4880 iussimus.

677 4972 696 5063 e
719 4974 857 5061 Signum
880 4972 991 5038 domni
1013 4974 1162 5038 Heinrici
1186 4980 1251 5053 (Μ.)
1274 4974 1361 5059 regis
1385 4973 1600 5037 invictissimi.
1624 4971 1643 5061 ξ

677 5115 906 5205 {Egilbertus
929 5114 1143 5179 cancellarius
1165 5116 1239 5180 vice
1263 5113 1427 5201 Uuilligisi
1450 5114 1704 5201 archicapellani
1728 5118 1930 5203 recognovit.
1954 5116 1973 5207 ξ
2061 5120 2113 5193 (81.
2131 5109 2167 5180 2)

675 5259 766 5323 Data
787 5267 1055 5321 111.non.mart.
1080 5257 1258 5320 indictione
1281 5271 1305 5337 1,
1336 5279 1422 5321 anno
1444 5257 1679 5322 incarnationis
1703 5257 1888 5325 dominicae
1911 5274 2008 5343 amn,
2039 5274 2116 5323 anno
2137 5258 2201 5308 V0s⁰

569 5365 680 5429 domni
702 5364 851 5428 Heinrici
875 5363 1012 5427 secundi
1034 5364 1122 5448 regis
1145 5378 1189 5445 113
1214 5374 1322 5427 actum
1348 5361 1480 5428 Geuise.
2215 5362 2235 5400 ‘⁰

655 5578 703 5635 05.
728 5580 768 5645 rn)
783 5575 933 5645 recognovi
951 5576 977 5629 B
1056 5577 1086 5645 n)
1106 5574 1210 5629 domini
1228 5576 1262 5642 B,
1279 5575 1349 5628 noch
1366 5576 1424 5628 dem
1441 5577 1659 5630 cummanum
1679 5579 1819 5631 Gcbrcucb
1836 5580 1883 5632 dea
1900 5580 1953 5632 EA
1972 5576 2113 5633 ses-beart

655 5668 703 5723 00.
729 5665 877 5736 [Bresslsu]
942 5666 968 5735 a)
990 5682 1024 5732 pr
1045 5666 1132 5718 durch
1151 5666 1294 5718 Carreum
1310 5666 1465 5717 mtetcsden
1548 5665 1576 5733 b)
1600 5682 1617 5718 a
1638 5682 1709 5722 corr.
1728 5685 1780 5721 aua
1797 5685 1817 5721 n
1901 5670 1927 5735 c)
1949 5672 1982 5720 nt
2004 5670 2066 5722 ater
2081 5661 2124 5713 der
2138 5642 2198 5703 W

726 5738 923 5803 nccbeetraeen
994 5736 1023 5800 d)
1042 5742 1070 5788 et
1087 5752 1158 5789 corr.
1176 5753 1227 5788 oua
1247 5736 1257 5787 i
1275 5737 1332 5788 und
1349 5738 1407 5787 dem
1424 5744 1511 5789 nsua
1528 5737 1620 5790 saca
1638 5742 1710 5791 eines
1727 5757 1754 5795 n.
