4760 6512
546 367 612 430 302
1148 344 1612 427 nsrsnnunrrvsnas.

546 571 579 624 et
609 557 784 646 querendis
815 560 1007 644 cunctisque
1038 558 1110 622 aliis
1141 557 1335 622 utilitatibus
1366 559 1399 621 in
1431 558 1502 644 ripa
1525 556 1652 643 Lagina
1681 555 1824 620 fluminis
1855 555 1899 621 ed
1927 555 2106 643 cappellam
2132 579 2189 642 que

546 666 666 730 dicitur
685 676 818 729 sanctae
838 664 954 729 Crucis
977 666 1072 729 sitam
1092 676 1186 729 extra
1205 687 1332 728 murum
1353 663 1395 727 ad
1414 661 1621 750 aquilonem·
1639 661 1771 749 plagam
1794 662 1885 726 urbis
1908 663 1942 726 in
1964 664 2126 749 proprium
2147 664 2190 727 ius

546 771 753 853 contradidit,
775 795 814 836 ea
835 794 975 857 namque
997 771 1069 857 lege
1091 782 1127 835 ut
1147 771 1189 835 de
1206 771 1332 858 prefato
1349 770 1462 857 predio
1483 770 1659 856 preposito,
1682 792 1779 855 quem
1799 770 1974 856 episcopus
1995 769 2109 834 eodem
2128 768 2190 834 loco

546 902 677 967 preesse
701 877 821 959 iubeat,
851 876 1045 964 clericisque
1068 876 1191 942 ibidem
1216 877 1347 943 domino
1372 875 1590 942 servientibus
1613 875 1756 940 victuale
1779 887 1937 962 perpetuo
1960 874 2189 941 adhibereturl.

545 1009 664 1072 rogans
688 1008 817 1072 quoque
842 984 979 1049 candem
1003 985 1209 1070 largitionem
1233 996 1344 1048 nostra
1368 983 1472 1069 regali
1499 984 1712 1047 auctoritate⁰
1737 984 1887 1046 renovari
1917 1005 1957 1046 ac
1987 981 2220 1047 corroboratis

545 1092 641 1156 Hauc
657 1093 766 1179 itaque
782 1090 995 1156 tradicionem
1012 1093 1090 1177 quia
1101 1093 1219 1156 iustam
1234 1114 1306 1156 esse
1319 1093 1543 1177 cognovimus,
1560 1091 1716 1176 peticioni
1729 1091 1876 1177 episcopi
1888 1102 2054 1176 gratanter
2066 1111 2190 1153 consen-

544 1200 672 1282 tientes,
703 1198 737 1263 id
768 1200 874 1285 ipsum
905 1197 1027 1262 domini
1057 1199 1265 1285 imperatoris
1296 1221 1413 1263 munus
1444 1220 1503 1284 pro
1534 1197 1637 1261 salute
1668 1197 1797 1261 animae
1824 1208 1955 1261 nostrae
1978 1208 2011 1260 et
2034 1196 2190 1281 coniugis*¹

544 1316 675 1369 nostrae
699 1307 855 1392 sospitate
884 1316 1131 1391 nostrorumque
1155 1307 1299 1369 omnimo
1323 1315 1524 1392 perpetuae·
1548 1304 1749 1369 salvatione⁰
1774 1303 1973 1368 affimramus
2002 1303 2191 1389 perenniter·

544 1434 608 1498 que
638 1424 744 1476 ratum
775 1424 808 1476 et
837 1411 1064 1476 inconvulsum
1095 1412 1165 1476 fore
1189 1412 1339 1476 volumus
1370 1424 1402 1476 et
1432 1410 1593 1491 iubemus,
1623 1411 1670 1474 ita
1699 1421 1734 1473 ut
1763 1409 1853 1474 nulla
1881 1411 1986 1475 maior
2014 1433 2073 1474 seu
2095 1411 2193 1473 minor

545 1541 686 1604 persona
709 1542 744 1583 se
767 1519 960 1583 intromittat
982 1530 1038 1583 aut
1061 1519 1160 1582 ullam
1184 1530 1379 1604 potestatem
1410 1520 1444 1582 in
1474 1517 1623 1604 predicto
1653 1516 1768 1604 predio
1799 1518 1869 1581 sine
1900 1518 2045 1603 episcopi
2070 1516 2192 1581 licentia
2208 1536 2226 1572 ιο

544 1648 701 1690 exercere
725 1636 900 1712 presumat.
946 1626 990 1690 Et
1019 1637 1055 1689 ut
1084 1625 1166 1689 haee
1196 1635 1326 1690 nostrae
1357 1626 1467 1710 regiae
1498 1625 1669 1712 potestatis
1700 1623 1828 1709 largitio
1859 1646 1944 1687 nunc
1976 1636 2007 1688 et
2035 1625 2070 1687 in
2092 1624 2192 1687 futtno

544 1732 638 1796 firma
669 1732 858 1819 stabilisque
893 1731 1116 1819 permanendo
1148 1732 1335 1813 consistat‘,
1370 1731 1432 1797 hoc
1467 1742 1658 1818 preceptum
1693 1731 1814 1795 exinde
1849 1732 2070 1817 conscriptum
2102 1729 2191 1816 sig’lli

543 1840 647 1904 nostri
670 1841 872 1925 inpressione
897 1840 1064 1925 assignare
1089 1840 1241 1903 iussimus
1265 1861 1429 1925 manuque
1453 1839 1586 1925 propria
1609 1836 1902 1903 corroboravimus.

651 1979 669 2069 ᾖ
694 1981 832 2067 Signum
855 1980 965 2045 domni
989 1981 1139 2045 Heinrici
1164 1990 1228 2058 (Μ.)
1253 1982 1340 2066 regis
1363 1981 1579 2045 invictissimi.
1603 1978 1621 2069 ξ

651 2121 669 2212 ᾖ
693 2122 892 2187 Guntherius
912 2123 1126 2188 cancellarius
1147 2124 1219 2188 viee
1238 2122 1449 2188 Ereambaldi
1469 2123 1746 2211 archicappellani
1765 2125 1951 2210 recognovi.
1971 2122 1989 2213 ᾖ
2034 2124 2096 2211 (sl.
2109 2124 2152 2193 2.l
2206 2147 2224 2185 a

650 2265 760 2330 Data⁸
953 2266 1130 2331 indictione
1155 2281 1202 2348 xl,
1232 2289 1318 2331 anno
1343 2266 1527 2331 dominicae
1551 2268 1786 2331 incarnationis
1810 2266 1981 2331 millesimo
2005 2282 2083 2339 XIII,
2114 2287 2189 2330 anno

545 2372 758 2437 verodomni
781 2373 930 2438 Heinrici
954 2374 1091 2438 secundi
1114 2375 1281 2458 regnantis
1304 2388 1355 2453 xl3
1387 2385 1496 2439 actum
1513 2373 1641 2456 Werla3
1674 2374 1815 2439 feliciter
1838 2396 1942 2438 amen.

1325 2684 1417 2769 258.

545 2844 724 2918 Heinrich
758 2846 925 2944 bestdtr'pt
957 2845 1023 2918 der
1054 2844 1308 2944 biscbbflt'cben
1335 2844 1473 2918 Kircbe
1504 2871 1547 2918 zu
1577 2845 1799 2919 Hildesbet‘m
1832 2848 1910 2919 eine
1936 2846 2130 2946 Besitzuap
2152 2871 2186 2917 ar

544 2964 742 3064 Duisbwq·
1809 2993 1907 3052 teau
1931 2994 2008 3052 1013
2030 3023 2078 3031 —
2100 3023 2149 3050 -.
2201 3006 2222 3044 s

654 3172 897 3247 Omffiualdiplom
921 3173 1012 3261 imnlc.
1030 3171 1230 3231 blaaiamrbir
1252 3190 1286 3230 zu
1310 3171 1469 3230 Heunorer
1493 3171 1566 3238 (A).

655 3314 736 3389 orta
759 3315 857 3385 Guelf.
877 3316 907 3385 t,
923 3315 983 3373 435
1004 3317 1072 3372 ⁷2⁰3
1094 3333 1148 3373 aus
1171 3314 1209 3372 B.
1232 3344 1275 3351 -
1294 3314 1419 3373 Jantcte
1440 3313 1505 3373 UB.
1529 3333 1582 3371 coa
1606 3312 1786 3372 Hildesbet'm
1810 3314 1838 3383 1,
1854 3313 1894 3372 43
1916 3316 1948 3371 a⁰
1963 3316 2003 3372 53
2025 3334 2081 3373 aus
2098 3316 2133 3372 Α.
2151 3340 2187 3350 -

588 3412 592 3419 ’
653 3421 779 3480 Bdbuter·
801 3420 872 3495 Rep.
891 3423 977 3481 1093.
998 3450 1041 3459 -
1065 3420 1188 3495 Strtmps
1207 3419 1278 3494 Rep.
1297 3422 1384 3479 1577.

655 3564 787 3635 Verfasst
817 3564 875 3622 und
903 3564 1080 3638 pescbrteben
1109 3582 1164 3622 voa
1189 3563 1256 3632 GB,
1287 3564 1339 3622 der
1361 3563 1422 3621 eine
1443 3562 1589 3637 lt'eudmtp
1616 3580 1669 3621 aus
1697 3562 1757 3620 dem
1782 3561 1823 3621 D.
1839 3564 1902 3621 257
1924 3563 1993 3622 oder
2014 3566 2110 3624 scine·
2129 3563 2187 3621 va·-

651 3671 780 3730 urlcunde
808 3676 982 3730 entnommcu
1012 3671 1071 3729 aar.
1102 3700 1144 3707 —
1175 3668 1234 3728 Dic
1262 3669 1352 3728 durch
1380 3669 1419 3728 D.
1437 3671 1499 3727 258
1529 3670 1676 3743 bestdlt'pte
1702 3668 1837 3728 Urlruude
1863 3669 1956 3728 Olto’s
1970 3670 2036 3729 HI.
2068 3669 2189 3731 bordello
2202 3681 2222 3720 ᾗ

651 3778 720 3836 uach
744 3778 807 3836 dem
826 3778 1154 3837 Urbaudeacerzeicbuis
1177 3779 1216 3835 de
1236 3778 1343 3852 predio
1362 3778 1450 3834 iuxta
1469 3777 1591 3834 Renum
1611 3777 1695 3852 quod
1714 3777 1829 3834 dicitur
1843 3778 1969 3835 Withoc
1985 3778 2046 3835 ΠΙ
2067 3794 2188 3837 mansus

650 3892 682 3943 et
705 3888 737 3943 in
761 3885 951 3961 Duisburgl
971 3902 1119 3943 mansum
1140 3903 1213 3943 cum
1234 3884 1335 3941 tribus
1356 3885 1446 3941 areis.
1486 3870 1566 3942 Uber·
1584 3882 1639 3941 das
1660 3887 1765 3941 metere
1787 3882 1845 3941 (Μ
1868 3884 1956 3941 bobert
1980 3885 2038 3942 arir
2060 3886 2121 3944 eine
2141 3883 2187 3940 Be

648 3993 794 4067 stdtipuup
816 3991 974 4050 Heinrichs
996 3991 1083 4050 nicer.

650 4170 708 4239 (C.)
736 4157 753 4248 ᾔ
783 4159 821 4223 In
852 4160 982 4223 nomine
1013 4172 1146 4223 sanctae
1178 4171 1209 4223 ct
1241 4158 1380 4222 induaea
1411 4160 1574 4223 trinitatis.
1621 4159 1797 4223 Heinricus
1828 4159 1939 4223 divina
1969 4159 2101 4225 terente
2130 4158 2188 4223 cle·

543 4269 666 4332 mentia
689 4289 759 4330 rex.
880 4267 1034 4331 Omnium
1057 4264 1201 4329 fidelium
1226 4276 1408 4329 uostrormn
1432 4277 1498 4328 tam
1522 4263 1539 4353 ᾗ
1562 4267 1760 4351 presentium
1786 4290 1883 4353 quarn
1908 4266 2090 4331 futurorum
2114 4266 2188 4329 sciat
2203 4288 2224 4321 s·

542 4374 711 4453 industria,
743 4372 882 4459 qualiter
904 4371 1137 4436 Bernuuardus
1161 4371 1485 4436 Hildencsbcmensis
1510 4371 1669 4437 ecclcsiae
1693 4372 1890 4437 venerabilis
1918 4373 2027 4459 presul
2051 4386 2186 4439 nostram

542 4480 685 4566 regalem
710 4478 936 4543 celsitudinem
960 4479 1050 4561 adiit,
1074 4502 1133 4564 pro
1157 4478 1272 4564 predio
1297 4477 1450 4542 videlicet
1474 4478 1561 4565 quod
1585 4492 1773 4543 antecessor
1795 4492 1906 4543 noster
1925 4481 1999 4566 piae
2019 4481 2187 4545 memoriae

543 4587 619 4652 Otto
650 4587 771 4650 tercius
801 4586 978 4672 imperator
1008 4587 1041 4650 in
1072 4585 1244 4670 Diusburg
1274 4584 1336 4649 sibi
1366 4586 1600 4671 improprium
1632 4587 1681 4650 ius
1713 4586 1921 4663 contradidit,
1952 4587 1986 4651 id
2017 4598 2066 4651 est
2095 4607 2187 4651 unum

520 4676 689 4757 ⁸mansum
721 4716 793 4756 cum
825 4691 929 4756 tribus
959 4694 1045 4756 areis
1077 4704 1108 4756 ct
1138 4693 1324 4779 mancipiis,
1361 4716 1496 4779 quorum
1530 4694 1653 4779 primus
1678 4693 1777 4780 ll'igo
1808 4695 2008 4765 nominatur,
2043 4694 2187 4779 illiusque

542 4800 642 4864 fratre
670 4812 703 4864 et
733 4822 807 4864 cu1n
831 4798 988 4865 uxoribus
1019 4814 1050 4863 ct
1073 4799 1148 4862 filiis
1177 4822 1299 4879 corum,
1331 4800 1386 4884 qui
1418 4800 1516 4862 etiam
1547 4799 1653 4864 adhuc
1685 4811 1869 4886 supersunt,
1901 4814 1932 4864 et
1963 4824 2037 4865 curn
2068 4800 2187 4866 cunctis
2204 4818 2225 4855 :s

541 4905 789 4971 utensibilibusa
812 4907 855 4970 ad
879 4906 913 4970 id
937 4908 1042 4992 ipsum
1068 4906 1216 4992 predium
1236 4904 1485 4991 pcrtinentibus,
1511 4929 1617 4987 orans,
1642 4908 1794 4992 quatinus
1819 4906 1957 4971 eandem
1981 4907 2187 4973 tradicionem

540 5026 650 5078 nostro
673 5013 776 5099 regali
799 5024 955 5099 precepto
980 5014 1215 5077 affirmaremus
1240 5024 1272 5077 ct
1296 5011 1590 5077 corroboraremus.
1630 5014 1744 5077 Eliusa
1768 5015 1878 5101 itaque
1902 5015 2092 5100 petitionem
2116 5012 2186 5101 quia

542 5123 658 5185 iustam
671 5144 741 5184 csse
755 5122 977 5206 cognovimus,
994 5120 1153 5184 voluntati
1166 5119 1277 5207 ill[iu]s
1291 5142 1459 5183 assensum
1472 5118 1671 5206 prebuimus.
1707 5121 1931 5206 Precipicntcs
1944 5144 2022 5208 ergo
2035 5122 2186 5187 iubemus.

540 5240 575 5292 ut
598 5228 704 5292 nullus
729 5226 879 5314 publicus
903 5225 1003 5290 iudex
1026 5238 1082 5291 aut
1106 5226 1170 5290 alia
1193 5226 1259 5290 ulla
1284 5224 1449 5313 [personla
1479 5227 1606 5312 prefato
1637 5228 1751 5313 predio
1782 5250 1817 5291 se
1846 5229 2049 5299 intromittat.
2079 5248 2185 5293 verum

610 5423 675 5479 257.
700 5424 729 5491 b)
750 5430 829 5475 anter
848 5428 923 5474 retur
939 5422 1043 5488 pallere
1061 5422 1137 5474 Reate
1154 5423 1270 5475 auderes
1288 5422 1453 5474 suasores
1534 5432 1560 5489 c)
1586 5440 1602 5475 o
1621 5439 1691 5479 corr.
1711 5440 1796 5477 cursa
1877 5423 1906 5489 d)
1929 5424 1955 5476 is
1974 5424 2040 5477 ader·
2057 5426 2104 5479 dor
2122 5420 2187 5474 Zeta
2201 5426 2224 5462 ⁴⁰

699 5495 892 5561 aorbqetrapm
956 5494 982 5559 e)
1000 5500 1090 5546 aera
1107 5510 1166 5545 war
1185 5510 1229 5545 am
1248 5494 1362 5559 Auferte
1380 5494 1425 5545 dee
1444 5494 1546 5547 Wortes
1563 5492 1582 5547 fi
1600 5496 1781 5561 qeacbrr'cbem
1803 5512 1854 5548 aus
1873 5495 1883 5547 i
1901 5499 1936 5548 r'at
1953 5496 2001 5548 der
2018 5504 2085 5549 erate
2102 5492 2185 5547 stau

698 5570 769 5618 eines
786 5582 803 5617 a
819 5565 946 5631 pamachi,
971 5566 1020 5615 der
1039 5566 1194 5628 Otrerarrbb
1217 5566 1262 5616 des
1280 5563 1373 5616 fater
1390 5565 1572 5632 etcorporum
1653 5565 1676 5633 f)
1701 5566 1724 5619 si
1749 5567 1813 5619 aber
1837 5568 1886 5620 der
1903 5568 1976 5620 Zar'le
1999 5569 2184 5635 nocherum

700 5641 730 5705 g)
750 5637 950 5702 unauapefdllta
968 5637 1056 5689 Lases
1074 5637 1124 5701 far
1141 5638 1192 5689 das
1211 5637 1395 5702 Tapesdutum.

612 5725 676 5782 258.
702 5725 847 5793 [Bresslau]
885 5726 912 5792 a)
932 5728 956 5776 A
