4836 6504
841 415 1077 473 HEINRIOH
1098 417 1137 472 Π.
1178 414 1274 473 1007.

1038 600 1121 686 167.

259 781 437 857 Heinrich
453 781 600 857 sedendi
615 781 696 856 dan
713 809 785 856 non
802 782 875 856 ilem
890 782 1137 883 gepritndeteu
1154 781 1319 855 Bistlrum
1337 780 1520 878 Bomberp
1543 780 1602 853 die
1618 778 1724 852 Atrei
1744 776 1908 879 Gangen-

259 901 361 975 baca.
1371 927 1543 998 senenses
1562 926 1642 986 1007
1657 925 1816 984 samse
1834 926 1861 983 1.

369 1108 612 1184 Oriqinaidiplom
634 1108 676 1167 int
697 1109 725 1167 lc.
742 1107 949 1168 Raicltsarclriv
971 1125 1006 1167 su
1029 1106 1172 1167 Mareotes
1196 1106 1268 1174 (A).

227 1277 241 1317 s
368 1259 469 1320 Gallia
486 1260 584 1319 christ.
601 1260 644 1319 es.
664 1259 711 1319 H.
731 1251 776 1330 5⁶,
795 1260 857 1319 507
871 1262 903 1318 u⁰
914 1261 953 1320 49
971 1278 1025 1320 ares
1042 1260 1202 1332 Absens-ist.
1222 1289 1267 1298 -
1287 1257 1467 1318 Grundidier
1483 1257 1516 1315 iu
1533 1255 1711 1314 Wardtweiu
1729 1255 1815 1314 Nova
1831 1255 1905 1314 ade.

366 1370 395 1437 6,
411 1368 470 1427 164
487 1369 519 1425 a⁰
531 1368 572 1426 78
585 1367 731 1442 aaudiat
746 1384 799 1426 aas
813 1367 973 1439 Abselrrift.
992 1388 1033 1415 =
1052 1366 1232 1426 Grundtdier
1246 1365 1327 1424 Hist.
1343 1363 1475 1423 d’Alsuce
1491 1353 1534 1432 1⁶,
1552 1364 1615 1421 202
1633 1363 1666 1421 u⁰
1678 1362 1737 1420 364
1756 1361 1845 1421 Dntr.
1862 1391 1906 1400 -

365 1473 445 1534 Mon.
469 1474 563 1533 Belca
584 1476 652 1545 28⁰,
676 1474 736 1533 342
758 1476 791 1532 n⁰
805 1476 869 1533 222
891 1493 945 1533 aas
966 1474 1002 1533 A.
1027 1504 1071 1512 —
1094 1473 1221 1533 Bo'lrmer
1242 1471 1314 1547 Rep.
1332 1472 1419 1531 1003.
1444 1498 1489 1508 -
1517 1468 1640 1543 Stamps
1659 1468 1731 1543 Req.
1751 1469 1838 1528 1460.

275 1618 279 1626 ’
366 1624 512 1684 Naclrdem
535 1624 597 1683 BD
623 1625 677 1684 das
706 1622 857 1685 Clerisrnon
880 1625 940 1684 ιιιιᾶ
966 1625 1013 1684 die
1040 1624 1189 1685 invocatio
1215 1623 1392 1699 pesclrieben
1420 1622 1507 1691 hatte,
1536 1620 1689 1680 vollosdete
1716 1620 1769 1679 der
1795 1620 1828 1679 in
1856 1620 1909 1679 der

371 1731 596 1807 Verbemerlsanq
624 1750 660 1791 sa
689 1730 729 1791 D.
747 1733 807 1792 160
835 1732 979 1792 malente
1008 1731 1239 1803 dessclrreiber
1269 1731 1323 1789 dus
1351 1728 1392 1787 D.
1416 1729 1470 1787 mit
1492 1728 1655 1787 Auneulme
1685 1727 1737 1785 der
1765 1746 1821 1786 von
1847 1727 1908 1786 ΕΙ)

365 1839 603 1914 mandragoran
623 1837 699 1898 Gau·
721 1839 781 1897 aad
800 1838 1026 1911 Grafeuuameu.
1062 1837 1121 1897 Die
1141 1838 1262 1913 Varlaqe
1283 1839 1323 1896 ist
1344 1837 1422 1895 ualet
1444 1836 1561 1906 einsaclr
1583 1853 1619 1894 su
1641 1834 1812 1894 beatimmeu.
1851 1835 1908 1893 Am

364 1946 498 2005 adsistere
515 1944 588 2004 stelit
604 1943 644 2004 D.
658 1946 718 2006 160
736 1963 865 2005 uranon
882 1944 935 2015 D.,
959 1945 1029 2005 doclr
1047 1946 1148 2016 ddrste
1165 1945 1262 2004 ἄειειιι
1280 1942 1429 2003 Schreibar
1447 1943 1586 2002 mtweder
1602 1942 1728 2001 donabere
1747 1943 1800 2013 far
1817 1941 1908 2016 arripe

370 2053 467 2112 Worte
489 2052 541 2110 der
559 2051 675 2111 Sanctio
693 2051 753 2110 ιιιιᾶ
770 2052 822 2111 der
842 2049 1046 2112 Omruboratio
1067 2054 1127 2123 aas
1141 2052 1187 2111 ein
1205 2049 1294 2110 Sbtclr
1315 2050 1394 2109 einer
1415 2049 1539 2108 anderen
1558 2047 1639 2108 Seria
1662 2050 1700 2116 (s.
1718 2049 1757 2107 B.
1774 2046 1814 2107 D.
1833 2047 1904 2115 149)

363 2158 608 2234 mrackqepriffen
637 2159 736 2229 habas,
767 2159 835 2218 oder
857 2178 890 2217 er
911 2160 962 2218 bat
990 2159 1151 2233 diamant
1179 2159 1241 2218 eiua
1268 2175 1322 2216 uss
1344 2156 1422 2216 nield
1443 2156 1524 2215 andr
1545 2156 1697 2226 aidane,
1726 2155 1832 2215 sowotl
1854 2155 1908 2213 mit

364 2265 558 2325 Didonis
579 2266 632 2324 mit
654 2264 695 2324 D.
712 2266 770 2324 149
798 2266 962 2325 υθνιᾶαιιᾶΐε
989 2266 1124 2325 Urlrunde
1153 2266 1199 2325 als
1227 2265 1426 2323 unmittelbore
1446 2264 1566 2339 Varlaqe
1594 2264 1713 2322 benuizt.
1770 2262 1825 2322 Um
1853 2262 1907 2321 dus

369 2373 532 2432 Verbdltais
553 2390 589 2431 su
611 2370 651 2430 D.
670 2373 729 2431 160
750 2373 819 2432 lclar
840 2390 877 2431 sa
899 2372 1177 2443 cneocaesarea,
1207 2372 1297 2431 laben
1319 2372 1376 2431 wir
1397 2390 1465 2442 aar,
1494 2388 1556 2430 was
1577 2370 1631 2430 mit
1653 2370 1757 2429 diesem
1778 2369 1905 2429 aborsis

362 2480 482 2551 stimmt,
505 2480 595 2539 durch
618 2479 788 2539 Petitdraclc
809 2479 1046 2554 qekenrszeichuet.

363 2659 420 2743 (C.)
443 2655 460 2746 ξ
483 2657 523 2721 Ιη
545 2658 675 2722 nomine
698 2668 831 2722 sanctae
856 2668 889 2722 et
911 2656 1100 2722 individuae
1124 2657 1287 2721 trinitatis.
1338 2655 1515 2720 Heinricus
1544 2654 1656 2720 divina
1681 2654 1813 2719 favente
1842 2654 1905 2719 cle·

256 2766 379 2829 mentia
400 2787 471 2829 rex.
577 2776 769 2829 Salaberrimis
787 2779 873 2843 igitur
890 2780 962 2829 sacri
982 2776 1086 2843 eloquii
1106 2778 1325 2829 institutionibus
1345 2777 1484 2827 erudimur
1503 2782 1531 2827 et
1549 2778 1733 2835 admonemur,
1753 2781 1784 2826 nt
1801 2781 1904 2842 tempo·

256 2885 326 2938 ralia
351 2884 537 2951 relinquentes
563 2885 636 2936 bona
658 2877 672 2951 ll
695 2892 723 2935 et
747 2891 857 2935 terrena
881 2891 1078 2951 postponentes
1105 2886 1247 2935 commoda
1272 2890 1386 2935 aeterna
1411 2880 1444 2933 et
1468 2884 1528 2934 sine
1554 2883 1607 2934 line
1631 2898 1759 2935 mansura
1782 2885 1812 2933 in
1838 2881 1905 2954 celis

212 2994 415 3045 instudeamus
434 2994 550 3058 adipisci
569 2993 740 3043 consistoria.
779 2993 953 3058 Quapropter
970 3008 1021 3043 nos
1041 2993 1184 3042 dominicis
1209 3008 1265 3042 non
1284 2993 1395 3041 surdum
1414 2991 1537 3041 auditum
1557 2992 1704 3057 prebentes
1722 2992 1859 3056 preceptis
1879 2998 1907 3041 et

256 3096 363 3151 deificis
388 3100 602 3166 obtemperando
628 3099 802 3150 intendentes
827 3099 1001 3149 suasionibus
1027 3099 1163 3163 quendam
1188 3103 1280 3168 nostre
1305 3104 1419 3168 paterne
1445 3097 1535 3148 locum
1560 3098 1720 3148 hereditatis
1745 3097 1905 3148 Babenberc

256 3208 359 3258 dictum
375 3208 404 3257 in
420 3208 513 3257 sedem
530 3214 558 3256 et
575 3205 684 3257 culmen
700 3207 875 3271 episcopatus
893 3204 1066 3256 sublimando
1085 3206 1259 3271 proveximus
1277 3211 1305 3255 et
1321 3206 1445 3256 Romana
1460 3205 1625 3255 auctoritate
1642 3210 1725 3269 atque
1740 3203 1905 3255 venerabilis

257 3314 636 3378 HeinriciVuircibnrgensis
655 3314 778 3379 episcopi
797 3328 932 3363 consensu
951 3328 983 3363 ac
1002 3314 1062 3378 pari
1081 3314 1272 3377 communique
1295 3314 1417 3363 omnium
1440 3313 1527 3364 nostri
1549 3310 1670 3362 lidelium
1693 3317 1748 3361 tam
1771 3312 1904 3377 archiepi-

257 3437 402 3487 scoporum
422 3436 503 3485 quam
522 3422 714 3486 episcoporum
733 3420 918 3484 abbatumque
937 3436 988 3470 nec
1007 3436 1062 3471 non
1081 3421 1181 3471 ducum
1201 3427 1228 3471 et
1247 3421 1377 3472 comitum
1397 3419 1524 3471 consultu
1544 3420 1709 3485 decretoque
1728 3420 1756 3469 iu
1775 3419 1905 3470 honorem

212 3538 239 3578 aa
257 3534 368 3578 sanctae
388 3528 433 3578 dei
450 3527 592 3592 genitricis
610 3525 697 3595 Maris
716 3531 928 3591 sanctorumque
948 3526 1135 3592 apostolorum
1155 3528 1230 3578 Petri
1251 3533 1278 3577 et
1296 3527 1377 3578 Pauli
1396 3544 1447 3579 nec
1466 3544 1521 3579 non
1539 3528 1679 3578 martirum
1697 3525 1802 3578 Kiliaui
1821 3532 1904 3593 atque

257 3634 351 3684 Georii
370 3632 554 3684 stabilivimus
573 3640 601 3684 et
621 3634 866 3694 corroboravimus,
893 3642 924 3683 ut
949 3641 978 3684 et
1002 3635 1071 3685 inibi
1096 3639 1220 3684 nostrum
1245 3642 1443 3701 parentumque
1462 3640 1617 3685 nostrorum
1636 3634 1745 3685 Ottonis
1762 3634 1837 3684 tertii
1855 3635 1904 3684 im·

256 3741 390 3805 peratoris
409 3742 590 3792 antecessoris
617 3746 644 3790 et
668 3742 784 3792 senioris
810 3742 897 3792 nostri
923 3740 1031 3792 celebre
1055 3743 1204 3793 haberetur
1228 3740 1386 3793 memoriale
1409 3750 1437 3793 et
1460 3743 1533 3809 iugis
1551 3759 1601 3809 pro
1620 3743 1747 3793 omnibns
1765 3743 1904 3793 ortodoxis

257 3846 366 3897 hostina
385 3853 551 3923 mactaretur
569 3846 706 3898 salutaris.
743 3848 862 3900 Proinde
881 3850 989 3900 noverit
1008 3851 1128 3899 omnium
1147 3850 1234 3900 nostri
1253 3848 1374 3900 fidolium
1392 3856 1448 3901 tam
1466 3866 1578 3916 presens
1597 3855 1675 3900 aetas
1694 3865 1775 3914 quam
1796 3834 1905 3899 fissura

257 3960 284 4003 et
298 3955 452 4019 posteritas,
469 3955 535 4018 quia
550 3970 601 4006 nos
619 3957 720 4006 nostri
740 3956 894 4020 quandam
913 3942 1012 4005 lluisl'
1029 3940 1195 4006 abbatiam
1213 3939 1410 4027 Genglnbah
1428 3957 1543 4008 dictam
1558 3957 1587 4006 in
1605 3972 1676 4022 pago
1692 3942 1903 4019 Μοῖῐθῐιοῑιᾳ6

210 4061 349 4113 assitam
369 4062 440 4111 etin
457 4063 588 4112 comitatu
607 4047 759 4113 1168611ιὶο
781 4063 887 4112 comitis
907 4063 941 4112 ad
960 4063 1073 4113 eandem
1090 4078 1174 4129 supra
1193 4063 1294 4113 dictam
1312 4064 1497 4130 episcopalem
1515 4065 1608 4115 sedem
1625 4065 1785 4115 Babenberc
1801 4064 1902 4114 dictam

256 4184 317 4219 cum
337 4169 462 4219 omnibus
481 4171 540 4219 eius
557 4170 730 4235 pertinentiis
746 4171 804 4220 sive
821 4170 996 4229 adherentiis,
1016 4167 1147 4220 videlicet
1164 4171 1233 4220 vicis
1253 4168 1326 4221 villis
1346 4165 1494 4241 aeclesiis(¹
1513 4171 1626 4237 capellis
1644 4172 1731 4221 servis
1750 4176 1778 4222 et
1796 4169 1903 4222 ancillis

255 4277 327 4327 areis
345 4276 473 4327 aedilitiis
492 4277 572 4326 terris
592 4275 673 4327 cultis
693 4283 720 4326 et
738 4275 850 4326 incultis
876 4278 929 4327 viis
955 4278 1038 4328 inviis
1065 4278 1183 4328 exitibus
1209 4283 1237 4327 et
1262 4278 1395 4328 reditibus
1421 4279 1537 4343 quesitis
1562 4277 1607 4329 vel
1633 4279 1801 4343 inquirendis
1824 4276 1903 4328 silvis

255 4384 358 4447 saginis
376 4384 569 4434 venationibus
588 4383 668 4448 aquis
691 4384 889 4449 piscationibus
915 4382 994 4433 molis
1020 4383 1182 4434 molendinis
1209 4385 1290 4435 rebus
1316 4383 1464 4435 mobilibus
1490 4392 1518 4435 et
1542 4384 1719 4436 inmobilibus
1746 4401 1778 4435 ac
1804 4385 1902 4435 ceteris

255 4491 380 4541 omnibns
407 4506 460 4560 quq
479 4491 530 4540 rite
553 4490 638 4540 scribi
656 4488 700 4540 vel
720 4488 854 4556 appellari
880 4496 996 4557 possunt
1021 4490 1202 4556 quoquolibet
1228 4492 1307 4541 modo
1335 4490 1510 4552 utilitatibus,
1535 4494 1587 4544 hac
1612 4498 1703 4561 nostre
1731 4493 1902 4543 auctoritatis

209 4615 236 4656 ss
255 4596 405 4664 preceptali
421 4599 531 4664 pagina,
551 4603 633 4663 prout
648 4596 750 4648 firmius
767 4613 920 4663 possumus,
939 4599 1071 4677 donamus
1088 4604 1171 4663 atque
1189 4600 1398 4664 proprietamus,
1417 4600 1537 4650 omnium
1555 4600 1772 4650 contradictione
1789 4606 1901 4660 remota,

252 4706 436 4771 precipientes
461 4706 555 4770 igitur,
582 4710 612 4754 ut
637 4705 665 4754 in
690 4705 742 4755 deo
768 4703 885 4754 dilectus
912 4706 991 4755 uobis
1017 4722 1082 4771 sepe
1109 4705 1182 4756 dicte
1208 4708 1281 4757 sedis
1300 4708 1474 4758 Eberhardus
1500 4708 1647 4773 episcopus
1672 4705 1783 4757 liberam
1802 4708 1901 4758 dehinc

253 4812 353 4863 lrabeat
370 4819 535 4879 potestatem
553 4813 652 4878 suique
671 4828 846 4863 successores
870 4814 997 4863 eandem
1022 4797 1189 4864 abbatiam
1213 4798 1412 4886 Genglnbah
1439 4816 1552 4865 dictam
1573 4830 1634 4864 cum
1653 4814 1779 4864 omnibus
1799 4831 1901 4881 appen-

253 4920 326 4970 ditiis
345 4921 402 4970 suis
421 4921 533 4971 tenendi
551 4921 710 4986 possidendi
729 4935 778 4969 seu
798 4921 930 4985 quicquid
949 4921 1002 4970 sibi
1019 4918 1105 4971 libeat
1122 4922 1208 4971 modis
1226 4923 1352 4972 omnibus
1369 4923 1398 4972 in
1409 4938 1488 4973 usum
1505 4923 1681 4987 episcopatus
1698 4922 1761 4971 inde
1777 4921 1901 4971 latiendi.

252 5028 281 5077 Si
301 5028 361 5092 quis
380 5029 473 5093 igitur,
499 5029 574 5093 quod
592 5029 673 5087 absit,
698 5028 780 5077 huius
799 5034 892 5095 nostre
912 5028 1068 5079 donationis
1095 5028 1307 5079 munificentiam
1326 5030 1467 5080 destruere
1493 5030 1552 5080 sive
1571 5027 1676 5080 violare
1701 5034 1848 5094 presumat,
1871 5028 1901 5078 in

206 5143 234 5182 to
252 5135 296 5186 die
316 5120 422 5185 iuditii
441 5151 533 5186 coram
552 5134 640 5185 oculis
660 5137 705 5186 dei
723 5141 858 5185 tormento
877 5133 1081 5200 inextinguibili
1102 5133 1168 5185 luat.
1210 5135 1291 5197 Quod
1317 5153 1351 5186 ne
1377 5136 1432 5196 liat,
1458 5137 1507 5187 sed
1532 5137 1583 5206 hec
1609 5137 1720 5187 traditio
1746 5142 1840 5187 nostra
1866 5138 1900 5187 ab

251 5243 377 5293 omnibus
395 5227 628 5315 perpetualiter
645 5226 843 5292 inviolabilis
862 5248 1028 5308 permaneat,
1047 5242 1116 5293 hanc
1131 5249 1233 5293 cartam
1246 5244 1309 5293 inde
1323 5245 1506 5309 conscriptam
1522 5259 1602 5294 manu
1616 5245 1728 5310 propria
1740 5244 1900 5295 roborantes

250 5347 336 5415 sigilli
354 5351 440 5399 nostri
459 5351 629 5415 inpressione
648 5350 773 5414 insigniri
793 5350 928 5399 iussimus.

356 5484 374 5575 R
397 5485 535 5572 Signum
558 5486 669 5551 domni
691 5487 840 5552 Heinsici
864 5487 926 5572 (M.)
949 5487 1037 5572 regis
1061 5488 1276 5552 invictissimi.
1300 5486 1318 5577 ᾗ

203 5782 232 5824 ω
321 5699 384 5754 las.
410 5698 557 5825 [graccho]
594 5700 737 5839 aAEiqiaaf
752 5701 846 5753 Basra
911 5699 941 5769 b)
960 5716 979 5752 u
996 5700 1052 5764 aas
1067 5699 1161 5752 amur
1226 5700 1252 5767 c)
1269 5703 1299 5753 ιἰι
1316 5702 1405 5766 dafar
1421 5701 1554 5767 eduam
1571 5701 1660 5754 Lache
1676 5718 1725 5755 sorr
1742 5700 1798 5754 ΕΙ)
1814 5704 1897 5756 nach·

407 5790 426 5839 0
449 5788 533 5839 raam
