4836 6504
831 459 1068 517 HEINRICH
1090 461 1129 515 Π.
1171 459 1266 517 1010.
1809 452 1873 514 259

223 647 301 711 villa
313 646 457 711 Vverela
472 647 560 712 dieta
575 647 610 710 in
626 649 781 711 comitatu
793 646 950 711 Vniconis
967 649 1104 729 comitis,
1121 671 1218 735 quarn
1235 659 1423 712 antecessor
1437 647 1567 711 nosterb
1585 646 1680 710 divae
1697 647 1872 710 memoriae

225 754 301 818 Otto
325 753 479 818 videlicet
501 756 679 840 imperator
702 764 858 839 augustus
881 764 977 817 antea
1000 753 1042 818 ad
1065 754 1153 818 idem
1176 756 1408 819 monasterium
1431 754 1574 837 tradidit,
1603 777 1689 818 nunc
1712 776 1790 817 vero
1814 776 1873 817 nos

224 860 390 947 perhanc
413 872 555 925 nostram
579 859 721 945 regalem
745 883 784 924 ac
807 860 1027 946 preceptalem
1052 863 1205 946 paginam
1236 861 1372 924 firmiter
1394 859 1546 925 donando
1570 859 1817 925 corroboramus
1841 871 1874 924 et

224 967 452 1032 confirmamus
483 978 516 1031 et
544 966 585 1031 de
615 978 725 1031 nostro
756 968 825 1030 iure
856 989 895 1030 ac
927 967 1068 1031 dominio
1099 968 1133 1030 in
1163 969 1233 1031 eius
1264 967 1334 1031 insb
1358 977 1391 1032 et
1414 967 1592 1031 dominium
1616 968 1746 1031 omnino
1769 976 1873 1031 trans·

188 1096 202 1135 s
224 1073 398 1155 fundimus,
423 1096 463 1138 ea
477 1073 631 1138 videlicet
650 1075 774 1138 ratione
795 1084 830 1137 ut
848 1074 993 1159 prefatus
1009 1071 1112 1137 abbas
1129 1075 1243 1161 suique
1260 1096 1464 1137 successores
1481 1075 1661 1160 prescripto
1677 1076 1872 1138 monasterio

224 1180 427 1265 presidentes
451 1180 491 1244 de
515 1179 663 1267 predicta
686 1179 804 1244 aneilla
835 1201 958 1266 suaque
988 1181 1176 1265 posteritate
1201 1180 1319 1244 dehine
1349 1179 1485 1244 liberam
1515 1179 1658 1244 habeant
1680 1191 1873 1266 potestatem

225 1286 382 1373 quicquid
405 1288 452 1351 eis
482 1285 641 1373 placuerit
670 1287 813 1351 faciendi
844 1286 887 1351 ad
916 1309 1028 1351 eorum
1058 1285 1231 1350 utilitatem
1262 1287 1430 1371 ecclesiae,
1462 1288 1625 1351 omnium⁰
1649 1287 1803 1351 videlicet
1825 1288 1873 1350 in-

225 1392 411 1480 quietudine
435 1404 569 1457 remota.
607 1393 652 1457 Et
673 1404 709 1457 ut
732 1393 812 1457 haec
836 1404 965 1457 nostrae
984 1393 1166 1458 donationis
1190 1416 1248 1457 seu
1271 1393 1524 1458 confirmationis
1548 1394 1725 1458 auctoritas
1748 1392 1873 1458 stabilis

226 1512 257 1563 et
291 1500 482 1564 inconvulsa
517 1502 604 1564 omni
639 1499 842 1588 perma[neat
872 1498 1063 1587 temporqed,
1097 1500 1158 1564 boc
1191 1512 1379 1586 preceptum
1413 1499 1489 1564 iude
1523 1502 1743 1586 conscriptum
1775 1523 1875 1563 manu

182 1629 208 1668 ro
225 1608 357 1693 propria
380 1605 626 1671 corroborantes
651 1605 773 1695 [athue
797 1604 1040 1694 conllirmantes
1063 1606 1168 1692 sigillo
1192 1617 1302 1671 nostro
1326 1605 1535 1695 in]s[igni]ri<¹
1559 1607 1720 1671 iussimus.

331 1746 348 1837 ξ
372 1747 508 1835 Signum
532 1748 642 1813 domni
664 1747 838 1837 H[einrici]
864 1755 944 1827 (Μ.)ρ
967 1749 1054 1834 regis
1078 1749 1293 1813 invictissimi.
1317 1746 1335 1837 ξ

331 1888 348 1979 ξ
373 1889 571 1955 Guntherius
595 1891 809 1956 cancellarius
832 1892 906 1955 vice
925 1890 1090 1976 Unilligisi
1114 1889 1390 1977 archicappellani
1413 1892 1547 1955 notavit.
1571 1889 1588 1979 ξ
1711 1899 1767 1971 (SI.
1786 1899 1828 1969 2.)

236 2102 271 2130 mn
333 2033 457 2097 Datum
472 2048 558 2098 xvll.
574 2034 641 2099 kal.
658 2033 816 2121 septemb.
835 2033 1013 2097 indictione
1029 2047 1107 2115 VIII,
1131 2056 1216 2097 anno
1240 2032 1423 2096 dominicae
1446 2034 1679 2097 incarnationis
1702 2032 1873 2098 millesimo

228 2138 303 2228 [x]¹,
328 2163 413 2205 anno
436 2162 515 2205 vero
539 2140 649 2204 domni
672 2139 834 2229 s[ecund]i
857 2140 1005 2204 Heinrici
1029 2140 1194 2225 regnantis
1211 2153 1307 2220 VIIII,
1332 2149 1440 2203 actum
1463 2140 1580 2222 Frosa3
1604 2139 1744 2204 feliciter
1766 2163 1873 2205 amen.

182 2501 208 2540 a
990 2455 1084 2542 223.

227 2618 404 2693 Heinrich
429 2620 559 2692 nimmt
583 2619 642 2692 die
667 2617 895 2716 beschdflicbe
917 2617 1056 2692 Kirclre
1075 2644 1120 2692 za
1142 2618 1416 2720 Brandenbnrp
1435 2621 1476 2692 in
1497 2620 1620 2693 seium
1641 2617 1771 2695 Schutz
1796 2620 1878 2694 aad

226 2738 374 2811 verleilrt
399 2739 478 2813 dein
507 2736 668 2836 Biscbof
689 2736 791 2838 Wipo
816 2737 898 2811 aad
927 2739 1050 2811 scinco
1075 2736 1332 2838 Nocbfolpern
1365 2738 1515 2812 diaselbe
1543 2738 1703 2813 Freibeit
1734 2739 1776 2812 in
1810 2739 1876 2813 der·

227 2857 333 2931 Wolrl
356 2858 423 2931 der
447 2857 568 2958 Vb‘qte,
602 2855 732 2930 welche
757 2856 817 2929 die
840 2856 1066 2930 accusasses
1093 2855 1264 2954 Biscbbfe
1289 2856 1417 2949 baben,
1443 2857 1550 2931 sowie
1575 2857 1643 2931 dua
1662 2856 1766 2954 fecie
1790 2857 1875 2932 Ver·

228 2975 497 3076 fitqunpsrecbt
521 2977 611 3050 etber-
637 2974 696 3049 die
721 2974 882 3048 Zebnten
909 2974 970 3049 des
991 2974 1183 3050 Bisthuma
1325 3003 1521 3063 Oscae-seben
1541 3005 1620 3064 1010
1642 3004 1760 3064 October
1778 3006 1829 3065 27.

181 3205 209 3244 ao
336 3184 578 3260 Oriqinaldiplom
601 3184 643 3241 im
665 3182 925 3254 Dorrrstistsarcbiv
946 3200 982 3241 eu
1004 3183 1215 3258 Brondeaburp
1240 3182 1311 3249 (A).

334 3327 465 3385 Eclclrart
486 3326 567 3385 Hist.
586 3345 647 3401 pen.
669 3324 777 3385 Saron
795 3326 850 3384 131
874 3327 941 3385 22⁰3
963 3344 1016 3384 aus
1035 3327 1072 3384 A.
1097 3355 1141 3364 -
1163 3325 1322 3385 meboltz
1341 3325 1465 3384 Versuch
1487 3325 1565 3383 eine
1588 3325 1752 3385 Brandenb.
1775 3326 1875 3386 Gescb.

333 3435 361 3504 1,
377 3434 436 3492 409
457 3436 490 3492 ἄ
506 3435 526 3491 6
547 3451 584 3491 eac
606 3433 710 3492 collect.
730 3432 886 3507 Guadliny.
910 3432 964 3491 mit
986 3434 1052 3491 ind.
1068 3433 1129 3490 VII
1147 3433 1206 3491 und
1224 3451 1253 3491 a.
1271 3450 1356 3509 regn.
1374 3436 1494 3490 octavo.
1512 3461 1556 3470 -
1574 3431 1702 3492 Gerclcen
1717 3431 1874 3504 Scissum.

333 3559 387 3599 von
409 3540 620 3613 Brundenburq
643 3541 701 3598 339
723 3541 790 3598 n⁰3
812 3558 866 3598 aus
888 3539 924 3599 A.
949 3568 993 3577 -
1015 3539 1118 3598 Riedel
1143 3538 1205 3598 OD.
1226 3538 1568 3609 arescentem
1590 3540 1623 3596 n⁰
1639 3540 1678 3599 10
1700 3557 1754 3598 aaa
1775 3541 1812 3598 A.
1833 3567 1876 3577 -

333 3648 474 3706 Brassica
495 3646 568 3706 DD.
593 3651 702 3706 centum
725 3647 763 3704 34
786 3648 818 3704 νο
832 3648 874 3704 23
896 3664 949 3705 aas
971 3646 1007 3705 A.
1032 3676 1076 3684 —
1099 3646 1226 3705 Bo‘lmer
1245 3645 1317 3721 Req.
1335 3647 1423 3704 1066.
1448 3675 1492 3683 -
1516 3644 1830 3721 Stampreq.1540.

182 3809 209 3848 ro
339 3790 471 3860 Verfasst
491 3789 551 3848 und
572 3789 748 3863 patheneben
769 3806 825 3846 voa
849 3787 914 3846 ΘΑ.

335 3975 392 4045 (Ο.)
416 3965 433 4055 ξ
456 3967 495 4030 ln
517 3967 647 4030 nomine
671 3977 804 4030 sanctae
828 3975 862 4029 et
883 3964 1073 4031 individuae
1096 3966 1259 4030 trinitatis.
1306 3965 1481 4030 Heinricus
1512 3964 1625 4030 divina
1653 3965 1784 4031 favente
1814 3966 1878 4031 cle-

227 4076 350 4139 mentia
372 4097 442 4138 rex.
550 4073 694 4138 Divinae
717 4071 871 4137 bonitatis
896 4071 1079 4153 clementia,
1110 4095 1194 4159 quae
1225 4094 1284 4135 nos
1308 4072 1350 4136 ad
1375 4072 1502 4136 culmen
1526 4070 1543 4160 ξ
1566 4074 1676 4159 regiae
1700 4075 1878 4138 maiestatis

228 4184 352 4263 evexit,
384 4180 511 4245 adhoc
539 4204 598 4245 nos
621 4202 759 4265 regnare
783 4179 899 4262 voluit,
930 4190 966 4243 ut
996 4178 1216 4243 subiectorum
1245 4177 1340 4243 nobis
1370 4178 1562 4265 populorum
1587 4202 1698 4244 curam
1721 4182 1879 4245 maxime·

229 4310 291 4373 que
326 4288 530 4352 sacerdotum
565 4286 686 4351 Christi
721 4308 866 4371 congrua
900 4285 1141 4371 dispensatione
1176 4285 1404 4367 adhibeamus,
1440 4309 1577 4372 quorum
1611 4286 1811 4351 orationibus
1847 4298 1880 4352 et

184 4424 211 4462 ao
228 4406 357 4458 terrena
381 4393 543 4457 credimus
566 4391 720 4457 felicitate
745 4392 902 4457 cumulari
926 4404 958 4456 et
981 4404 1125 4457 ctemam
1149 4416 1279 4479 quoque
1302 4391 1537 4457 beatitudinem
1560 4396 1749 4479 promereri.
1784 4395 1879 4461 Haec

229 4500 360 4586 quidem
379 4523 438 4563 nos
458 4499 596 4563 sollicita
615 4498 874 4563 consideratione
893 4510 1067 4586 pensantes
1087 4499 1222 4585 dignum
1241 4498 1388 4563 ducimus
1408 4512 1440 4564 et
1459 4500 1659 4564 salutiferum
1676 4501 1879 4566 iudicamus⁸

229 4607 384 4671 ccclesias
409 4607 461 4671 dei
485 4605 545 4670 sub
569 4618 678 4670 nostro
701 4606 860 4691 regimine
883 4608 1006 4692 positas
1030 4630 1069 4671 ac
1092 4608 1263 4693 presertim
1288 4629 1354 4687 eas,
1378 4630 1462 4692 quae
1486 4605 1527 4670 ab
1552 4608 1671 4692 iniquis
1695 4607 1879 4673 hominibus

230 4715 463 4799 opprimuntur,
487 4712 548 4776 sub
566 4724 695 4776 nostrae
715 4713 867 4776 tuicionis
887 4714 1063 4776 munimine
1083 4713 1306 4778 defendendas
1326 4715 1492 4799 suscipere
1513 4724 1545 4778 et
1564 4736 1676 4778 earum
1694 4717 1878 4802 paupertati

230 4819 331 4903 regali
355 4820 576 4884 munificentia
606 4817 790 4882 subvenire.
837 4819 978 4884 Proinde
1010 4822 1151 4884 omniurn
1182 4820 1326 4885 fidelium
1357 4832 1540 4885 nostrorum
1568 4831 1681 4908 pateat
1711 4822 1878 4905 industrie,

184 4957 212 4996 a
230 4926 369 5012 qualiter
395 4949 453 4989 nos
483 4949 542 5013 pro
573 4925 626 4989 dei
656 4948 766 4990 amore
795 4938 970 5012 nostreque
999 4929 1105 5013 anime
1129 4926 1272 4991 remedio
1297 4926 1469 4991 ecclesiam
1491 4928 1822 5015 Brandeburgensem
1845 4932 1879 4994 in

231 5033 350 5097 honore
373 5032 553 5096 beatissimi
576 5033 666 5095 Petri
690 5032 908 5118 apostolorum
935 5034 1092 5119 principis
1115 5033 1283 5098 fundatam
1308 5032 1367 5097 sub
1394 5036 1495 5098 nostri
1522 5034 1742 5100 mundiburdii
1768 5037 1879 5101 defen·

230 5142 320 5203 sione
344 5140 555 5225 srrscepimus,
580 5139 796 5203 concedentes
821 5139 966 5203 eiusdem
987 5139 1124 5228 ecclesie
1144 5142 1297 5227 episcopo
1314 5141 1450 5226 Wigoni
1473 5143 1604 5228 suisque
1625 5143 1878 5219 successoribus,

229 5258 265 5310 ut
289 5244 430 5310 habeant
453 5246 589 5310 eandem
614 5244 806 5325 libertatem,
838 5269 937 5332 quam
967 5247 1113 5332 episcopi
1137 5246 1293 5311 Saxonici
1324 5247 1455 5329 habent,
1487 5248 1641 5314 videlicet
1671 5252 1704 5314 in
1729 5250 1879 5336 eligendo

230 5352 407 5417 aclsocatos
437 5354 470 5416 in
501 5364 567 5417 toto
598 5376 656 5416 suo
687 5354 894 5438 episcopatu,
927 5366 1024 5440 prout
1054 5354 1101 5417 eis
1132 5366 1326 5441 oportunum
1356 5356 1470 5437 fuerit,
1503 5354 1710 5442 habeantque
1743 5356 1879 5422 liberam

183 5600 212 5638 to
300 5583 364 5640 222.
391 5584 419 5647 b)
439 5585 503 5636 dher
519 5584 567 5635 der
584 5584 655 5636 Zeta
673 5585 865 5650 nachpetroycn
928 5598 954 5651 c)
976 5585 1060 5653 omiu,
1083 5588 1149 5639 olene
1167 5588 1450 5652 Ablrareunyazer'chen
1469 5588 1533 5639 aber
1552 5605 1606 5655 om,
1626 5591 1650 5640 A
1715 5589 1744 5658 d)
1763 5591 1807 5642 die
1825 5592 1880 5643 Εν-

389 5662 549 5721 panaeunqm
567 5656 636 5707 νινᾶν
655 5656 689 5710 D.
703 5660 754 5706 221
832 5658 857 5724 e)
882 5674 938 5708 rom
963 5658 1000 5711 Μ.
1020 5676 1075 5710 »rur
1099 5658 1165 5710 noch
1190 5662 1232 5710 ein
1257 5659 1359 5709 kleiner
1380 5659 1455 5709 ΤΙιννἹ
1477 5661 1597 5711 crhnlten
1671 5661 1693 5727 f)
1719 5663 1767 5716 der
1788 5669 1880 5715 untere

395 5728 473 5780 Tacit
489 5728 534 5780 des
551 5736 572 5779 x
587 5727 643 5779 und
659 5728 710 5779 aaa
729 5728 969 5793 oterpeahriabene
989 5746 1034 5781 mo
1052 5731 1118 5781 noch
1137 5730 1263 5784 atomo.

301 5813 365 5872 22³.
390 5815 497 5887 [Bloch]
534 5820 561 5883 a)
582 5817 630 5868 der
647 5816 720 5869 Μῖνι
738 5818 827 5869 Strich
845 5818 890 5871 des
907 5835 935 5869 m
955 5820 1013 5870 und
1030 5820 1079 5871 der
1099 5819 1212 5883 Anfanp
1229 5820 1277 5868 der·
1296 5818 1414 5883 Liputur
1433 5836 1464 5871 ua
1481 5822 1537 5885 aus
1552 5822 1646 5873 Raeur

1614 5932 1667 5984 33*
