4760 6512
787 437 1023 493 HEINRICH
1046 438 1085 493 11.
1124 436 1220 494 1012.
1762 432 1824 495 291

176 650 234 714 pro
257 625 370 690 divino
393 647 503 690 amore
528 625 704 690 clementer
727 625 952 711 suscipientes,
982 624 1045 688 hoc
1075 625 1308 711 magnitudinis
1337 648 1376 691 ac
1400 625 1608 712 precellentis
1632 636 1741 690 nostre
1764 628 1829 713 pri-

176 733 332 819 vilegium
355 732 541 797 memoratis
564 730 720 796 fratribus
750 731 821 797 fieri
849 730 986 818 darique
1015 732 1178 813 iussimus,
1208 755 1269 819 per
1292 731 1390 818 quod,
1420 731 1581 819 quidquid
1610 733 1644 796 in
1674 732 1828 819 predictis

176 840 256 904 locis
279 838 446 926 possidere
469 838 624 903 videntur
646 861 722 903 cum
749 839 837 903 omni
867 838 1054 924 integritate
1079 837 1278 903 decimarum
1310 840 1379 902 sive
1410 839 1444 902 in
1467 839 1679 904 Dissermark
1702 840 1771 902 siva
1794 841 1828 904 in

176 944 462 1011 Brubechermark
486 947 555 1010 sire
579 947 613 1009 in
630 945 809 1033 Lonsteyn‚
834 943 994 1032 quidquid
1017 943 1061 1008 ad
1084 956 1208 1009 curtem
1232 944 1436 1031 predictam‘
1460 946 1529 1009 sive
1553 946 1588 1009 in
1610 947 1735 1032 campis
1759 948 1828 1011 sive

141 1081 155 1121 s
177 1054 210 1117 in
233 1054 338 1117 vineis
362 1054 431 1117 sive
455 1053 489 1116 in
512 1052 603 1117 silvis
626 1054 790 1139 pertinere
814 1051 954 1132 videtur,
984 1051 1027 1115 ad
1057 1050 1255 1137 supplendos
1287 1075 1399 1116 eorum
1427 1053 1629 1116 necessarios
1652 1076 1730 1117 usus
1753 1075 1827 1119 con·

176 1159 334 1223 firmando
358 1158 547 1245 delegamus
571 1170 604 1223 et
626 1157 804 1223 secundum
838 1157 1106 1223 consuetudinem
1135 1160 1317 1245 priscorum
1347 1169 1529 1245 temporum
1557 1161 1765 1246 integerrime
1796 1172 1829 1224 et

177 1264 300 1351 absque
324 1266 506 1352 cuiuspiam
529 1266 760 1330 imminucione
784 1264 1040 1352 perpetualiterss
1063 1264 1281 1330 deservienda
1303 1267 1486 1330 annuimus.
1524 1266 1568 1330 Et
1586 1277 1621 1330 ut
1639 1266 1700 1330 hec
1719 1278 1828 1331 nostre

177 1373 377 1436 auctoritatis
401 1373 569 1459 preceptio
592 1371 772 1459 pleniorem
796 1373 829 1436 in
853 1371 907 1436 dei
929 1372 1059 1436 nomine
1081 1371 1201 1437 habeat
1218 1372 1414 1455 firmitatem,
1438 1397 1537 1437 manu
1560 1374 1692 1460 propria
1715 1372 1828 1437 subtus

178 1501 249 1542 eam
272 1478 473 1543 finnavimus
497 1489 530 1544 et
552 1478 650 1565 sigilli
674 1480 776 1544 nostri
799 1480 1013 1565 impressione
1037 1480 1187 1565 insigniri
1211 1481 1373 1544 iussimus.

134 1641 159 1679 ¹0
284 1621 421 1708 Signum
445 1620 568 1686 domini
592 1622 741 1687 Heinrici
764 1623 851 1708 regis
876 1622 1090 1686 invictissimi.

285 1762 473 1828 Guntherus
497 1763 711 1829 cancellarius
734 1765 808 1829 vice
830 1762 1036 1828 Erkanbaldi
1060 1764 1314 1851 archicapellani
1338 1767 1524 1851 recognovi.

284 1906 372 1971 Data
394 1920 447 1971 111.
471 1906 537 1971 kal.
561 1906 643 1971 febr.
668 1906 797 1972 Christo
821 1908 967 1994 propicio
997 1929 1082 1971 anno
1113 1906 1236 1971 domini
1259 1908 1407 1972 Heinrici
1432 1907 1567 1983 secundi
1592 1908 1758 1994 regnantis
1781 1923 1828 1981 ΧΙ,

178 2012 354 2078 indictione
377 2028 416 2097 x3
445 2026 555 2079 actum
579 2014 667 2101 apud
690 2014 914 2100 lllagunciam3
944 2012 1085 2078 feliciter
1107 2037 1212 2079 amen.

959 2314 1055 2402 253.

135 2509 161 2549 a
179 2476 356 2552 Heinrich
378 2476 525 2551 aclaenlct
544 2477 624 2551 dem
643 2477 789 2552 Kloatcr
806 2476 931 2551 Fatua
951 2478 1056 2550 cineta
1078 2479 1180 2577 tinga
1201 2504 1262 2551 um
1285 2477 1444 2552 dassetbe
1465 2477 1828 2578 delegeneulfdaips·

181 2595 286 2693 forat
307 2598 374 2670 mit
398 2597 650 2697 angepebeaen
678 2594 853 2672 Greazen.
1339 2623 1448 2684 Pollae
1467 2625 1546 2684 1012
1564 2623 1717 2684 December
1734 2625 1784 2683 29.

290 2786 533 2861 Originaldiplom
555 2787 596 2845 im
618 2785 865 2846 catanancen
887 2804 922 2845 zu
944 2784 1088 2860 Morburp
1113 2784 1184 2851 (A).

286 2927 432 2987 Schoaaat
453 2929 543 2989 Trad.
563 2929 651 2987 aaa.
671 2929 732 2987 244
755 2930 787 2986 πθ
802 2928 861 2986 594
883 2944 937 2986 aaa
959 2928 985 2985 A
1009 2944 1044 2986 zu
1068 2928 1146 2985 1013
1165 2947 1207 2973 =
1227 2925 1381 2986 Schneider·
1403 2927 1435 2985 iu
1453 2927 1540 2985 Aret.
1561 2930 1615 2998 fitr
1636 2928 1707 2986 leae.
1730 2926 1828 2987 Geaclr.

285 3038 317 3105 2,
333 3037 402 3096 510.
422 3065 466 3074 —
489 3035 610 3095 Drouke
634 3034 697 3094 OD.
717 3035 804 3093 Fuld.
825 3035 884 3093 343
910 3036 942 3092 η’
957 3035 1018 3095 730
1045 3052 1098 3092 aas
1120 3033 1147 3091 Α
1177 3054 1218 3080 =
1245 3032 1345 3109 Mipue
1363 3033 1477 3093 Potrol.
1498 3035 1566 3103 140,
1581 3036 1643 3093 295
1668 3036 1766 3093 22062.
1786 3064 1830 3071 -

286 3142 413 3202 Bdlmer
430 3143 501 3217 Rep.
520 3143 609 3203 1087.
633 3171 677 3180 —
701 3140 824 3216 Stampf
842 3141 913 3217 Ray.
931 3142 1018 3201 1570.

291 3285 424 3356 Versoaat
440 3284 500 3343 aad
517 3285 692 3359 genetricem
712 3302 767 3342 con
787 3284 853 3353 GA,
876 3284 928 3342 der
949 3284 1008 3342 aiod
1027 3282 1259 3342 wolrseheialirl
1280 3283 1355 3341 εἰηεε
1373 3283 1475 3341 bereits
1493 3284 1654 3359 benegelteu
1673 3284 1832 3359 Bloaquets

287 3392 422 3461 bedieme,
445 3394 505 3462 aas
522 3391 586 3450 dem
607 3391 682 3450 wohl
704 3391 775 3450 auch
800 3391 877 3449 naht
898 3408 971 3464 qauz
993 3391 1086 3449 sicher
1108 3408 1142 3448 zu
1162 3390 1358 3449 bestimmende
1381 3389 1478 3448 Theile
1495 3391 1543 3448 dee
1561 3390 1725 3450 Protolcolla
1746 3392 1831 3450 schoa

286 3499 463 3572 asparagos
493 3517 599 3556 waren.
631 3527 675 3535 —
705 3498 768 3556 Zur
797 3498 994 3572 Beatimmunp
1023 3497 1075 3556 der
1100 3496 1272 3556 Orteuumea
1301 3497 1357 3571 agl.
1381 3497 1507 3557 Laudare
1534 3497 1628 3557 Beitr.
1653 3517 1706 3557 aar
1730 3498 1829 3558 Geaclr.

286 3606 339 3664 der
360 3605 441 3680 Jayd
465 3604 578 3670 (Caesel
601 3606 694 3671 1849)
717 3606 757 3663 44
773 3607 797 3676 f.
822 3634 862 3642 -
889 3604 953 3663 Der
974 3604 1137 3680 geaelmtlcte
1159 3603 1249 3662 Forat
1275 3604 1374 3662 acarde
1399 3604 1432 3661 in
1454 3604 1533 3663 eine·
1554 3603 1762 3665 Dorsrtnlaotiz
1783 3606 1832 3664 dea

288 3714 334 3771 11.
350 3712 566 3772 Jatrtanaerts
584 3712 628 3770 uls
646 3712 772 3770 forestis
788 3712 953 3769 Branuirst
971 3711 1140 3781 bezeichnen
1162 3711 1223 3769 ciue
1237 3711 1328 3785 naenig
1340 3711 1462 3785 jtinpere
1476 3710 1568 3769 Hand
1582 3712 1633 3770 dot
1650 3712 1704 3771 dua
1720 3714 1832 3772 letztere

294 3820 376 3878 Wort
398 3818 606 3893 araqatriclen
630 3818 689 3877 aad
711 3818 804 3889 dafttr
827 3818 1088 3877 Zunderenharth
1111 3817 1296 3891 pathrieben.

289 3986 346 4057 (C.)
370 3977 388 4066 ξ
410 3978 449 4042 In
474 3979 602 4042 nominc
627 3989 759 4042 sanctae
784 3990 817 4042 et
839 3976 1029 4041 individuae
1053 3976 1215 4040 trinitatis.
1262 3977 1436 4042 Heinricus
1466 3976 1579 4041 divina
1609 3977 1739 4041 favente
1768 3978 1831 4042 cle·

183 4087 304 4151 mentia
334 4109 402 4150 rex.
548 4085 583 4150 Si
615 4084 807 4173 eclesiarum
839 4084 891 4147 dci
924 4083 996 4147 loca
1031 4084 1168 4147 alicuius
1203 4082 1280 4147 doni
1316 4082 1533 4172 incrcgmento
1569 4084 1743 4149 sublimare
1779 4084 1831 4149 vel

182 4192 352 4257 meliorare
383 4191 617 4272 studuerimus,
649 4190 742 4255 nobis
773 4191 938 4276 nostrique
969 4191 1062 4275 regni
1093 4191 1189 4254 statui
1219 4189 1254 4253 id
1282 4189 1441 4276 proficere
1472 4193 1604 4255 minime
1635 4191 1831 4257 dubitamus.

136 4327 164 4367 so
183 4304 389 4387 Quapropter
422 4300 564 4363 omniurn
597 4298 742 4363 fidelium
772 4308 953 4361 nostrorum
984 4298 1184 4382 presentium
1217 4296 1341 4361 scilicet
1373 4320 1413 4362 ac
1443 4298 1623 4363 futurorum
1653 4299 1831 4364 industriae

181 4420 293 4472 notum
317 4429 388 4471 esse
412 4406 571 4488 volumus,
602 4404 742 4493 qualiter
771 4427 830 4468 nos
854 4404 956 4468 divini
987 4405 1105 4467 amoris
1130 4404 1294 4485 instinctu,
1325 4405 1510 4469 interventu
1534 4428 1664 4493 quoque
1687 4430 1726 4471 ac
1750 4409 1831 4495 peti·

184 4516 277 4579 cione
301 4513 470 4599 Branthoy
494 4511 623 4577 abbatis
647 4511 813 4598 quandam
836 4512 915 4574 iuris
939 4512 1040 4575 nostri
1065 4512 1157 4595 regni
1189 4511 1332 4575 forestim
1356 4552 1400 4559 —
1423 4512 1508 4576 infra
1536 4515 1615 4577 istos
1638 4513 1720 4578 fines
1743 4514 1831 4579 adia-

184 4634 312 4686 centem
335 4621 450 4706 hisque
474 4620 619 4683 terminia
642 4619 859 4706 procinctam:
885 4618 926 4682 de
945 4617 1110 4682 Biberaho
1134 4617 1259 4682 scilicet
1278 4642 1380 4705 usque
1404 4620 1448 4684 ad
1466 4620 1676 4685 Uuolfcshart
1695 4645 1734 4686 ae
1756 4621 1831 4686 inde

184 4739 271 4792 recte
301 4726 551 4792 transcmrendo
581 4726 839 4790 Rodenmannun
869 4735 901 4788 et
930 4723 1202 4812 Byochineberge
1230 4750 1333 4813 usque
1363 4726 1407 4791 ad
1430 4726 1575 4793 Calbaho
1607 4742 1639 4793 et
1661 4729 1831 4811 fliedenu,

138 4858 166 4900 ae
184 4835 260 4899 hinc
284 4846 391 4900 autem
416 4833 458 4898 ad
481 4832 681 4918 Langenaho
705 4843 738 4896 et
754 4830 949 4913 Widenaho,
980 4831 1056 4897 hinc
1079 4856 1158 4898 vero
1189 4835 1222 4897 in
1246 4832 1449 4899 Guncenaho
1480 4837 1568 4899 etin
1591 4835 1832 4901 Mosebrunnen

185 4954 217 5006 et
240 4941 314 5006 inde
338 4942 385 5006 sic
409 4951 498 5005 recte
521 4938 710 5004 transiendo
734 4939 807 5004 loca
829 4939 883 5004 ufe
908 4937 1119 5026 Creginfelt⁸,
1141 4939 1477 5023 Warmuntessneida‚
1507 4942 1770 5008 Iliuuineshusun
1793 4943 1833 5007 ab

185 5048 528 5114 Heribrahtheshusun
551 5069 701 5112 necnon
725 5045 864 5110 Slierefa
887 5045 1038 5110 deorsum
1068 5048 1103 5110 in
1126 5046 1254 5112 Slidesa
1284 5060 1317 5111 ct
1347 5049 1393 5111 sic
1417 5072 1476 5135 per
1499 5048 1651 5114 deorsum
1674 5053 1833 5137 usquein

185 5156 322 5221 Fuldam
345 5196 388 5204 —
413 5154 474 5219 sibi
499 5177 642 5242 suaeque
666 5167 799 5219 sanctae
823 5152 1009 5242 aeclesi[a]e
1033 5155 1066 5217 in
1085 5153 1207 5218 honore
1226 5154 1280 5219 dei
1298 5156 1466 5241 genitricis
1485 5157 1653 5242 sanctique
1672 5157 1834 5222 Bonifacii

186 5263 422 5350 archiepiscopi
446 5273 478 5327 et
500 5262 652 5348 martyris
676 5271 885 5326 consecratae
909 5284 947 5324 ac
972 5272 1177 5325 constructae
1208 5285 1281 5325 cum
1311 5260 1418 5325 banuo
1441 5274 1474 5326 et
1497 5285 1570 5327 cum
1595 5264 1661 5327 suis
1685 5263 1834 5329 omnibus

139 5394 169 5434 to
185 5372 389 5457 pertinentiis
412 5394 472 5457 per
494 5369 579 5434 hanc
597 5379 740 5433 nostram
760 5368 902 5454 regalem
921 5368 1074 5454 paginam
1093 5368 1127 5431 in
1146 5369 1313 5454 proprium
1334 5368 1544 5433 concedimus
1563 5380 1661 5455 atque
1679 5369 1836 5457 largimur

256 5566 320 5623 252.
345 5565 527 5636 opublieam
545 5566 567 5616 S
636 5566 666 5634 g)
686 5563 867 5633 personaliter
884 5564 911 5618 S.

256 5656 321 5712 258.
347 5652 557 5725 [Pola-Bloch]
600 5658 627 5721 a)
648 5652 718 5707 Ulec
772 5651 850 5706 'nfelt
868 5656 906 5720 A;
932 5652 997 5705 doch
1020 5655 1054 5704 iat
1078 5653 1149 5705 wohl
1170 5654 1256 5707 sicher
1277 5670 1308 5705 ao
1329 5670 1365 5705 za
1388 5660 1507 5721 troam,
1531 5654 1579 5706 der
1598 5656 1646 5707 Ort
1664 5658 1745 5710 hamt
1761 5658 1837 5711 aeuo

346 5725 493 5865 gaqqferfg
494 5813 501 5826 .
511 5725 632 5849 1:qu
650 5726 718 5848 e(thud
772 5725 901 5778 berhardi
924 5724 1005 5776 Meet
1030 5740 1056 5777 ea
1081 5742 1118 5776 aa
1147 5725 1195 5777 der
1221 5725 1440 5793 mteprechendeu
1465 5726 1544 5778 Stella
1569 5743 1653 5794 usque
1678 5727 1836 5799 Grcgenlclt

1571 5911 1622 5962 ³7⁸
