4760 6512
807 470 1044 527 HEINRICH
1066 471 1104 525 11.
1146 470 1242 527 1014.
1786 465 1847 527 341

201 664 289 714 tinent
314 664 481 723 monasterii,
506 662 638 714 videlicet
663 678 758 727 regum
784 663 938 727 principum
964 670 992 713 et
1017 663 1118 712 ducum
1143 662 1336 727 aliorumqueu
1362 662 1483 713 fidelium
1509 664 1677 729 acripciones
1696 663 1798 714 ibidem
1817 664 1851 714 ab

201 771 267 836 ipsis
286 768 411 830 collatas,
434 770 527 820 idemv
547 768 644 819 cellam
663 777 758 820 sancte
779 767 921 827 Columbo,
941 767 1039 819 cellam
1058 770 1146 819 sancti
1165 769 1269 820 Donati
1289 771 1319 819 in
1338 768 1463 828 Cominu,
1489 767 1588 819 cellam
1607 771 1696 819 sancti
1714 770 1804 819 Mauri
1823 771 1851 820 in

200 875 328 941 Anglone
347 892 428 942 quam
448 882 477 926 et
494 874 564 927 alias
582 875 668 925 cellas
687 882 715 925 et
734 882 820 926 terras
840 876 867 925 in
887 876 955 941 ipsis
979 875 1087 935 linibus,
1111 877 1203 925 item*
1223 874 1321 926 cellam
1340 884 1435 925 sancte
1454 876 1562 939 Agathe
1588 877 1616 926 in
1642 875 1703 926 loco
1722 877 1851 935 Turcino,

201 983 298 1035 cellam
317 983 406 1033 sancti
425 983 502 1033 Petri
519 967 580 1032 tle¹
600 982 722 1033 Uairano
741 998 804 1033 cum
824 983 949 1032 omnibus
968 983 1055 1031 servis
1074 989 1102 1031 et
1120 981 1230 1033 ancillis
1248 984 1399 1048 cespitibus
1418 984 1507 1033 vineis
1526 990 1554 1033 et
1572 984 1659 1043 terris,
1678 984 1707 1032 iu
1726 982 1853 1032 omnibus

168 1093 274 1142 tsicut
292 1091 415 1141 eiusdem
433 1090 591 1141 monasterii
611 1090 753 1139 continent
771 1089 947 1154 acripcionce,
973 1089 1059 1139 item!
1078 1087 1176 1138 cellam
1201 1090 1289 1140 sancti
1309 1087 1461 1139 Salvatoris
1487 1091 1520 1139 de
1539 1087 1621 1148 Alise,
1647 1088 1745 1139 cellam
1764 1090 1853 1139 sancti

201 1194 858 1255 1166116116666161166166,6611616666616
878 1193 984 1255 Crucis,
1004 1194 1102 1245 cellam
1121 1197 1210 1245 sancti
1231 1194 1326 1255 Ylarii,
1351 1194 1450 1246 cellam
1468 1197 1557 1245 sancti
1576 1195 1651 1246 Petri
1671 1196 1705 1245 de
1724 1194 1852 1255 Toutole,

201 1303 299 1354 cellam
317 1304 406 1353 sancti
426 1303 566 1353 Uincentii
586 1302 620 1352 de
639 1300 816 1353 Tremolola¹
836 1317 889 1366 que
914 1308 956 1352 est
978 1303 1056 1352 iaxta
1075 1300 1196 1361 limitem,
1219 1303 1306 1351 iterur
1325 1301 1424 1352 cellam
1447 1303 1535 1353 sancti
1555 1302 1643 1352 Sossii
1669 1318 1730 1352 cum
1756 1300 1852 1353 inclito

200 1408 290 1460 waldo
308 1425 360 1459 suo
378 1410 408 1459 in
428 1408 490 1459 loco
511 1409 624 1459 Liburie
644 1410 691 1458 ubi
715 1408 819 1458 dicitur
837 1409 991 1459 Pantanum
1012 1433 1043 1443 —
1064 1410 1113 1459 has
1138 1408 1205 1459 fines
1231 1409 1376 1459 habentes:
1403 1425 1420 1458 a
1445 1410 1532 1474 prima
1556 1414 1635 1474 parte
1661 1409 1782 1459 decurrit
1807 1411 1852 1459 via

201 1517 388 1581 antiquaque
407 1516 535 1566 venitde
554 1515 702 1565 Ducenta⁸
721 1530 775 1580 que
801 1509 943 1565 decurritl
961 1517 1035 1565 inter
1060 1515 1109 1565 bas
1135 1521 1222 1565 terras
1248 1522 1276 1565 et
1295 1510 1406 1564 waldul'
1433 1521 1460 1565 et
1486 1514 1555 1565 alias
1581 1522 1668 1565 terras
1694 1524 1722 1565 et
1740 1511 1852 1565 rratldub

158 1635 183 1673 ιο
202 1623 276 1687 quod
294 1623 347 1672 luit
365 1622 481 1688 predicti
501 1622 667 1681 monasterii,
694 1627 722 1671 et
747 1620 866 1686 qualiter
891 1622 1035 1672 descendit
1052 1623 1099 1672 via
1123 1623 1185 1687 ipsa
1210 1629 1238 1671 et
1263 1623 1347 1672 intrat
1371 1622 1401 1671 in
1426 1622 1515 1687 ipsum
1535 1622 1689 1672 Pantanum
1709 1628 1737 1672 et
1755 1621 1851 1672 silvam

201 1738 229 1781 et
246 1729 376 1796 paludem
395 1730 494 1795 prefati
513 1730 673 1779 monasterii
693 1744 747 1793 que
766 1736 808 1779 est
828 1729 975 1779 coniuncta
994 1729 1101 1790 Lanae,
1127 1745 1145 1779 a
1168 1727 1290 1778 secunda
1313 1736 1405 1779 autem
1431 1734 1508 1794 parte
1535 1730 1581 1779 via
1606 1735 1648 1778 cst
1666 1730 1781 1793 antiqua
1799 1745 1852 1793 que

201 1838 302 1888 dieitur
320 1837 440 1898 Uicana3
466 1852 483 1886 a
501 1836 606 1886 terciae
627 1850 694 1885 vero
713 1836 811 1885 iterum
837 1851 924 1899 usque
950 1836 984 1885 ad
1008 1836 1081 1885 viam
1107 1850 1160 1899 que
1183 1836 1237 1884 fuit
1256 1836 1444 1899 antiquaque
1463 1836 1541 1885 vadit
1560 1836 1594 1885 6(1
1613 1836 1700 1901 ipsam
1720 1837 1853 1901 piscinam

201 1944 254 1993 iam
274 1943 342 1992 dicti
361 1943 528 2000 monasterii,
554 1948 583 1992 et
608 1935 750 1991 decurritll
768 1936 835 1992 riad
854 1943 927 2008 ipsas
952 1948 1039 1992 terras
1065 1950 1092 1991 et
1111 1940 1202 1991 walda
1228 1950 1292 1992 aute
1316 1942 1382 1992 dicti
1408 1942 1565 1992 monasterii
1592 1949 1620 1992 et
1645 1940 1726 1992 aliam
1752 1949 1852 1992 terram

200 2050 300 2115 prefati
319 2049 429 2099 cenobii
447 2064 502 2115 que
521 2049 624 2098 dicitur
641 2048 676 2097 de
694 2049 811 2098 Tortora
831 2056 859 2097 61
877 2056 963 2098 terras
983 2047 1100 2097 aliorum
1120 2048 1259 2098 bominum
1279 2064 1332 2112 que
1351 2049 1389 2098 ibi
1409 2048 1504 2098 affines
1522 2055 1595 2107 sunt,
1619 2056 1647 2099 et
1665 2050 1737 2099 sicut
1755 2050 1853 2114 incipit

156 2166 182 2205 rt
201 2172 284 2222 super
303 2158 389 2223 ipsam
408 2157 550 2221 piscinam,
574 2162 602 2205 et
621 2154 740 2219 qualiter
758 2154 878 2205 revolvit
896 2156 971 2204 circa
996 2156 1083 2220 ipsam
1101 2160 1202 2204 terram
1221 2155 1256 2203 (16
1275 2155 1372 2204 eodem
1391 2154 1480 2205 waldo
1500 2162 1528 2205 et
1546 2156 1600 2205 iam
1626 2156 1727 2205 dictam
1753 2164 1851 2206 terram

201 2278 254 2328 que
274 2261 376 2312 dicitur
393 2263 428 2313 de
445 2263 571 2322 Tortora,
591 2269 619 2311 et
638 2261 715 2312 vadit
733 2263 767 2311 ad
787 2262 876 2327 ipsum
895 2261 1050 2311 Pantanum
1075 2261 1193 2327 predicti
1213 2263 1370 2311 monasterii
1391 2269 1418 2311 et
1437 2261 1557 2326 qualiter
1575 2262 1651 2312 vadit
1670 2270 1698 2312 et
1717 2268 1852 2327 6663666θ

201 2386 250 2436 per
268 2371 357 2435 ipsum
376 2370 530 2420 Pantanum
550 2375 578 2419 et
595 2366 693 2419 silvam
713 2374 741 2417 et
758 2367 886 2434 paludem
906 2369 1041 2432 usquein
1061 2369 1149 2434 ipsum
1168 2369 1322 2433 Frigidum
1350 2385 1366 2418 a
1389 2376 1488 2433 quarta
1511 2376 1603 2418 autem
1622 2376 1699 2434 parte
1719 2370 1853 2432 usquein

201 2479 254 2527 iam
268 2476 371 2527 dictum
384 2476 526 2541 Frigidum
539 2482 567 2525 et
579 2469 751 2541 predictuml
766 2470 908 2524 Laueuml
923 2498 954 2508 ·-
969 2491 1031 2525 cum
1044 2476 1171 2525 omnibus
1191 2492 1245 2539 que
1263 2476 1396 2525 intrabas
1409 2476 1477 2526 fines
1490 2478 1664 2525 consistuntss
1676 2475 1720 2525 vel
1734 2482 1853 2533 manent,

201 2577 285 2634 itemh
304 2581 404 2633 cellam
421 2583 511 2632 sancti
531 2583 670 2631 vincentii
690 2582 761 2632 infra
779 2582 919 2631 civitatem
939 2581 1093 2648 Neapolim,
1118 2581 1217 2631 cellam
1236 2586 1324 2632 sancti
1343 2583 1483 2633 L'inccatii
1503 2583 1537 2631 de
1557 2582 1651 2641 Came,
1670 2584 1758 2632 sancti
1777 2583 1853 2632 Petri

154 2706 182 2744 66
201 2689 298 2740 cellam
324 2691 401 2739 iuxta
427 2690 566 2739 civitatem
589 2689 813 2738 Beneuentanam
838 2705 924 2755 prope
951 2689 1036 2739 fluvio
1063 2688 1185 2748 Sabbati,
1212 2687 1309 2739 cellam
1336 2696 1431 2739 sancte
1450 2689 1536 2739 Mario
1562 2689 1597 2739 de
1623 2688 1772 2739 Castaneto
1799 2704 1852 2753 que

201 2804 242 2848 cst
261 2798 289 2847 in
309 2804 399 2847 castro
418 2797 543 2855 Piniano,
569 2794 667 2846 cellam
687 2796 774 2845 sancti
793 2794 881 2845 Marci
901 2795 935 2845 de
959 2802 1038 2860 petra
1057 2794 1167 2854 Cutilia,
1194 2794 1293 2845 cellam
1319 2797 1408 2846 saneti
1428 2796 1503 2846 Petri
1529 2796 1563 2846 de
1583 2797 1686 2861 L'ipera
1712 2811 1772 2845 cum
1792 2796 1852 2861 ipso

200 2903 292 2955 casale
311 2906 357 2969 qui
384 2904 486 2953 dicitur
504 2904 599 2961 Leoni,
626 2900 723 2952 cellam
749 2908 843 2951 sancte
862 2902 950 2952 Maria
976 2903 1010 2952 de
1029 2901 1143 2962 Planisi,
1170 2901 1268 2953 cellam
1294 2904 1381 2952 sancti
1402 2903 1533 2953 Iohannis
1560 2903 1593 2952 (16
1613 2904 1728 2961 Lucere,
1754 2901 1852 2952 cellam

200 3019 294 3062 sancte
312 3012 399 3061 blarie
419 3012 452 3061 de
473 3011 601 3074 Quinque
620 3008 706 3068 Milia,
733 3007 831 3060 cellam
856 3010 944 3059 sancti
965 3010 1105 3059 lliuccutii
1131 3010 1165 3058 (16
1184 3009 1292 3069 Τ61666,
1319 3009 1415 3059 cellam
1442 3011 1530 3060 sancti
1550 3009 1680 3059 lobannis
1706 3010 1740 3059 de
1759 3010 1852 3058 Lisine

200 3135 262 3168 eum
280 3119 341 3183 ipsa
359 3115 470 3175 molina,
497 3115 594 3166 cellam
613 3117 701 3166 sancti
722 3115 874 3165 Eleutherii
900 3117 928 3164 in
949 3115 1122 3173 Funditiano,
1149 3115 1247 3165 cellam
1273 3123 1368 3166 sancte
1388 3118 1475 3166 Maria
1501 3116 1535 3165 (16
1554 3117 1629 3166 Loco
1651 3130 1728 3175 sanc,
1755 3114 1852 3165 cellam

154 3237 182 3277 tt
200 3226 288 3276 sancti
308 3225 447 3274 llincentii
468 3223 501 3275 de
520 3224 624 3281 Tocco,
651 3221 750 3274 cellam
769 3222 841 3273 inira
859 3221 1059 3273 Salernitauam
1079 3223 1219 3273 civitatem
1245 3223 1273 3272 in
1292 3222 1395 3272 bonore
1421 3224 1510 3272 sancti
1529 3223 1642 3285 (leorgii
1668 3228 1853 3272 constructam

201 3348 262 3382 cum
282 3332 408 3381 omuibus
427 3332 485 3381 suis
504 3332 691 3396 pertinenciis,
711 3329 808 3380 cellam
828 3330 916 3379 sancti
936 3324 1094 3379 Ualentini1
1116 3331 1145 3379 in
1164 3331 1248 3379 fluvio
1269 3329 1424 3387 Bixentino,
1443 3330 1531 3379 sancti
1552 3330 1689 3379 vincentii
1708 3327 1806 3378 cellam
1825 3330 1852 3377 iu

200 3439 284 3487 fluvio
304 3438 450 3495 Tasciano,
469 3435 567 3487 cellam
586 3438 675 3487 sancti
696 3437 836 3486 llincentii
856 3438 884 3486 in
903 3437 988 3484 flrrvio
1008 3437 1098 3486 Tensa
1117 3442 1144 3486 et
1163 3437 1254 3485 omnia
1274 3436 1308 3485 ad
1328 3437 1382 3485 iam
1402 3437 1502 3485 dictum
1522 3436 1663 3485 abbaciam
1683 3436 1853 3500 pertinencia

201 3560 263 3595 cum
282 3545 409 3594 omnibus
428 3543 491 3594 aliis
510 3543 643 3609 cappellis
664 3551 691 3593 et
709 3544 887 3608 pertinenciis
907 3559 1009 3601 earum,
1035 3558 1096 3592 curn
1116 3542 1238 3593 castellis
1259 3541 1333 3591 villis
1359 3543 1432 3591 casis
1458 3543 1624 3591 massariciis
1651 3542 1751 3591 mansis
1777 3540 1853 3590 silvis

200 3651 310 3717 pascuis
329 3650 529 3701 venacionibus
547 3651 753 3715 piscacionibus
773 3651 861 3700 vincis
880 3650 999 3699 arbustis
1020 3650 1104 3715 pratis
1117 3650 1203 3699 servia
1217 3647 1324 3699 ancillis
1338 3648 1494 3699 aldionibus
1508 3647 1624 3698 aldianis
1638 3648 1853 3699 rediviciouibus

155 3770 182 3809 eo
200 3774 251 3808 nec
271 3773 326 3807 uon
346 3773 408 3806 cum
428 3757 554 3806 omnibus
574 3772 627 3820 que
647 3756 703 3806 dici
723 3763 750 3806 et
769 3757 903 3805 nominari
919 3750 1064 3821 possuntl,
1083 3757 1110 3805 in
1124 3756 1230 3821 prelato
1245 3757 1410 3805 monasterio
1423 3755 1600 3805 concedimus
1614 3762 1641 3805 et
1654 3756 1853 3813 confirmamus,

202 3880 235 3914 ea
253 3863 383 3914 videlicet
402 3864 512 3913 racione
532 3864 661 3926 quatinus
680 3864 886 3928 prenominatus
907 3863 992 3912 abbas
1012 3857 1125 3912 616616ι
1142 3878 1316 3912 successores
1337 3862 1370 3911 dc
1389 3863 1515 3912 omuibus
1529 3860 1650 3912 castellis
1664 3868 1691 3911 et
1704 3860 1817 3927 capellis
1834 3875 1851 3907 a

201 3969 245 4021 vel
265 3971 447 4029 monasteriis,
473 3976 528 4019 tam
547 3970 576 4018 in
595 3970 647 4019 hoc
667 3977 797 4035 precepto
817 3984 954 4033 quamque
980 3970 1008 4018 in
1027 3967 1089 4019 aliis
1108 3970 1245 4034 preceptis
1265 3969 1460 4018 offersionibus
1479 3976 1562 4033 atque
1581 3970 1781 4034 acripcionibus
1800 3986 1853 4032 que

202 4078 342 4127 continere
361 4078 478 4135 videtur,
498 4076 616 4126 habeant
635 4082 799 4141 potestatem
819 4077 930 4125 tenendi
948 4077 1018 4126 iuste
1032 4076 1216 4125 commutandi
1236 4061 1436 4124 ordinandiffl
1456 4074 1619 4139 regulariter
1638 4077 1790 4126 instruendi
1810 4075 1852 4126 vel

202 4185 334 4249 quicquid
352 4186 455 4235 iustum
471 4197 489 4228 a
509 4184 617 4233 visum¹¹
636 4183 720 4232 inerit
742 4183 862 4233 faciendi
881 4182 985 4246 absque
1005 4169 1113 4231 omul⁰
1134 4181 1358 4231 contradiccioue
1385 4182 1570 4247 quorumlibet
1594 4184 1741 4232 hominum.
1786 4184 1852 4232 San-

156 4301 183 4340 et
202 4291 289 4340 cimus
308 4292 419 4357 insuper
437 4297 466 4341 et
483 4296 597 4341 nostrae
615 4288 750 4355 imperiali
770 4291 947 4339 institucione
967 4289 1185 4348 corroboramus,
1205 4294 1243 4346 ut,
1263 4289 1286 4336 si
1306 4286 1398 4353 aliquo
1419 4289 1448 4338 in
1466 4297 1589 4354 tempore
1606 4289 1690 4338 fuerit
1709 4296 1770 4339 orta
1788 4304 1852 4339 con-

202 4399 293 4448 tencio
312 4398 346 4447 (16
366 4399 447 4448 rebus
466 4398 520 4447 iam
540 4382 642 4446 diciiq
666 4394 832 4455 monasterii,
859 4394 953 4445 nullus
973 4397 1075 4446 audeat
1093 4396 1223 4459 deinceps
1248 4411 1297 4459 per
1315 4403 1458 4461 parentum
1477 4397 1665 4460 possessiones
1684 4397 1757 4461 ipsas
1777 4395 1852 4447 here·

202 4504 302 4554 ditates
328 4504 448 4554 residere
471 4502 514 4553 vel
542 4503 709 4554 contendere
734 4510 882 4568 presumat,
908 4510 1024 4567 excepto
1051 4518 1100 4567 per
1124 4502 1280 4551 verissimas
1306 4498 1427 4551 cartulas
1453 4508 1480 4551 et
1506 4503 1591 4551 iustas
1618 4503 1853 4567 consignaciones.

202 4611 304 4661 Verum
323 4618 414 4660 tamen
432 4611 577 4660 statuimus
597 4618 679 4674 atque
698 4609 834 4660 firmamus
854 4609 889 4659 ob
909 4625 1028 4659 aurorem
1048 4616 1142 4658 eterne
1162 4609 1217 4658 rite
1237 4615 1265 4657 et
1283 4609 1460 4658 oracionibus
1480 4608 1601 4666 fratrum,
1622 4624 1737 4672 quorum
1757 4625 1853 4673 preces

203 4718 357 4778 66666666,
384 4724 414 4767 61
439 4718 526 4783 ipsam
552 4733 659 4781 semper
685 4715 773 4781 legem
798 4732 848 4781 per
873 4731 1005 4765 annonam
1032 4714 1169 4764 curricula
1188 4731 1251 4780 pars
1271 4716 1387 4780 predicti
1408 4717 1516 4765 cenobii
1536 4717 1655 4781 accipiat
1675 4716 1708 4765 de
1728 4717 1853 4766 omnibus

156 4834 184 4872 to
202 4824 260 4873 suis
278 4823 422 4873 territoriis
441 4823 476 4873 ab
495 4822 622 4873 omuibus
642 4822 805 4881 homiuibus,
832 4838 913 4888 quam
939 4823 1059 4871 instituit
1077 4821 1200 4872 Astulsus
1228 4839 1274 4872 rex
1294 4823 1539 4887 Langobardorum
1566 4824 1599 4872 de
1626 4821 1765 4881 ecclesiis3
1791 4838 1853 4871 nam

203 4945 236 4981 ex
255 4946 288 4979 ca
307 4945 417 4994 quoque
443 4946 472 4979 rc
492 4928 535 4979 lex
554 4927 609 4979 alia
628 4944 678 4978 nec
698 4929 846 4994 recipiatur
865 4945 914 4979 nee
937 4924 995 4992 [a]r
1020 4927 1144 4994 qualibet
1169 4926 1284 4979 ulterius
1310 4930 1449 4979 iudicetur
1473 4945 1602 4995 persona3
1632 4930 1654 4978 si
1681 4946 1745 4978 vero
1771 4929 1855 4977 fuerit

273 5171 338 5227 286.
364 5174 393 5241 6)
413 5188 461 5225 eeu
479 5172 651 5239 aliorumque
664 5175 689 5223 A
704 5197 735 5215 ==
748 5171 822 5231 VU.,·
840 5172 960 5237 offenbar
978 5172 1082 5225 istriae
1099 5172 1265 5238 uapebdnpta
1282 5188 1336 5237 quc
1355 5172 1427 5222 nicht
1439 5172 1481 5223 ala
1491 5172 1642 5237 9666196116
1656 5172 1855 5235 Verbiadunps·

358 5244 481 5310 partit-el
497 5243 637 5296 betroclrtct
655 5243 768 5307 scorrlcn,
789 5243 838 5307 apl.
852 5246 879 5297 S.
893 5248 947 5293 338
964 5244 997 5296 Z.
1010 5246 1046 5294 50
1117 5250 1146 5307 v)
1162 5243 1222 5296 Vt'.
1242 5268 1265 5286 ε
1280 5243 1352 5308 XC,
1371 5249 1436 5295 stutt
1455 5242 1537 5303 item,·
1562 5241 1609 5294 sed
1629 5245 1653 5294 A
1727 5244 1764 5307 w)
1782 5242 1855 5301 VU.,·

364 5313 411 5366 sed
425 5318 466 5373 A,·
484 5313 569 5383 igitur
581 5314 644 5367 ΝΕ.
694 5328 722 5379 x)
745 5317 769 5366 A
785 5340 815 5357 ε
831 5315 907 5373 NU.,·
926 5313 953 5365 in
971 5314 1028 5367 l'l'.
1082 5314 1111 5380 y)
1131 5314 1188 5368 l'l'.
1202 5339 1231 5356 =
1246 5314 1327 5374 n't'.,·
1344 5313 1392 5366 sed
1406 5318 1430 5366 A
1479 5318 1504 5377 z)
1524 5314 1586 5369 ΝΒ,
1647 5311 1856 5375 110.ΙΙ.288“,·

363 5384 511 5438 Tremdola
530 5388 571 5445 A,·
593 5384 751 5437 Tremoiola
770 5386 827 5439 VU.
900 5388 926 5451 6)
951 5389 975 5437 A
995 5410 1025 5427 =
1044 5385 1219 5437 Mamaeae·
1236 5385 1301 5450 Ray.
1319 5384 1389 5438 Kar.
1408 5390 1474 5446 661,·
1500 5384 1624 5437 Eucenta
1643 5385 1701 5439 l't'.
1780 5384 1810 5449 b)
1831 5388 1854 5437 A

364 5460 390 5521 c)
406 5456 492 5508 tercio
506 5459 531 5508 A
585 5455 614 5523 d)
634 5456 691 5508 vias
704 5460 728 5507 A
784 5458 810 5519 6)
826 5458 867 5517 A:
892 5455 999 5524 perexit
1016 5457 1074 5510 l’b'.
1130 5457 1157 5517 1)
1174 5460 1217 5515 A,·
1236 5455 1388 5523 predictam
1407 5455 1528 5508 Lancam
1547 5457 1603 5511 t'c'.
1658 5468 1687 5523 g)
1708 5456 1856 5509 comistent

365 5531 387 5578 A
404 5553 434 5570 =
450 5528 509 5582 Vo',
563 5526 592 5593 h)
610 5527 669 5581 Vt'.
682 5553 712 5570 ε
728 5528 805 5588 NU.;
823 5526 870 5578 sed
884 5529 909 5579 A
964 5527 983 5583 i)
1002 5528 1059 5581 VU.
1073 5554 1102 5571 ·-=
1117 5525 1196 5587 Ν1’,,·
1215 5526 1341 5579 Valencii
1354 5529 1379 5578 A
1436 5526 1464 5593 k)
1484 5527 1568 5595 possit
1582 5531 1616 5589 A,
1635 5544 1691 5579 scos
1708 5528 1856 5593 (6116111696

365 5599 488 5650 rr'ellerblst
505 5599 575 5649 oracli
593 5599 674 5649 achon
693 5601 729 5649 im
743 5598 870 5663 06191661
885 5599 1028 5662 pertaedeat
1040 5599 1125 5650 habea
1137 5600 1221 5663 kann,
1242 5599 1290 5663 syl.
1304 5598 1332 5649 S.
1345 5602 1399 5650 330
1416 5599 1448 5652 Z.
1462 5604 1496 5649 13
1561 5600 1580 5661 1)
1598 5602 1621 5650 Α
1635 5624 1666 5641 =
1680 5599 1739 5653 VU.
1751 5624 1781 5641 -·
1795 5601 1855 5654 n't'.

365 5674 402 5725 ml
420 5672 444 5721 A
457 5696 486 5712 =
499 5666 703 5730 Dc.11.2ss“,·
721 5668 835 5737 regendi
849 5669 915 5731 VU,
935 5670 1005 5721 aaut
1018 5686 1074 5721 nur
1087 5670 1311 5738 (birmtenfebleru
1327 5676 1457 5723 commut.
1471 5669 1635 5738 regulariter
1651 5668 1795 5722 ordinandi
1813 5671 1854 5723 vel

364 5739 428 5794 ΧΗ,
483 5744 512 5805 6)
529 5743 554 5792 A
570 5764 601 5783 =
616 5740 697 5803 NL'.,·
715 5739 776 5798 inst,
796 5740 834 5792 cis
852 5739 940 5792 visum
962 5741 1019 5795 l'U.
1075 5744 1102 5805 o)
1119 5744 1144 5793 A
1159 5766 1189 5784 =
1204 5742 1282 5801 aba
1299 5741 1366 5804 fehlt
1385 5744 1413 5792 in
1427 5742 1484 5795 Vt'.
1546 5744 1575 5809 p)
1595 5759 1645 5794 nra
1658 5745 1683 5794 A
1738 5746 1767 5809 q)
1785 5745 1808 5792 A
1823 5767 1855 5786 =

363 5812 392 5862 N
396 5810 442 5873 U.,·
459 5810 593 5862 nominati
612 5812 671 5865 VU.
744 5812 769 5879 r)
788 5811 847 5865 l’b'.
859 5836 889 5854 =
904 5811 984 5875 a't',‚·
1001 5812 1068 5875 selalt
1087 5814 1115 5863 in
1136 5815 1159 5864 A
