4798 6486
542 429 608 492 510
1135 433 1599 491 KAISERURKUNDEN.

541 621 661 687 bilibus
685 644 743 686 seu
767 644 841 686 cum
865 621 952 686 omui
975 620 1124 703 utilitate,
1155 643 1219 708 que
1241 620 1402 686 ullatenus
1425 632 1482 685 aut
1504 617 1605 684 scribi
1627 629 1684 684 aut
1706 619 1868 683 nominari
1890 620 2002 706 possit,
2034 619 2189 685 tradimus

541 740 639 816 atque
662 728 798 793 firmiter
820 727 989 793 donamus.
1034 727 1079 792 Et
1101 738 1137 792 ut
1159 726 1241 791 haec
1265 738 1395 792 nostrae
1418 727 1621 792 auctoritatis
1644 727 1764 812 pagina
1795 724 1920 790 stabilis
1944 736 1977 791 et
1999 725 2189 791 inconvulsa

541 836 629 901 omni
651 846 842 922 permaneat
865 857 958 917 aevo,
982 857 1055 900 eam
1077 857 1176 899 manu
1199 835 1333 921 propria
1355 833 1546 899 roborantes
1564 832 1663 919 sigilli
1681 833 1784 897 nostri
1801 833 2015 920 impressione
2038 834 2189 900 iussimus

541 942 701 1029 insignis-1.

646 1241 664 1333 3
688 1242 889 1309 Guntherius
912 1243 1126 1309 cancellarius
1149 1244 1223 1309 vice
1246 1241 1468 1308 Erchenbaldi
1490 1240 1767 1329 archicappellani
1790 1243 1991 1329 recognovit.
2012 1240 2030 1331 ᾗ
2074 1247 2130 1325 (sl.
2147 1248 2190 1325 3.)

646 1404 742 1469 Anno
765 1405 998 1470 incarnationis
1022 1403 1144 1469 domini
1167 1403 1270 1471 nostri
1289 1403 1365 1468 Iesu
1384 1400 1506 1468 Christi
1523 1401 1694 1467 millesimo
1712 1390 1814 1484 1111111,
1838 1390 2063 1483 indictionei}
2084 1413 2187 1467 snno⁰

538 1602 578 1702 ia
606 1631 716 1685 actum
736 1618 1032 1701 Boderebrvnnen3
1060 1617 1198 1683 feliciter
1221 1640 1327 1683 amen.

1316 1932 1411 2021 398.
2208 1973 2233 2013 10

538 2099 718 2174 Heiomh
753 2111 920 2173 eueuert
954 2097 1034 2172 dem
1059 2096 1207 2172 Klostcr
1237 2095 1431 2197 Tepeusee
1456 2096 1516 2171 die
1540 2094 1758 2198 Schenlcnap
1782 2124 1855 2172 voa
1878 2097 1965 2172 awa
1988 2096 2120 2195 Hosen
2144 2123 2188 2172 zu

541 2217 831 2294 Uota-Loium.
1677 2244 1854 2320 Kaufaapca
1878 2245 1956 2305 1019
1973 2245 2094 2305 Jauaar
2115 2246 2142 2304 9.

648 2427 892 2502 Orioinuldiplom
913 2427 955 2485 im
977 2426 1006 2484 lc.
1023 2423 1230 2484 Bcichsarchio
1252 2442 1286 2482 zu
1309 2422 1451 2483 Mttuehea
1475 2414 1548 2495 (A).

647 2586 765 2646 Gretser
783 2585 857 2646 Divi
874 2586 1096 2661 Bamberycnses
1114 2586 1155 2644 77
1176 2587 1209 2644 πθ
1224 2586 1243 2644 9
1265 2602 1319 2644 aue
1341 2584 1368 2642 A
1392 2602 1434 2631 =
1453 2582 1592 2659 hidacio
1610 2582 1663 2643 SS.
1684 2602 1742 2642 rer.
1762 2583 1915 2659 Bombcry.
1936 2584 1965 2654 1,
1980 2584 2040 2642 336
2061 2585 2127 2643 a⁰9
2145 2604 2188 2632 =

645 2693 745 2769 Mique
762 2693 877 2753 Patrol.
897 2693 966 2763 140,
983 2693 1041 2752 344
1058 2695 1090 2751 o⁰
1106 2692 1175 2763 106,
1196 2711 1239 2739 =
1260 2691 1378 2751 Gretscr
1399 2690 1453 2765 Op.
1473 2692 1522 2760 10,
1537 2691 1596 2750 539
1614 2692 1647 2750 πθ
1662 2691 1691 2749 9.
1710 2719 1755 2728 -
1773 2688 1832 2749 Pez
1852 2689 1935 2750 Thes.
1956 2692 2004 2762 θ’,
2021 2691 2081 2751 150
2101 2694 2134 2749 a⁰
2148 2692 2188 2749 38
2206 2709 2231 2749 rs

644 2819 682 2860 aa
704 2801 770 2860 bibl.
795 2800 925 2876 Teperns.
951 2819 993 2847 =
1016 2799 1116 2874 Miqoe
1137 2798 1251 2859 Petrei.
1271 2799 1341 2869 140,
1357 2798 1415 2857 343
1436 2799 1470 2856 o⁰
1485 2797 1553 2858 105.
1579 2825 1621 2836 -
1648 2796 1745 2869 Oefelc
1767 2796 1822 2856 SS.
1841 2815 1900 2856 rer.
1919 2796 2002 2857 Boio.
2027 2798 2059 2868 2,
2074 2798 2113 2856 81
2135 2816 2188 2857 aas

644 2906 796 2979 malea
817 2908 872 2966 mit
891 2925 919 2966 a.
937 2908 998 2965 inc.
1017 2905 1185 2965 MXCVIII
1201 2905 1261 2973 (a).
1277 2934 1322 2943 —
1340 2904 1421 2964 Mon.
1437 2904 1532 2965 Boios
1551 2905 1655 2976 6,159
1674 2907 1707 2964 a⁰
1722 2906 1743 2963 6
1761 2921 1814 2964 aus
1834 2904 1888 2964 Aa.
1906 2932 1951 2942 -
1969 2903 2097 2963 Bo‘hraer
2115 2903 2185 2980 Ray.

645 3015 734 3074 1183.
755 3042 797 3052 -
821 3012 1135 3089 Stampreq.1715.

647 3173 832 3234 oasam
854 3193 909 3234 voa
927 3172 995 3243 Hc,
1020 3193 1073 3233 uon
1094 3174 1158 3233 dem
1179 3172 1414 3234 wahrsehcialich
1435 3172 1508 3232 auch
1530 3171 1584 3231 dos
1600 3169 1704 3231 Dictat
1721 3170 1866 3230 Μή.
1887 3200 1931 3209 -
1953 3159 2029 3231 Uber
2050 3170 2104 3231 das
2122 3170 2185 3231 Ver·

644 3281 753 3341 balteis
774 3298 810 3340 zu
831 3281 895 3340 deu
917 3280 958 3340 D.
976 3281 1033 3340 194
1054 3281 1114 3339 aad
1135 3280 1215 3340 einer
1235 3280 1400 3340 ambranos
1419 3278 1481 3339 VU.
1505 3297 1560 3338 voa
1582 3279 1664 3338 1002
1685 3278 1742 3353 uqi.
1762 3277 1802 3336 N.
1822 3276 1932 3337 Archiv
1952 3279 2006 3348 20,
2021 3278 2127 3352 153ff.
2202 3297 2228 3336 so

645 3470 705 3550 (C.)
726 3464 744 3556 3
766 3466 806 3531 In
828 3468 959 3532 nomine
975 3476 1108 3531 sanctae
1125 3477 1157 3531 et
1172 3465 1361 3531 individuae
1377 3466 1540 3532 trinitatis.
1578 3464 1755 3529 Heinricus
1771 3463 1825 3528 dei
1840 3465 1954 3550 gracia
1968 3464 2186 3529 Romanorum

539 3575 716 3661 imperator
738 3584 905 3661 augustus.
1017 3572 1053 3639 si
1077 3573 1184 3660 dignis
1207 3582 1391 3638 nostrorum
1412 3571 1556 3636 fidebam
1579 3567 1814 3661 pessticionibus
1838 3592 2007 3635 assensum
2029 3570 2185 3658 praebere

538 3680 790 3763 decreverimus,
809 3680 859 3746 his
878 3680 1013 3763 scilicet,
1033 3681 1089 3767 qui
1108 3702 1167 3767 pro
1187 3690 1273 3744 statu
1287 3680 1382 3765 regni
1397 3680 1605 3765 omniumque
1625 3678 1837 3767 ecclesiarum
1856 3676 1911 3742 dei
1930 3688 1962 3742 et
1980 3700 2040 3764 pro
2059 3688 2184 3743 nostrae

539 3789 647 3877 anime
670 3788 813 3853 remedio
837 3798 935 3875 atque
965 3798 1148 3852 nostrorum
1178 3796 1350 3873 parentum
1379 3795 1522 3850 nostram
1549 3784 1707 3850 adeuntes
1731 3784 1936 3850 clementiam
1959 3783 2184 3872 deprecantur,

539 3905 700 3981 quatenus
724 3894 881 3983 ecclesias
904 3896 1172 3960 monasteriorum
1195 3892 1250 3958 dei
1273 3891 1471 3958 sublimare⁸
1494 3892 1640 3957 exaltare
1659 3902 1758 3979 atque
1777 3890 1882 3956 ditare
1901 3890 2100 3975 studeamus,
2123 3914 2187 3956 non
2203 3910 2228 3951 ss

539 4001 642 4067 solum
665 4025 725 4067 nos
748 4001 790 4067 ab
813 4003 885 4089 ipso
908 4000 1153 4067 retributionem
1183 4010 1376 4087 accepturos
1406 4021 1584 4086 speramus,
1615 3997 1674 4063 sed
1704 3999 1803 4063 etiarn
1832 4008 1951 4063 statum
1975 4000 2068 4085 regni
2091 3997 2185 4064 subli-

538 4109 621 4174 mari
650 4120 812 4196 putamus.
858 4107 1001 4174 Proinde
1032 4118 1223 4173 cunctorum
1252 4116 1385 4172 sanctae
1415 4105 1469 4170 dei
1500 4104 1638 4194 ecclesie
1660 4116 1908 4192 nostrorumque
1931 4104 2078 4171 fidelium
2099 4128 2185 4171 reco-

539 4226 677 4303 gnoscat
698 4215 867 4299 industria,
899 4214 1039 4303 qualiter
1060 4237 1120 4302 per
1142 4215 1361 4278 interventum
1384 4235 1424 4276 ac
1447 4213 1644 4299 peticionem
1668 4210 1907 4299 chunigundae
1936 4223 2067 4278 nostrae
2091 4213 2185 4278 dilec-

539 4324 663 4412 tissime
686 4324 834 4409 coniugis
857 4334 891 4388 et
913 4323 1128 4410 imperatricis
1147 4332 1245 4408 atque
1265 4318 1446 4385 Gotehardi
1463 4319 1566 4384 nostri
1584 4318 1694 4384 dilecti
1713 4318 1842 4385 abbatis
1865 4321 2062 4385 monasterio
2085 4321 2186 4385 sancti

539 4428 680 4512 Quirini,
704 4428 792 4517 quod
815 4431 912 4494 situm
936 4439 986 4495 est
1008 4430 1042 4494 in
1064 4428 1136 4494 loco
1161 4429 1217 4515 qui
1240 4429 1426 4491 nominatur
1448 4426 1618 4513 Tegrinse,
1643 4425 1725 4492 duos
1748 4426 1877 4513 regales
1899 4449 2030 4492 mansos
2053 4429 2132 4493 sitos
2153 4428 2187 4491 in
2203 4446 2228 4486 a

539 4534 611 4600 loco
636 4537 692 4623 qui
715 4536 835 4602 dicitur
855 4536 1007 4624 Liupana
1028 4537 1114 4600 inter
1142 4535 1223 4600 duos
1250 4532 1376 4620 lapides
1392 4533 1566 4599 Vvatstein
1596 4544 1629 4599 et
1651 4534 1835 4599 Holinstein
1865 4533 2024 4600 donamus
2054 4544 2087 4599 et
2115 4557 2185 4622 pro·

539 4642 611 4729 prio
635 4644 706 4707 iure
729 4642 938 4708 concedimus
963 4665 1036 4709 curn
1061 4642 1199 4730 edificiis
1222 4640 1317 4705 cultis
1341 4651 1374 4706 et
1396 4640 1526 4705 incultis
1553 4642 1656 4728 pratis
1682 4641 1814 4727 pascuis
1837 4640 1928 4705 silvis
1950 4642 2013 4705 viis
2037 4652 2070 4706 et
2091 4642 2186 4705 inviis

539 4747 682 4814 exitibus
711 4759 744 4814 et
772 4748 931 4814 reditibus
959 4750 1053 4836 aquis
1083 4770 1283 4835 aquarumve
1307 4746 1475 4813 cursibusb
1498 4745 1734 4835 piscationibus
1761 4747 1896 4833 quesitis
1919 4757 1953 4811 et
1975 4747 2185 4835 inquirendis,

540 4865 699 4943 quatenus
729 4854 875 4921 eiusdem
904 4856 1064 4942 praedicti
1092 4856 1281 4921 monasterii
1311 4852 1414 4919 abbas
1444 4852 1487 4919 ad
1521 4853 1692 4919 utilitatem
1724 4852 1847 4919 ibidem
1881 4852 1944 4918 deo
1979 4855 2186 4920 servientium

538 4960 676 5027 liberum
699 4962 820 5028 habeat
842 4972 1034 5050 potestatem
1061 4962 1282 5027 commutandi
1312 4971 1411 5048 atque
1442 4960 1626 5045 ordinandi,
1656 4962 1743 5025 omni
1773 4959 2030 5026 contradictione
2053 4972 2185 5027 remota
2202 4979 2227 5020 ss

539 5066 576 5134 Si
599 5070 672 5156 quis
695 5069 795 5156 igitur
816 5068 902 5134 banc
924 5071 1025 5134 nostri
1048 5069 1217 5156 praecepti
1240 5070 1396 5155 paginam
1418 5067 1542 5133 violare
1565 5067 1619 5133 vel
1641 5089 1795 5154 spernere
1818 5069 2082 5154 praesumpserit,
2107 5069 2186 5134 sciat

539 5196 575 5240 se
597 5175 800 5242 redditurum
822 5176 987 5241 racionem
1010 5177 1241 5262 omnipotentic
1265 5174 1327 5239 deo
1350 5176 1385 5238 in
1409 5175 1463 5239 die
1486 5175 1600 5240 iudicii
1623 5185 1656 5239 et
1678 5175 1779 5239 nostri
1798 5174 1945 5260 graciam
1967 5175 2001 5239 in
2023 5176 2186 5262 praesenti

538 5281 649 5348 seculo
672 5305 850 5371 numquam
873 5293 1132 5348 consecuturum.
1170 5282 1215 5346 Et
1236 5292 1273 5346 ut
1290 5281 1352 5369 hec
1370 5283 1480 5346 verius
1499 5281 1674 5347 credantur
1696 5280 1949 5368 diligentiusque
1972 5280 2014 5347 ab
2037 5282 2186 5348 omnibus

539 5385 763 5473 observentur,
792 5411 891 5455 manu
920 5390 1052 5477 propria
1075 5388 1321 5455 corroborantes
1344 5386 1443 5475 sigilli
1472 5387 1594 5454 nostri‘¹
1616 5388 1829 5475 impressione
1851 5389 2004 5454 iussimus
2027 5389 2185 5476 insigniri.

609 5619 674 5677 out.
696 5622 722 5689 o)
737 5620 864 5675 damur
881 5621 984 5677 amr.
2203 5642 2229 5682 so

609 5717 832 5789 ffifflresslau
877 5717 1467 5787 s)asoisoheubuadls'stpaasoswtucht
1538 5717 1614 5786 b)A
1686 5719 2187 5787 emessamaooedenmi

698 5790 867 5857 &basta
932 5791 1102 5858 ‘amata
1173 5787 1424 5858 d)ioorr.ouso
