4760 6512
640 244 646 283 l

533 366 601 427 306
1130 364 1589 423 KAISERURKUNDEN.

534 557 729 623 blichahelis
753 558 941 644 archangeli
965 582 985 623 a
1007 557 1219 623 fundamento
1242 555 1413 635 laboravit,
1438 564 1564 639 partem
1589 552 1687 616 etiarn
1710 575 1769 639 pro
1793 531 1889 640 posse
1912 555 1976 620 huc
1996 581 2096 645 nsque
2112 582 2176 645 per·

535 677 642 730 actam
666 667 881 730 consecravit.
927 665 1024 731 Unde
1048 664 1274 729 celsitudinem
1297 674 1440 726 nostram
1471 658 1636 723 secundob
1659 659 1724 723 iam
1755 659 1889 725 adiensb
1912 663 2090 729 humillime
2112 689 2176 752 pre·

535 770 689 853 sabatur,
725 784 759 836 nt
789 772 971 858 predictum
1006 770 1157 836 locellum
1191 770 1336 834 futurum
1370 768 1501 852 iamque
1531 765 1778 847 monasterium,
1813 767 1929 853 predia
1958 793 2087 857 qnoque
2116 773 2178 836 sire

535 879 700 964 mancipia
716 877 756 942 de
773 880 822 942 sui
839 890 973 965 questus
989 877 1101 942 labore
1118 876 1160 941 ad
1175 876 1282 941 locum
1299 876 1365 939 iam
1381 873 1504 938 dictum
1521 871 1703 937 contradita
1720 885 1795 937 seu‘
1813 874 1939 961 aliquas
1955 879 2178 963 possessiones,

523 990 616 1071 'quas
639 985 794 1049 moderno
818 996 964 1072 tempore
988 987 1072 1048 iuste
1096 995 1129 1049 et
1151 981 1395 1048 racionabiliter
1417 978 1586 1067 possidere
1610 978 1771 1061 videtur&
1796 1003 1870 1045 curn
1890 982 2046 1048 fratribus
2065 984 2178 1049 ibidem
2197 1011 2208 1049 s

535 1090 595 1155 sub
618 1091 732 1177 regula
755 1093 859 1155 sancti
882 1091 1054 1155 Benedicti
1084 1090 1146 1155 deo
1177 1086 1409 1153 famulantibus
1441 1084 1501 1149 sub
1533 1087 1708 1150 tuicionem
1733 1098 1766 1150 et
1789 1087 2053 1155 mundiburdium
2078 1091 2179 1177 regale

534 1197 590 1262 illa
620 1199 743 1262 ratione
774 1199 1012 1283 reciperemur,
1048 1219 1112 1284 quo
1143 1195 1293 1260 monaehi
1328 1216 1367 1259 eo
1403 1195 1436 1258 iu
1470 1193 1541 1257 loco
1577 1192 1637 1257 deo
1668 1194 1849 1258 servientes
1879 1194 2017 1261 liberam
2048 1197 2180 1262 habeant

533 1304 720 1368 facultatem
745 1303 920 1369 electiones
950 1304 1060 1369 facere
1090 1305 1175 1368 inter
1204 1325 1250 1383 se,
1282 1303 1309 1364 si
1339 1300 1413 1365 talis
1443 1301 1523 1363 assit
1553 1322 1702 1386 persona,
1734 1302 1818 1389 qued
1842 1302 2006 1389 condigna
2028 1304 2180 1373 videatm.

534 1412 603 1475 sive
623 1409 754 1475 aliunde
773 1410 859 1474 infra
878 1410 1026 1475 ciusdem
1054 1410 1213 1497 episcopii
1236 1410 1402 1481 terminos,
1428 1405 1533 1471 sicubi
1552 1406 1769 1471 inveniatur‘.
1805 1408 2050 1475 Advocationes
2069 1413 2183 1497 pariter

534 1529 567 1581 et
590 1516 708 1581 similia
731 1540 795 1603 que
819 1519 866 1581 eis
889 1518 1075 1581 necessaria
1098 1527 1173 1581 sunt
1195 1516 1304 1580 omnia
1323 1538 1397 1579 cum
1417 1536 1578 1578 consensu
1601 1512 1747 1577 ciusdem
1767 1513 1829 1579 loci
1849 1517 1995 1602 episcopi
2016 1517 2182 1603 disponere
2198 1543 2217 1581 a
2307 1564 2311 1573 .

534 1623 677 1688 habeant
700 1634 902 1710 potestatem.
942 1624 1037 1687 Nunc
1061 1646 1150 1709 ergo,
1174 1623 1252 1709 quia
1275 1645 1334 1685 nos
1357 1620 1511 1684 divinitas
1535 1621 1697 1705 imperare
1722 1619 1878 1703 decrevit,
1902 1624 2009 1687 minus
2034 1623 2183 1689 oblivioni

534 1729 711 1811 tradentes,
742 1729 830 1816 quod
861 1731 1060 1794 antecessori
1090 1743 1200 1793 nostro
1232 1727 1349 1792 domno
1379 1726 1533 1791 videlicet
1563 1727 1665 1790 tercio
1689 1728 1812 1805 Ottoni,
1842 1727 1936 1793 nobis
1967 1753 2099 1817 qnoque
2128 1731 2183 1796 hoc

534 1837 689 1923 temporis
705 1836 844 1900 fideliter
860 1835 1048 1917 deservivit,
1068 1836 1265 1922 peticionem
1281 1835 1341 1916 sui,
1362 1856 1459 1919 quarn
1476 1835 1594 1898 iustam
1610 1833 1679 1897 fore
1697 1836 1919 1920 cognorimus
1939 1860 2004 1901 non
2020 1861 2183 1924 negamus.

535 1951 568 2017 <
581 1944 633 2027 He
662 1942 789 2031 decime
814 1941 959 2007 eiusdem
983 1942 1063 2007 loci:
1094 1944 1128 2006 in
1151 1941 1297 2006 Nitilaun
1329 1941 1513 2019 decimatio,
1544 1941 1578 2003 in
1601 1939 1747 2004 Laffordi
1778 1940 1936 2023 decimas,
1967 1945 2000 2007 in
2026 1944 2183 2031 Sawngon

534 2050 672 2132 decima,
708 2051 741 2113 in
769 2049 1007 2136 Hedilenthorp
1037 2049 1174 2130 decima,
1205 2049 1239 2111 in
1269 2046 1389 2111 Berlon
1420 2046 1558 2128 decima,
1589 2047 1623 2110 in
1646 2047 1818 2132 Eginstide
1849 2048 1987 2129 decima,
2018 2052 2054 2116 in
2077 2052 2183 2115 Eizern
2199 2074 2218 2114 u

535 2157 673 2237 decima,
696 2157 731 2219 in
754 2155 1021 2241 Berniggisrothe
1046 2155 1183 2236 decima,
1214 2156 1248 2218 in
1272 2153 1414 2217 Toshem
1437 2152 1575 2233 decima,
1606 2154 1640 2216 in
1664 2153 1869 2218 Himdisduri
1893 2155 2032 2222 decima.
2079 2159 2118 2223 In
2139 2158 2184 2222 his

533 2286 612 2327 vero
643 2262 723 2327 locis
753 2274 828 2327 sunt
858 2261 974 2349 predia
1004 2261 1149 2326 eiusdem
1181 2260 1319 2350 ecclesie
1350 2283 1425 2324 cum
1454 2258 1552 2324 rebus
1583 2261 1701 2348 ceteris
1732 2259 1795 2324 sibi
1825 2264 2006 2326 concessis:
2044 2264 2182 2333 Asheim.

534 2369 704 2449 Niteloun,
739 2368 902 2449 Laffordi,
939 2367 1160 2445 Gudenstide,
1197 2366 1446 2447 Smithenstide,
1474 2366 1635 2452 Wingon,
1670 2366 1926 2454 Hedilenthorp‚
1961 2370 2182 2439 Heridishem.

534 2476 738 2557 Dusunhem,
763 2474 996 2561 Dennisthorp,
1013 2475 1168 2555 Vordem,
1185 2473 1403 2554 Winithusen,
1434 2472 1636 2553 Edinhusen,
1660 2472 1766 2553 Alem,
1790 2474 1994 2557 Aiereshem,
2024 2478 2182 2557 Linnithe,

534 2582 730 2663 Thornithe3
756 2582 816 2671 hec
833 2583 956 2645 suntin
974 2580 1201 2667 pagohstfalo
1218 2581 1299 2645 etin
1316 2580 1502 2666 prefectura
1517 2579 1715 2644 Tammonis.
1756 2581 1828 2661 Hec
1848 2605 1927 2646 vero
1948 2584 1982 2647 in
2003 2586 2182 2670 prefectum
2197 2606 2218 2646 a

534 2688 677 2754 Liudnlfi
695 2690 730 2753 in
748 2711 833 2775 pago
853 2688 1012 2752 Flenithi:
1036 2687 1230 2768 Holthusen,
1255 2687 1396 2772 Segusti,
1416 2687 1600 2767 Pczunsun,
1626 2685 1851 2759 Scellenstide‚
1873 2687 2026 2771 Graflon,
2052 2691 2182 2759 Aluzun.

533 2796 683 2877 Bezzem,
715 2794 847 2875 Asbiae,
878 2795 1126 2873 Reinleuessun,
1158 2795 1386 2880 Hozingissen,
1411 2792 1590 2874 Alacfurdi,
1615 2792 1865 2873 Thiederessen‚
1894 2795 2181 2863 Halacboldessun.

534 2903 702 2987 Tinguste,
721 2901 849 2984 Suthre,
865 2901 1058 2983 Harlissem,
1075 2900 1378 2965 Hathericheshem.
1412 2899 1451 2963 ln
1467 2922 1552 2985 pago
1565 2898 1813 2986 l'alothungon:
1834 2901 2008 2983 Bereuilte,
2027 2905 2181 2969 Betunun.

533 3007 761 3089 Wallenstide,
785 3008 1020 3094 Megecinroth
1045 3007 1181 3072 Achem.
1219 3008 1259 3071 In
1283 3030 1368 3093 pago
1387 3007 1554 3092 Aringun:
1579 3006 1719 3071 Rethun.
1759 3007 1797 3070 In
1820 3030 1907 3093 pago
1929 3008 2134 3098 Scotilingon
2155 3011 2182 3073 in

533 3115 720 3200 prefectum
735 3114 828 3179 ducis
840 3114 1040 3179 Bernhardi:
1061 3114 1297 3195 Hemidisdnri,
1313 3112 1538 3177 Hoiereshem.
1571 3113 1653 3176 Item
1669 3114 1703 3176 in
1720 3135 1805 3199 pago
1817 3114 1959 3180 Astfalo:
1981 3117 2182 3183 Oslenehem.
2197 3138 2218 3178 a

533 3219 742 3303 Hottenhem‚
766 3221 919 3307 Wiringi,
952 3221 1099 3301 Hesithe,
1131 3222 1236 3285 Lutea
1265 3220 1353 3301 silla,
1385 3218 1626 3305 Biscopesroth,
1658 3218 1791 3284 Throte.
1837 3221 1875 3284 In
1906 3245 1992 3309 pago
2015 3224 2182 3289 Merstem:

533 3327 798 3413 Haringehusen,
822 3327 996 3409 Lumbere,
1021 3326 1170 3409 Erthere,
1199 3326 1453 3405 Puttenhusenss,
1477 3325 1690 3407 Dauenstide,
1715 3325 1980 3409 Oobbinchusen,
2005 3331 2182 3403 Nitilrothe,

533 3433 751 3515 Walesrothe,
775 3434 1009 3499 Euerdeshem.
1057 3435 1095 3498 In
1126 3456 1212 3521 pago
1237 3432 1456 3518 Guddingun:
1487 3431 1679 3507 Midilitheh,
1711 3433 1948 3517 Sualenhusen,
1979 3437 2108 3504 Asithe.
2149 3437 2184 3500 In

531 3542 719 3627 prefectum
734 3540 860 3606 Vdonis
885 3542 1012 3605 comitis
1036 3542 1068 3604 in
1092 3563 1177 3627 pago
1202 3538 1338 3604 Liseha:
1367 3538 1644 3619 Renolueshusen,
1669 3539 1835 3621 Dorstide,
1858 3541 2182 3621 Lantwarderhusen,

532 3648 788 3732 Heldageshem,
812 3647 1081 3733 Euergoteshem,
1106 3645 1448 3731 Herimanniggeroth,
1473 3644 1654 3726 Wachaua,
1680 3646 2001 3713 Gennanneshusen.
2049 3652 2090 3715 ln
2118 3673 2183 3738 prc-
2198 3670 2219 3711 a

532 3756 659 3821 fectura
682 3754 874 3819 Herimanni
899 3755 1027 3819 comitis
1050 3755 1084 3818 in
1107 3776 1192 3841 pago
1217 3754 1347 3838 Logne:
1379 3751 1555 3833 Timertha,
1586 3753 1757 3836 Lengithe,
1789 3755 1866 3818 item
1889 3755 2065 3842 Lengithe,
2089 3759 2183 3841 Sueg·

531 3862 645 3943 husen,
660 3862 878 3944 Winithusen,
893 3861 1183 3942 Wilmereshusen,
1195 3858 1438 3940 *Bredcnbiche
1451 3858 1744 3939 Witmereshusen,
1765 3859 1864 3941 Snen,
1882 3860 1981 3943 Gese,
1998 3864 2183 3929 Rotholnes·

532 3970 646 4051 husen,
671 3969 898 4047 Waleshnsen,
922 3967 1260 4047 Wosthelmeshusen,
1291 3965 1482 4045 Dransnelt,
1513 3965 1683 4047 Lanclere,
1707 3965 1856 4047 Winithi,
1887 3968 2183 4037 Redolueshusenl.

533 4076 840 4160 Beringcteshusen.
879 4076 919 4138 In
942 4097 1029 4161 pago
1049 4074 1242 4159 Derningon
1266 4074 1301 4136 in
1323 4072 1509 4159 prefectura
1526 4070 1682 4136 Ekberti:
1715 4073 1908 4158 Ramnigge,
1933 4075 2183 4145 Zemmenstida

532 4181 739 4261 llollenstidi,
756 4180 892 4261 Achem,
913 4181 992 4245 item
1007 4180 1143 4261 Achem,
1162 4179 1316 4260 Sinstide,
1335 4179 1655 4264 Tiederezingeroth.
1692 4179 1774 4243 Item
1793 4182 1826 4243 in
1843 4179 1942 4268 palgo
1960 4181 2183 4272 Derninglonl
2199 4201 2220 4243 ss

530 4289 564 4350 in
588 4287 774 4372 prefectura
797 4286 953 4372 Lindgeri
978 4288 1122 4351 comitis:
1159 4286 1344 4371 Scienigge,
1376 4284 1602 4359 Cissunleuem
1632 4285 1859 4371 Zezingeroth
1884 4286 2091 4375 Uuurnngon
2115 4313 2182 4354 cnm

532 4393 615 4457 silva
633 4391 788 4474 Alabnre,
810 4393 980 4458 Selastide.
1023 4394 1061 4457 In
1081 4416 1166 4479 pago
1185 4392 1482 4477 Norththuringon:
1506 4390 1707 4473 Badaleuon‚
1728 4394 1805 4456 item
1823 4392 2027 4478 Badaleuon‚
2049 4396 2183 4485 [Dlndu

531 4499 637 4583 legen,
660 4499 956 4585 Wermeresthorp,
987 4500 1157 4582 Enimode,
1188 4499 1416 4585 Hugonthorp‚
1447 4497 1734 4585 Adelgeresthorp.
1781 4500 1820 4563 In
1850 4523 1936 4586 pago
1969 4502 2183 4568 Osteruualde

531 4606 565 4668 in
589 4605 773 4691 prefectura
796 4606 950 4670 marchisi
973 4604 1174 4670 Bernhardi:
1199 4606 1411 4691 Latonthorp.
1447 4605 1486 4667 In
1509 4628 1595 4690 pago
1612 4604 1777 4669 Belsheim
1800 4607 1833 4670 in
1858 4608 1960 4693 ipsius
1983 4611 2182 4694 prefectum:

530 4711 721 4794 Bremezhe,
746 4711 979 4793 Eilerdesthor,
1004 4712 1181 4777 Steinedal.
1221 4713 1260 4776 In
1283 4734 1369 4799 pago
1393 4712 1586 4797 Derningon
1610 4714 1643 4775 in
1668 4713 1853 4798 profectura
1877 4715 2020 4780 Liudolfi
2043 4717 2182 4781 comitis:
2199 4735 2220 4773 n

531 4818 803 4905 Biscopeshusen,
814 4817 1064 4901 Witildebutile,
1077 4820 1234 4901 blainum,
1249 4819 1447 4899 Sinesrothe,
1458 4817 1736 4897 Wilradesbutilc,
1750 4819 2009 4906 Aldagesbutile,
2019 4823 2182 4908 Wrthorp.

601 5085 666 5142 260.
692 5086 721 5147 h)
738 5087 771 5138 ob
787 5087 831 5138 die
849 5087 938 5139 Wom
955 5086 1075 5140 secundo
1095 5086 1149 5139 iam
1170 5085 1264 5139 adiens
1287 5092 1340 5138 crat
1364 5085 1501 5152 moysiaci
1525 5085 1595 5146 sind,
1620 5085 1662 5137 aa
1687 5102 1738 5137 ares
1762 5087 1811 5138 der
1835 5087 1966 5139 Urlcunds
1989 5105 2039 5141 eon
2058 5088 2183 5141 10131160

691 5159 846 5223 Fdlechuny
864 5174 914 5210 con
933 5161 1006 5209 1022
1023 5158 1171 5225 herpeetellt
1190 5157 1289 5221 warde,
1316 5158 1380 5209 oder
1397 5156 1428 5209 ob
1445 5159 1483 5208 sie
1500 5156 1558 5207 dem
1579 5156 1706 5222 Oricinol
1725 5172 1774 5208 von
1792 5160 1861 5208 1013
1879 5159 2041 5224 anemonen
2060 5161 2117 5212 aad
2133 5158 2185 5221 auf

690 5232 746 5281 cine
763 5230 844 5282 schoa
862 5230 961 5294 fravrer
978 5246 1026 5282 oon
1045 5230 1199 5282 Bmward
1216 5234 1402 5295 oorqctroqsne
1420 5229 1491 5279 Base
1513 5243 1547 5277 aa
1567 5227 1684 5279 michan
1703 5229 1774 5293 aad,
1801 5228 1888 5280 lesam
1912 5232 1967 5281 wir
1983 5231 2181 5283 osmundo·

690 5303 715 5367 e)
735 5317 783 5353 sen
801 5332 835 5339 -
852 5299 961 5353 videtur
978 5304 1013 5353 ist
1031 5318 1082 5354 aus
1099 5302 1148 5352 der
1166 5299 1436 5364 Immunseaformal
1457 5299 1502 5351 des
1519 5298 1607 5349 naen
1624 5298 1689 5352 ΒΗ.
1703 5299 1743 5352 ΙΙ.
1761 5315 1810 5351 von
1828 5303 1899 5351 1013
1923 5302 1976 5366 far
1993 5303 2021 5356 S.
2034 5302 2181 5359 Michaelis,
2199 5309 2220 5350 u
2314 5310 2315 5343 1

690 5372 794 5424 welches
812 5374 864 5423 wir
881 5374 919 5422 tm
937 5373 1078 5439 solpmden
1096 5375 1145 5423 mit
1164 5372 1198 5421 M
1213 5369 1372 5435 brenham,
1391 5370 1507 5422 ortlehnt
1524 5370 1581 5420 aad
1599 5385 1636 5420 aa
1653 5370 1740 5421 dieser
1755 5370 1831 5422 Stellc
1850 5372 1973 5424 maron
1992 5373 2181 5439 exspectasses,

690 5444 769 5496 rrobes'
792 5444 841 5495 der
859 5444 987 5495 Famae
1009 5443 1128 5511 reliquas
1155 5445 1185 5493 r'n
1210 5441 1314 5509 aliquas
1332 5443 1458 5501 ancara·
1483 5440 1532 5507 ool.
1552 5441 1614 5494 N.s
1695 5440 1723 5503 d)
1739 5441 1787 5494 der
1806 5442 1936 5494 Fdledsor
1953 5444 2002 5495 bat
2020 5445 2062 5497 dis
2081 5448 2111 5495 ἐκ
2128 5445 2182 5495 dem

690 5517 735 5568 Or.
759 5518 854 5580 aoeies
878 5514 969 5567 obeam
993 5518 1042 5566 wie
1066 5518 1096 5566 in
1116 5513 1150 5567 D.
1165 5516 1218 5564 261
1237 5512 1401 5564 entboltmen
1421 5513 1507 5563 Worte
1532 5510 1681 5564 eorundem
1707 5510 1809 5580 presuli
1832 5515 2005 5579 emolesceret
2083 5518 2111 5581 e)
2135 5515 2183 5565 das

688 5585 803 5638 serensi
830 5586 894 5637 rtbcr
912 5587 961 5637 der
978 5587 1053 5637 Zeila
1078 5586 1274 5650 nacsqaraym
1349 5582 1491 5649 occider
1515 5584 1563 5633 der
1581 5582 1653 5634 Zoilo
1676 5584 1871 5649 neclsyetroym
1949 5587 1979 5655 g)
2000 5588 2050 5637 das
2068 5587 2183 5638 ausint

690 5658 754 5709 amr
771 5658 819 5709 der
837 5658 909 5709 Zeila
934 5657 1129 5721 moysa-aym
1220 5653 1249 5721 h)
1275 5651 1304 5704 di
1322 5655 1386 5706 uther
1408 5654 1456 5706 der
1473 5654 1547 5705 Zcile
1570 5653 1764 5720 nacbyaraym
1848 5653 1866 5720 i)
1887 5657 1940 5709 dna
1956 5661 2045 5710 merto
2063 5674 2081 5709 u
2100 5657 2182 5721 cofors
2197 5666 2220 5705 aa

687 5743 758 5782 corr.
777 5744 828 5780 arse
847 5746 862 5780 e
935 5727 964 5791 k)
981 5729 1051 5780 disee
1070 5727 1127 5777 und
1145 5727 1189 5776 die
1207 5725 1346 5791 soloenden
1364 5726 1563 5791 Erpllazrmqen
1582 5741 1633 5776 aue
1651 5726 1676 5777 B
