4798 6486
842 376 1081 433 HEINRICH
1102 377 1141 433 11.
1183 376 1279 433 1017.
1822 374 1887 436 473

234 588 295 651 per
315 565 530 629 intentionem
554 563 724 649 eligantur,
755 561 852 628 ambo
875 563 1059 629 deiciantur
1088 574 1120 628 et
1148 563 1230 628 alius
1254 562 1296 629 ab
1320 565 1515 651 imperatore
1539 565 1610 629 loco
1634 587 1746 629 eorum
1770 568 1889 631 consti-

235 681 360 753 tuatur,
396 671 453 756 qui
487 691 539 733 res
569 668 708 735 ecclesie
739 668 994 735 misericorditer
1022 670 1131 734 valeat
1160 670 1368 736 considerare
1398 680 1540 734 tractare
1570 681 1668 757 atque
1704 670 1887 757 disponere,

234 776 374 863 Insuper
397 777 496 840 etiam
518 774 679 857 iubemus,
703 785 739 840 ut
760 776 867 840 nullus
892 778 1065 863 episcopus
1088 777 1216 841 vicinus
1238 775 1293 841 vel
1315 776 1411 863 louge
1435 777 1559 862 positus
1583 776 1747 841 licentiam
1770 776 1890 842 habeat

235 882 288 947 vel
311 892 505 969 potestatem
528 882 654 968 aliquid
676 884 805 947 virtutis
828 906 886 947 seu
909 884 1088 969 potestatis,
1117 882 1270 947 violentie
1294 894 1351 947 aut
1374 882 1603 947 dominationis
1626 884 1661 947 in
1684 884 1755 969 ipso
1778 907 1889 948 mona·

204 990 334 1053 asterio
358 1011 525 1071 exercere,
556 988 616 1053 sed
644 988 743 1054 liceat
766 989 949 1054 ordinatum
972 988 1125 1054 abbatem
1149 1011 1365 1076 quancunque
1396 988 1517 1074 eligere
1541 989 1725 1054 decreverit
1747 989 1791 1054 ad
1813 1013 1889 1055 eon·

236 1097 451 1160 secretionem
474 1117 567 1159 suam
590 1095 796 1160 introducere
821 1097 1020 1182 episcopum,
1043 1098 1090 1160 ita
1109 1107 1145 1159 ut
1165 1106 1300 1182 peracta
1315 1098 1560 1160 consecratione
1576 1095 1658 1160 nihil
1673 1095 1762 1160 aliud
1778 1097 1891 1182 exigat

235 1223 294 1288 pro
324 1224 469 1283 munere,
499 1202 563 1265 nisi
584 1213 650 1266 tres
673 1203 800 1283 missas,
831 1224 912 1288 quas
936 1200 999 1265 sibi
1023 1202 1205 1267 annualiter
1231 1201 1388 1287 largimur
1409 1203 1443 1265 in
1467 1204 1623 1267 oratione.
1671 1201 1888 1267 Prohibemus

236 1310 344 1390 etiam,
369 1328 400 1372 ut
418 1321 487 1372 nulli
509 1335 526 1368 s
542 1337 735 1372 suceessorum
755 1328 910 1373 nostrorum
929 1310 1160 1394 imperatorum
1178 1308 1276 1373 liceat
1294 1309 1404 1395 aliquo
1423 1310 1457 1377 in
1479 1321 1625 1396 tempore
1649 1310 1756 1395 ipsum
1779 1331 1890 1373 mona·

236 1415 379 1495 sterium,
397 1425 593 1500 potestatem
612 1415 692 1495 eius,
711 1416 763 1478 ius
782 1414 961 1479 dominium
980 1414 1189 1478 donationem
1204 1414 1258 1479 vel
1277 1416 1555 1479 consecrationem
1575 1416 1677 1501 ipsius
1696 1414 1759 1479 loci
1778 1415 1891 1501 largiri

192 1545 218 1584 ιο
237 1520 333 1585 alicui
356 1519 540 1584 mortalium
562 1520 647 1585 laico
671 1520 725 1584 vel
748 1521 867 1585 clerieo
891 1520 986 1584 aliter
1009 1543 1107 1607 quam
1125 1519 1172 1584 ibi
1192 1521 1357 1607 descripta
1373 1533 1457 1603 sunt,
1482 1520 1738 1608 precipientibus
1755 1544 1889 1586 consen-

236 1625 391 1690 tientibus
414 1638 447 1690 et
469 1625 698 1691 roborantibus
725 1625 830 1691 nobis.
877 1627 1032 1691 Preterea
1056 1626 1115 1691 sub
1140 1638 1251 1692 nostra
1281 1628 1470 1693 defensione
1500 1630 1676 1714 recipimus
1700 1627 1889 1715 Supponem

237 1755 309 1797 cum
342 1734 409 1797 suis
440 1732 526 1813 filiis,
560 1735 616 1820 qui
647 1733 812 1797 adiutores
845 1756 948 1820 usque
981 1733 1077 1798 modo
1108 1734 1200 1799 fuere
1230 1734 1352 1821 ipsins‘
1383 1732 1581 1799 venerabilis
1604 1733 1699 1817 loci‘,
1723 1746 1756 1798 et
1779 1757 1890 1799 omnes

236 1838 368 1903 colonos
398 1850 431 1904 et
460 1839 639 1903 residentes
669 1841 703 1902 in
733 1852 821 1903 terra
851 1838 998 1903 eiusdem
1028 1842 1227 1921 monasterii,
1257 1853 1293 1905 ut
1322 1841 1420 1905 liceat
1444 1839 1537 1929 [eis]⁸
1561 1842 1669 1927 quiete
1693 1842 1806 1905 vivere
1830 1839 1890 1906 sub

236 1956 346 2008 nostra
368 1945 551 2027 elementia,
582 1957 615 2009 et
644 1946 727 2009 sint¹³
757 1947 918 2010 immunes
949 1945 991 2010 ab
1015 1948 1102 2010 omni
1133 1947 1235 2011 fiscali
1266 1947 1397 2011 datione
1429 1959 1462 2012 et
1490 1946 1624 2034 publica
1653 1948 1825 2012 exactione
1855 1949 1891 2011 in

192 2076 218 2115 ιι
236 2050 382 2115 abbatis¹
408 2052 510 2138 ipsius
534 2052 597 2116 loci
620 2054 832 2139 protectione.
870 2052 1095 2138 Preeipientes
1114 2054 1225 2139 itaque
1248 2053 1410 2139 imperiali
1433 2053 1583 2118 iubemus
1607 2053 1725 2136 edicto,
1748 2074 1779 2117 ιιι
1797 2067 1890 2119 nullus

236 2172 291 2221 dux
314 2157 459 2222 marchio
483 2158 656 2244 episcopus
680 2188 772 2223 eomes
788 2186 805 2217 s
831 2174 985 2224 vicomes
1014 2171 1058 2223 vel
1089 2158 1207 2244 aliquis
1235 2161 1281 2224 rei
1313 2158 1445 2245 publice
1476 2172 1610 2225 exactor
1636 2160 1721 2225 hanc
1744 2172 1890 2225 nostram

236 2264 437 2328 sanctionem
460 2262 579 2328 audeat
601 2264 779 2350 infringere
807 2287 1014 2351 corrumpere
1038 2264 1092 2329 vel
1114 2265 1237 2329 violare
1260 2267 1295 2329 in
1323 2266 1432 2353 aliquo
1463 2290 1585 2350 eorum,
1616 2289 1680 2353 que
1711 2277 1890 2332 statuentes

236 2371 431 2435 censuimus.
478 2369 514 2436 Si
538 2372 611 2458 quis
634 2393 723 2453 vero,
753 2372 841 2459 quod
863 2394 930 2436 non
953 2370 1126 2453 credimus,
1155 2373 1189 2434 in
1213 2371 1322 2458 aliquo
1346 2373 1485 2438 violator
1507 2372 1561 2437 vel
1585 2373 1805 2438 contradictor
1834 2396 1891 2437 ex·

236 2477 346 2559 titerit,
379 2478 467 2541 omni
498 2479 670 2542 occasione
700 2479 890 2565 postposita,
924 2488 1056 2542 centum
1085 2477 1186 2541 libras
1216 2480 1287 2542 auri
1311 2490 1494 2566 componat,
1528 2480 1737 2544 medietatem
1761 2502 1891 2544 camere

191 2609 219 2648 so
236 2594 344 2647 nostre
368 2594 402 2647 et
423 2583 633 2648 medietatem
656 2606 734 2671 sepe
758 2586 923 2649 nominato
948 2583 1095 2648 cenobio.
1144 2584 1241 2665 Quod
1270 2597 1306 2649 ut
1329 2587 1438 2650 verius
1463 2586 1615 2651 credatur
1638 2584 1891 2672 diligentiusque

236 2688 278 2753 ab
302 2688 451 2755 omnibus
482 2689 683 2772 observetur,
714 2713 814 2755 manu
843 2692 976 2777 propria
1005 2689 1195 2756 roborantes
1226 2690 1332 2777 sigillo
1362 2702 1472 2756 nostro
1503 2691 1639 2756 inferius
1669 2693 1820 2755 iussimus
1844 2693 1892 2755 in-

237 2797 362 2881 signiri.

342 2937 540 3023 Peregrinus
564 2937 777 3003 cancellarius
801 2938 844 3003 ad
866 2940 974 3003 vicem
993 2939 1155 3003 Euerardi
1173 2940 1319 3026 episcopi
1339 2950 1371 3004 et
1390 2939 1671 3005 archicancellarii
1689 2940 1891 3024 recognovit.

342 3079 432 3143 Data
461 3103 545 3144 anno
576 3079 738 3144 dominice
768 3081 1008 3145 incarnacionis
1038 3080 1210 3145 millesimo
1234 3080 1361 3146 decimo
1386 3081 1530 3168 quinat,
1561 3081 1738 3146 indictione
1762 3081 1891 3146 decima

192 3188 360 3272 sequium,
391 3187 484 3272 regni
514 3208 593 3251 vero
623 3186 747 3251 domini
769 3187 908 3252 Henrici
938 3187 1000 3252 deo
1029 3189 1172 3274 propitio
1194 3200 1253 3270 xv,
1281 3188 1411 3274 imperii
1442 3210 1521 3252 vero
1548 3199 1675 3275 quarto,
1704 3190 1800 3254 tertio
1822 3187 1891 3253 kal.

237 3291 320 3376 iulii3
352 3303 426 3358 acta
448 3315 526 3357 vero
550 3295 585 3356 in
608 3292 680 3358 loco
704 3294 761 3380 qui
785 3293 905 3358 dicitur
928 3293 1043 3377 Gosla3
1073 3293 1213 3359 feliciter
1235 3316 1341 3359 amen.

1016 3593 1112 3680 370.

237 3762 416 3837 Heinrich
443 3761 589 3837 schenkl
617 3762 696 3836 dan
722 3789 795 3837 von
822 3762 984 3862 Biscbof
999 3764 1200 3839 Meiawerlc
1222 3766 1470 3866 pependere
1495 3766 1643 3841 Kloster
1667 3764 1893 3866 Abdiuqbof

239 3881 295 3957 bei
318 3881 535 3956 Pedatam
561 3883 641 3956 eine
665 3909 738 3956 von
766 3881 928 3956 Rediatd
952 3883 1089 3957 erote
1114 3883 1308 3984 Baritzuoq
1331 3910 1376 3959 zu
1404 3882 1658 3963 Grosseneder.

190 4055 220 4095 so
1455 4041 1597 4101 Leitzkau
1615 4041 1695 4099 1017
1711 4041 1778 4100 Jult
1797 4042 1844 4101 10.

344 4206 497 4277 Abschrist
518 4205 567 4265 des
590 4205 637 4265 11.
653 4206 709 4266 Jlt.
732 4206 774 4264 im
796 4206 997 4280 Abdinqboser
1018 4207 1198 4283 Etranqeliar
1221 4208 1262 4267 im
1283 4208 1458 4305 Donuclatz
1479 4228 1515 4269 zu
1541 4210 1627 4268 Trier
1651 4208 1716 4277 (0).

345 4356 458 4431 Arana
481 4356 513 4413 ιἰι
539 4355 592 4415 der
610 4355 678 4415 Vita
699 4355 867 4416 Meiuwerci
895 4375 957 4430 cop.
979 4358 1037 4415 143
1067 4358 1111 4417 bei
1133 4358 1258 4418 Brower
1281 4358 1386 4419 Sidera
1408 4361 1449 4418 42
1472 4360 1531 4419 und
1552 4361 1585 4419 in
1607 4359 1687 4419 Mon.
1714 4359 1812 4419 θινιιι.
1836 4358 1890 4420 SS.

345 4462 476 4533 11,136.
500 4491 545 4500 —
568 4461 690 4522 Sclateu
713 4463 788 4522 Aua.
814 4463 938 4522 Puderb.
963 4464 1005 4523 ed.
1031 4463 1057 4523 Ι.
1084 4465 1113 4535 1,
1129 4466 1192 4523 426
1221 4484 1275 4526 aras
1299 4465 1398 4525 emit
1419 4468 1529 4526 indict
1553 4467 1613 4524 XV
1637 4488 1679 4513 =
1702 4466 1796 4525 Falla
1820 4464 1888 4526 coa.

345 4570 421 4628 trad.
448 4567 532 4628 Gorb.
556 4570 607 4639 67,
635 4589 677 4616 =
708 4567 830 4629 &beten
856 4571 933 4629 Anu.
957 4570 1083 4631 Puderb.
1107 4572 1150 4631 ed.
1176 4571 1223 4630 Π.
1248 4574 1277 4643 1,
1293 4573 1363 4632 292.
1395 4601 1438 4611 —
1467 4573 1760 4648 WilntaruPbilippi
1786 4574 1890 4645 Wastf.

345 4675 415 4735 ΚΠ.
432 4674 535 4746 2,174
549 4676 654 4734 n⁰147
668 4693 722 4735 acts
738 4674 770 4735 C.
787 4705 832 4715 -
849 4677 952 4748 Westf.
970 4676 1034 4736 UB.
1053 4676 1154 4752 Suppl.
1168 4680 1228 4738 118
1247 4682 1280 4738 a⁰
1292 4680 1351 4739 759
1365 4679 1437 4755 Req.
1455 4708 1499 4718 -
1514 4679 1642 4740 Bdbmer
1656 4679 1728 4756 Req.
1743 4681 1830 4741 1166.
1847 4710 1892 4720 -·

345 4780 469 4856 Stampf
482 4781 554 4857 Ray.
571 4783 661 4841 1687.

349 4932 482 5004 Verfosst
504 4932 573 5004 uad,
596 4934 650 4992 wie
671 4933 719 4992 die
736 4933 944 5010 Narbobmuuq
966 4935 1019 4994 der
1040 4930 1238 5011 verldaqerlerr
1258 4934 1374 5007 Sebrift
1395 4938 1427 4996 in
1450 4935 1633 4997 Cebennas
1656 4938 1729 4997 lusu
1749 4938 1810 4998 uod
1831 4940 1893 4999 eine

344 5039 596 5115 cnbcqraphiscbe
624 5040 830 5099 Besouderbeit
861 5041 993 5116 ὁιιιᾶἐίρΐ
1023 5042 1093 5118 (aql.
1125 5042 1165 5103 N.
1190 5042 1237 5113 b),
1270 5043 1342 5102 aaut
1372 5044 1549 5118 perstrictos
1580 5063 1636 5104 oon
1667 5042 1728 5105 GC.
1760 5073 1803 5083 -
1833 5043 1893 5106 Die

345 5143 473 5220 Stelluuq
495 5145 544 5205 des
569 5145 756 5206 Ormatuens
777 5146 873 5206 linter
894 5147 947 5206 der
968 5146 1254 5224 Remquitionazcile,
1277 5150 1324 5209 die
1345 5149 1507 5225 derjmiqea
1529 5151 1563 5210 in
1584 5150 1626 5211 D.
1644 5152 1702 5210 364
1724 5152 1891 5227 calepi-ialal,

345 5253 417 5311 least
437 5252 611 5323 ambulen,
641 5252 710 5312 dass
730 5253 785 5312 wia
807 5255 861 5325 [ἄν
877 5253 958 5329 janes
980 5253 1021 5315 D.
1045 5273 1077 5315 ao
1099 5257 1172 5316 aaa
1196 5258 1249 5327 fiir
1271 5255 1312 5317 D.
1329 5256 1390 5318 370
1411 5257 1458 5316 eiu
1480 5257 1625 5333 Blenquet
1651 5258 1761 5317 tenum
1783 5259 1892 5331 warde,

344 5360 405 5429 aas
422 5359 486 5419 dem
507 5358 561 5419 das
582 5358 733 5419 Protolcoll
755 5361 996 5435 omausyefertiqt
1018 5380 1091 5421 war.

309 5578 375 5636 ddi).
401 5577 427 5647 s)
448 5578 513 5648 ipsis
531 5578 732 5633 venerabilibus
750 5580 818 5635 locis
830 5583 856 5634 B
915 5584 944 5651 g)
961 5583 1028 5645 fehlt
1046 5586 1075 5635 s'n
1094 5585 1119 5636 B
1177 5583 1208 5651 h)
1223 5587 1288 5637 sunt
1300 5585 1325 5637 Β
1378 5585 1399 5655 i)
1418 5584 1569 5641 abbatesB
1622 5585 1653 5653 k)
1671 5588 1704 5640 ob
1721 5591 1774 5640 wir
1788 5604 1815 5641 ss
1831 5588 1893 5642 bier

399 5651 478 5774 aaz
488 5653 651 5775 mm
664 5653 760 5705 Μίαν
776 5654 822 5706 des
840 5655 980 5721 Oricinola
1003 5655 1067 5708 oder
1084 5672 1140 5709 nur
1156 5656 1205 5709 der
1227 5645 1433 5723 Ubwls'efemap
1456 5674 1491 5709 au
1509 5659 1578 5710 thus
1595 5658 1689 5726 mom,
1713 5660 1816 5714 Ιοόιιιιιιι
1839 5663 1894 5715 wir

398 5738 442 5775 asc
652 5765 659 5779 .

184 5886 186 5889 .
307 5843 506 5887 Kabomnnuden
519 5846 563 5887 111.
1625 5844 1660 5894 60
