4804 6498
496 460 559 521 156
1095 463 1557 521 KAISERURKUNDEN.

494 650 688 716 racionabili
712 651 825 715 ordine
849 674 965 737 rogare
996 661 1052 716 aut
1074 652 1212 715 invitare
1235 660 1369 736 possent
1391 648 1561 713 Arialdrun
1586 648 1755 714 Clusinum
1779 650 1967 735 episcopum
1998 650 2039 714 de
2070 674 2149 715 eon·

496 759 677 822 secretione
702 757 915 821 ecclesiarum
938 780 1070 821 suarum
1093 757 1128 820 in
1150 756 1324 843 parrochia
1347 757 1398 819 sui
1422 757 1580 842 episcopii
1602 757 1813 821 manentium.
1865 755 2013 821 Audiens
2037 769 2147 822 autem

496 864 583 928 idem
603 864 740 928 domnus
757 886 816 927 rex
832 863 1031 927 Heinrichus
1053 862 1239 927 huiusmodi
1259 862 1532 945 lamentationem,
1552 864 1672 926 nuncio
1692 862 1863 928 confestim
1882 863 2015 946 directo,
2032 867 2148 929 vocari

496 970 539 1035 ad
569 993 603 1034 se
635 971 782 1056 precepit
811 970 952 1034 eundem
982 971 1182 1057 episcopum.
1235 970 1316 1033 Erat
1345 992 1488 1055 namque
1518 971 1552 1033 in
1582 968 1697 1033 eodem
1728 969 1871 1034 castello.
1925 969 2008 1035 Cum
2038 984 2148 1035 autem

496 1078 623 1141 veniret
646 1088 678 1140 et
701 1099 771 1159 rex,
796 1099 854 1141 cur
877 1075 1033 1141 ecclesias
1056 1076 1248 1163 parrochiae
1272 1098 1350 1139 suae
1374 1074 1570 1140 benedicere
1593 1088 1625 1139 et
1649 1098 1841 1140 consecrare
1864 1076 1973 1157 nollet,
2003 1077 2178 1141 studioses

496 1185 721 1268 interrogaret,
741 1184 918 1270 respondit,
941 1185 1019 1270 quia
1039 1182 1175 1248 abbates
1197 1206 1296 1270 supra
1317 1183 1430 1267 scripti
1452 1182 1596 1245 decimas
1617 1183 1651 1245 in
1672 1181 1820 1246 abbaciis
1843 1185 1909 1247 suis
1930 1182 1993 1247 sibi
2014 1185 2148 1269 suisque

497 1290 663 1354 canonicis
687 1289 960 1355 contradicerent.
1002 1290 1095 1355 Tunc
1116 1313 1176 1353 rex
1194 1289 1408 1374 interrogavit
1429 1287 1566 1352 abbates
1585 1289 1683 1374 ipsos,
1707 1290 1734 1351 si
1756 1289 1899 1376 aliquam
1921 1292 2147 1355 auctoritatem

496 1396 664 1477 haberent,
687 1395 775 1460 unde
791 1420 903 1460 eorum
922 1397 1120 1461 monasteria
1139 1395 1283 1459 decimas
1301 1394 1373 1458 illas
1392 1393 1434 1458 ad
1454 1417 1546 1459 suam
1566 1406 1692 1480 partem
1716 1395 1891 1460 defendere
1916 1408 1949 1461 et
1970 1397 2147 1461 vendicare

496 1503 687 1588 potuissent.
734 1503 827 1567 Tunc
852 1500 1097 1567 ostendentibus
1121 1501 1184 1566 illis
1213 1502 1439 1587 antiquissima
1467 1503 1657 1565 monasterii
1687 1504 1819 1588 scripta,
1849 1514 2013 1589 repertum
2043 1516 2149 1568 estet

496 1607 669 1696 probatum
692 1631 752 1695 per
774 1611 994 1674 testimonium
1018 1610 1142 1673 circum
1166 1609 1350 1690 astantium,
1374 1609 1528 1694 quoniam
1552 1606 1593 1671 ab
1615 1609 1714 1672 inicio
1737 1610 1925 1673 monasterii
1944 1621 1976 1674 et
1995 1612 2147 1697 tempori-
2169 1641 2197 1679 ro

497 1714 559 1780 bus
583 1716 694 1780 domni
716 1718 803 1801 regis
827 1714 942 1779 Karoli
971 1717 1080 1801 magni
1113 1726 1146 1778 et
1176 1717 1319 1779 omnium
1349 1737 1481 1778 suorum
1512 1737 1736 1779 successorum
1767 1713 1903 1780 abbates
1935 1728 1968 1780 et
1996 1717 2147 1781 monaehi

498 1822 642 1886 decimas
665 1821 737 1885 illas
760 1821 946 1886 habuerunt
969 1834 1001 1886 et
1022 1812 1134 1885 omnes
1155 1834 1378 1885 antecessores
1401 1822 1547 1907 episcopi
1567 1820 1694 1885 Arialdi
1716 1845 1790 1885 cum
1810 1823 1897 1886 omni
1920 1846 2002 1909 pace
2026 1823 2147 1888 habere

498 1952 554 1993 eos
578 1930 804 2016 permiserunt.
850 1929 894 1992 Et
917 1928 995 2015 quia
1018 1951 1129 1991 omnes
1160 1928 1221 1992 hoc
1245 1950 1375 2013 semper
1404 1925 1520 1991 stabile
1551 1927 1671 1992 debere
1702 1950 1774 1992 esse
1804 1927 2029 2011 laudaverunt,
2060 1931 2147 1994 idem

498 2036 636 2101 domnus
666 2060 726 2100 rex
748 2036 948 2100 Heinrichns
978 2034 1126 2099 laudarit
1156 2048 1188 2098 ct
1218 2034 1423 2098 confirmavit
1452 2044 1485 2098 et
1515 2035 1705 2120 episcopum
1734 2046 1923 2099 contentum
1952 2049 1984 2100 et
2013 2039 2149 2101 tacitum

498 2166 571 2207 esse
594 2144 681 2207 fecit.
715 2143 761 2206 Et
780 2152 815 2205 ut
834 2164 929 2206 nemo
945 2143 995 2221 sit,
1021 2142 1075 2227 qui
1096 2139 1195 2205 ullam
1219 2142 1335 2204 iterum
1359 2139 1546 2226 quaerelam
1569 2152 1745 2224 removeat,
1769 2141 2023 2207 admemoriam
2048 2144 2148 2208 futuri
2168 2163 2196 2201 rs

497 2252 652 2335 temporis
675 2250 757 2314 haec
781 2250 903 2335 scripta
933 2260 1008 2312 sunt
1038 2260 1070 2311 et
1100 2247 1259 2311 ordinata.
1312 2247 1356 2310 Et
1383 2248 1630 2332 promissionem
1661 2248 1740 2311 fecit
1768 2249 1838 2335 ipse
1870 2250 2042 2335 episcopus
2072 2262 2148 2315 ante

496 2359 602 2444 ipsum
626 2379 737 2442 regem
761 2355 802 2419 de
826 2357 1071 2419 consecratione
1095 2354 1327 2419 aecclesiarum
1352 2354 1420 2416 sine
1445 2354 1534 2417 omni
1556 2354 1725 2439 pecunia&

603 2497 732 2562 Breve‘l
756 2496 990 2561 recordationis
1014 2495 1054 2560 de
1079 2496 1207 2560 decima
1230 2518 1293 2582 que
1317 2495 1396 2560 fecit
1417 2496 1593 2559 Heinricus
1615 2496 1702 2559 rex.‘¹

1282 2803 1370 2889 130.

498 2976 677 3050 Heinrich
714 2976 879 3075 bestotipt
912 2973 992 3048 deus
1027 2973 1174 3048 Kloster
1207 2972 1245 3049 S.
1269 2971 1463 3049 Sulcatore
1496 2973 1577 3072 aas
1602 2974 1680 3048 dem
1714 2974 1833 3075 Berye
1866 2978 2014 3050 Amioto
2053 2979 2152 3052 seiae
2170 3007 2199 3046 so

497 3097 736 3195 Besitzaaqea
761 3095 843 3168 aad
866 3093 1008 3167 Recta.
1642 3120 1826 3198 &pentura
1850 3124 1929 3183 1007
1943 3124 2032 3197 Αρήὶ
2056 3125 2103 3185 10.

608 3303 852 3379 Oriqiaoldiplom
874 3303 915 3360 ios
937 3302 965 3360 lc.
992 3299 1191 3360 Stmstsarcbio
1213 3318 1248 3359 zo
1271 3299 1358 3359 Stena
1382 3299 1454 3366 (A).

604 3446 732 3505 Bdbmer
753 3445 828 3503 Aeto
849 3444 951 3502 selecta
974 3444 1014 3501 32
1033 3445 1066 3501 a⁰
1081 3443 1121 3501 37
1143 3460 1197 3501 aas
1218 3443 1255 3501 A.
1279 3470 1323 3481 —
1348 3440 1471 3515 Starapf
1489 3441 1560 3517 Rep.
1584 3443 1671 3501 1442.

605 3588 664 3646 aas
675 3587 838 3645 Ammona
852 3585 901 3644 des
916 3604 970 3643 voa
982 3583 1043 3642 ΕΙ)
1057 3584 1275 3659 biraayefaqieu
1287 3583 1486 3642 Eschatolcolls
1502 3602 1554 3642 coa
1570 3584 1724 3643 desselben
1736 3585 1985 3645 Privatscbreiber
1995 3588 2151 3659 mundior,

605 3696 657 3754 der
679 3692 719 3752 D.
738 3694 796 3751 129
823 3692 982 3766 bapestcllt
1011 3692 1069 3749 bot.
1123 3690 1228 3749 Dieser
1257 3690 1382 3748 beremae
1410 3688 1481 3749 DO.
1503 3689 1530 3749 I.
1551 3692 1613 3748 237
1636 3691 1820 3751 aaositielbar
1849 3693 1894 3751 aa
1922 3691 2150 3769 Dictatrorlape,
2170 3712 2199 3751 ss

607 3801 731 3861 bediorte
759 3799 820 3857 siclt
849 3798 918 3857 aber
948 3800 1002 3868 fiir
1030 3797 1077 3856 die
1099 3796 1285 3871 Aafzdbluay
1314 3797 1366 3855 der
1389 3796 1579 3871 Besitzasqea
1608 3798 1760 3857 wiederaas
1789 3800 1865 3858 eiam
1893 3800 2015 3874 emaum,
2045 3802 2152 3861 sowolsl

606 3907 734 3969 vender
754 3905 815 3965 VU.
842 3905 894 3963 isse
917 3923 971 3963 voa
993 3903 1033 3962 D.
1057 3906 1097 3962 68
1120 3903 1341 3973 micaebeaden,
1371 3904 1540 3978 weaapleich
1571 3904 1623 3962 mit
1652 3904 1748 3963 beidm
1771 3906 1830 3964 aad
1852 3906 1975 3965 sadaca
1996 3906 2071 3965 DD.
2095 3927 2152 3968 voa

606 4013 802 4074 Montomiota
824 4012 974 4081 awbrsoci
998 4010 1297 4069 abaaastimmeadea
1315 4009 1546 4068 Verzeicbaisses.

608 4190 665 4261 (C.)
689 4180 706 4270 ᾖ
729 4181 768 4245 In
792 4181 922 4244 nominc
947 4190 1080 4243 sanctae
1104 4189 1137 4243 et
1160 4177 1350 4242 individuae
1373 4178 1536 4241 trinitatis,
1590 4178 1766 4243 Heinricus
1797 4179 1910 4244 divina
1931 4179 2062 4246 favente
2087 4182 2151 4247 cle-

499 4292 622 4355 menna
644 4313 714 4353 reis.
823 4302 851 4351 Si
878 4303 980 4350 sanctis
1007 4317 1039 4351 ac
1059 4298 1264 4350 venerabilibus
1290 4297 1359 4348 locis
1385 4303 1448 4357 eo⁸,
1475 4314 1546 4363 quae
1572 4299 1607 4348 ab
1633 4293 1875 4365 anteicessoribus
1901 4304 2001 4352 nostris
2027 4299 2150 4354 collatab
2170 4310 2200 4350 ω

500 4418 578 4472 sunt,
602 4410 780 4460 corroborare
800 4408 985 4458 studuerimus
1012 4414 1039 4457 et
1062 4407 1096 4457 de
1122 4408 1178 4466 his,
1204 4421 1258 4473 que
1284 4406 1369 4455 nostri
1394 4406 1462 4455 iuris
1488 4412 1565 4465 sunt,
1591 4405 1743 4457 concedere
1770 4408 1933 4473 satagimus,
1958 4416 2068 4475 aeterne
2094 4412 2152 4483 vite

501 4517 714 4569 emolumentum
734 4514 849 4581 adipisci
869 4530 901 4563 ae
921 4515 1054 4579 presentis
1080 4520 1169 4563 status
1195 4511 1363 4562 soliditatem
1389 4514 1552 4578 propensius
1577 4514 1748 4577 augmentari
1768 4530 1822 4564 non
1840 4516 2000 4566 titubamus.
2041 4517 2152 4567 Idcirco

501 4624 620 4674 omnium
639 4621 760 4672 fidelium
779 4628 891 4671 sanctae
911 4620 955 4670 dei
974 4619 1127 4670 aecclesias
1147 4626 1356 4683 nostrorumque
1375 4620 1543 4684 presentium
1562 4634 1595 4668 ac
1613 4619 1768 4670 futurorum
1787 4620 1923 4673 industria
1941 4625 2057 4683 noverit,
2071 4610 2151 4675 VV.⁰

501 4731 628 4781 abbatem
647 4736 675 4779 et
693 4729 841 4779 monachos
861 4729 888 4777 in
909 4728 1044 4778 coenobio
1064 4726 1168 4777 domini
1188 4733 1215 4776 et
1234 4725 1381 4776 salvatoris
1400 4727 1487 4775 nostri
1506 4726 1570 4775 Iesu
1589 4725 1688 4776 Christi
1708 4726 1857 4779 militantes
1876 4730 1904 4778 in
1923 4736 2014 4780 monte
2031 4726 2151 4781 Amate‘¹

501 4838 579 4886 uobis
599 4834 805 4886 lacrimabiliter
824 4834 980 4901 protulisse,
1007 4834 1080 4899 quod
1104 4834 1183 4883 lamis
1206 4848 1239 4882 ac
1257 4832 1563 4897 nuditatisindigentia
1582 4833 1684 4883 ibidem
1703 4834 1755 4884 deo
1775 4836 1877 4885 servire
1896 4852 1951 4886 nou
1970 4844 2090 4902 possent,
2116 4854 2151 4889 eo
2171 4851 2202 4891 to

501 4943 575 5007 quod
595 4948 685 4993 cortes
705 4948 732 4993 et
751 4941 830 5002 celle,
850 4958 921 5006 qaae
941 4958 957 4991 a
976 4941 1180 5008 precessoribus
1200 4940 1235 4990 ad
1254 4946 1391 5005 sumptum
1409 4955 1502 4989 eorum
1520 4939 1630 4990 conlate
1647 4946 1719 4999 sunt,
1739 4957 1756 4990 a
1774 4943 1865 5007 pravis
1883 4942 2002 4993 fuissent
2020 4943 2151 5015 distracta

501 5050 664 5100 hominibus.
702 5050 758 5099 Nos
779 5049 888 5113 quidem
908 5065 957 5115 pro
977 5049 1022 5099 dei
1041 5062 1133 5097 amore
1152 5048 1359 5111 animarumque
1378 5052 1532 5096 nostrarum
1551 5047 1681 5107 remedio,
1701 5049 1828 5112 quoniam
1847 5049 1920 5098 idem
1940 5051 2104 5100 coenobium
2122 5052 2152 5101 in

501 5162 621 5206 nostram
641 5156 791 5206 devenerat
810 5162 974 5220 potestatem
994 5170 1026 5203 ac
1046 5152 1251 5218 proprietatem,
1277 5170 1320 5203 res
1341 5160 1387 5203 ete
1413 5154 1516 5219 predia,
1540 5170 1611 5217 quoe
1638 5172 1654 5204 a
1679 5156 1780 5204 nostris
1801 5157 2005 5220 precessoribus
2025 5152 2151 5207 collatal’

501 5270 565 5313 sunt
584 5269 611 5312 et
630 5262 789 5313 confirmata
809 5277 841 5310 ac
861 5261 1046 5319 corroborata,
1066 5259 1225 5309 confirmare
1245 5268 1273 5310 et
1290 5261 1468 5310 corroborare
1488 5261 1644 5310 studuimus
1662 5268 1689 5311 et
1706 5262 1740 5311 de
1757 5257 1876 5313 nostrisf
1896 5263 1964 5314 iuris
1983 5266 2151 5330 proprietate

501 5370 530 5418 in
549 5368 744 5419 monachorum
763 5374 901 5432 sumptum
921 5374 1011 5416 cortes
1032 5372 1059 5416 et
1078 5363 1162 5415 cellas
1182 5365 1357 5424 contulimus,
1384 5367 1513 5430 quatinus
1532 5366 1629 5417 sedulo
1649 5369 1788 5419 orationes
1808 5385 1858 5434 pro
1877 5370 1957 5419 nobis
1977 5371 2151 5436 coniugeque
2170 5382 2203 5422 so

501 5482 595 5525 nostra
618 5460 815 5547 Cunlgunda
838 5460 953 5545 regina
982 5473 1084 5523 ibidem
1110 5472 1144 5522 ad
1171 5472 1312 5523 dominum
1337 5468 1501 5539 dirigaturd.
1539 5475 1628 5539 Igitur
1654 5482 1743 5526 cortes
1769 5483 1796 5526 et
1819 5475 1913 5536 cellas,
1939 5478 2098 5527 massaricie
2124 5484 2153 5529 et

574 5654 637 5712 lta
664 5660 689 5723 c)
711 5673 814 5711 ceorr.
834 5672 885 5707 aus
902 5671 934 5709 ec
1012 5653 1041 5723 d)
1060 5652 1253 5706 Breve—rex
1271 5655 1300 5705 ia
1319 5655 1473 5719 Majsslcela
1492 5670 1540 5706 roa
1558 5656 1759 5723 aeremitae,
1784 5657 1909 5708 melleicbt
1925 5657 2039 5723 chachar
2059 5658 2152 5715 Hand.

574 5743 637 5799 lto.
664 5742 950 5814 [Laschitzer-Bloch]
988 5746 1014 5809 a)
1031 5745 1069 5807 A,
1090 5742 1267 5794 senariam
1285 5747 1349 5794 stoa
1367 5758 1400 5795 ea
1483 5743 1513 5809 b)
1533 5744 1789 5800 deseruissem.
1809 5762 1894 5798 assso
1974 5748 2000 5813 c)
2022 5744 2086 5814 Va,
2104 5750 2154 5801 wie

662 5834 688 5869 es
705 5816 886 5880 &beluacus
901 5816 996 5868 Rosos·
1067 5812 1096 5881 d)
1117 5816 1141 5865 A
1215 5817 1240 5880 e)
1260 5828 1275 5865 e
1293 5828 1363 5865 εονν.
1381 5830 1467 5881 susq
1539 5814 1565 5883 f)
1584 5818 1609 5867 A
1631 5817 1734 5871 :VIA
1783 5856 1787 5861 .
