4766 6604
564 402 629 465 446
1164 409 1623 467 nilsnnontit’xnnn.

563 594 771 661 bodesheim¹
794 599 828 661 in
848 599 1003 663 comitatu
1021 596 1206 662 Eberhardi
1227 597 1259 661 in
1278 619 1363 683 pago
1418 595 1572 661 comitatu
1595 597 1629 659 in
1647 595 1812 680 Erigauue
1830 592 1918 657 inter
1937 590 2017 654 alia
2039 608 2137 651 anno
2155 585 2241 668 regni

562 700 690 767 Alsatia
707 726 780 767 cum
797 702 947 768 omnibus
964 706 1031 768 suis
1046 704 1251 790 pertinentiis
1267 704 1362 769 curti·
1417 704 1518 767 nostri
1548 703 1649 766 tercio
1673 701 1803 765 Verona
1837 698 2061 785 potentiue*
2100 689 2239 759 tradidit

562 808 645 874 ficiis
669 810 755 873 areis
779 808 921 874 exitibus
948 809 992 898 [ct
1012 809 1205 898 reditibus]¹¹
1229 811 1363 896 quesitis
1417 821 1568 896 preterea
1597 838 1679 873 unum
1706 820 1798 872 vinnm
1823 814 2117 885 nuotgeresvniiorn
2146 813 2240 863 dicitu

562 915 616 980 vel
630 916 835 1002 inquirendis
851 918 946 980 terris
959 916 1054 981 cultis
1070 928 1102 980 et
1117 915 1248 980 incultis
1262 916 1363 1002 pratis
1418 937 1446 981 ct
1473 946 1557 980 unum
1585 946 1707 980 mansum
1735 930 1763 978 in
1787 940 1803 973 s
1826 925 2021 977 Fresenheim
2050 924 2085 972 in
2112 921 2240 972 uomitus

562 1024 695 1108 pascuis
729 1022 836 1087 silvis¹
872 1021 1102 1087 venationibus
1137 1023 1231 1109 aquis
1263 1045 1363 1108 aqua·
1418 1035 1541 1089 Bortoidi
1554 1038 1583 1086 in
1596 1052 1667 1103 pago
1680 1036 1859 1086 nottinonnn
1873 1033 1953 1084 etvl
1970 1035 2125 1081 mansus·
2138 1024 2268 1077 innius

562 1151 700 1215 rumque
731 1128 952 1194 decursibustn
976 1127 1211 1215 piscationibus
1242 1128 1363 1193 molen·
1418 1161 1488 1210 quno
1507 1144 1609 1194 dieitur
1628 1142 1838 1193 Binbodoshoin
1864 1142 1895 1191 in
1915 1139 2071 1190 comitutu
2091 1134 2240 1186 Eberhard

563 1234 648 1298 dinis
676 1236 847 1321 mancipiis
878 1237 1047 1323 utriusque
1078 1258 1176 1299 sexus
1207 1258 1266 1299 seu
1289 1258 1362 1299 cum
1417 1253 1445 1301 in
1473 1268 1545 1317 pugo
1573 1249 1680 1300 atsutia
1707 1265 1768 1298 cun
1800 1248 1930 1298 omnibus
1960 1246 2032 1295 suis
2066 1241 2240 1309 pertinentiis

562 1339 713 1407 omnibus
756 1364 820 1428 que
864 1342 1157 1429 quomodocunque
1202 1342 1363 1406 nominari
1417 1359 1558 1409 conitiens
1578 1358 1649 1408 areis
1669 1356 1787 1407 exitibus
1813 1360 1842 1404 ot
1867 1353 2017 1403 reditibus
2039 1350 2185 1416 quaesitis
2201 1345 2240 1393 vui

561 1459 699 1533 possunt
721 1448 914 1513 utilitatibus
934 1447 977 1513 ad
996 1448 1130 1513 easdem
1147 1449 1362 1534 proprietates
1416 1466 1584 1531 inquirendis
1603 1465 1682 1515 torris
1700 1461 1783 1512 ouius
1811 1469 1839 1512 et
1857 1459 1975 1511 incultis
2008 1459 2109 1524 pratis
2136 1454 2239 1522 pisonis

560 1554 800 1641 pertinentibus
818 1579 878 1642 per
896 1556 981 1619 lianc
999 1566 1142 1620 nostram
1160 1555 1363 1641 imperialem
1416 1571 1493 1622 silvis
1517 1571 1710 1622 venationibus
1733 1545 1812 1634 aquis
1837 1582 2047 1632 aquarumque
2078 1562 2239 1615 decursibus
2254 1570 2273 1606 n

560 1663 717 1748 paginam
741 1662 951 1726 concedimus
975 1672 1072 1749 atque
1094 1662 1252 1747 largimur
1269 1673 1303 1726 et
1320 1661 1361 1726 de
1416 1679 1616 1745 piscationibus
1635 1675 1797 1727 molendinis
1816 1675 1965 1740 mancipiis
1984 1674 2150 1736 utriusque
2162 1684 2238 1719 sexus

561 1778 671 1833 nostro
695 1768 765 1833 iure
789 1780 849 1834 ac¹¹
872 1769 1016 1834 dominio
1035 1770 1069 1832 in
1089 1770 1159 1832 eins
1177 1769 1229 1831 ius
1248 1790 1287 1832 ac
1306 1767 1361 1832 do·
1415 1801 1466 1835 nen
1485 1801 1547 1834 nnn
1566 1785 1691 1834 omnibns
1713 1798 1783 1848 quse
1803 1780 2087 1845 quomodocumque
2108 1774 2239 1827 nominati

559 1874 698 1938 minium
714 1877 845 1939 omnino
864 1875 1131 1956 transfundimus,
1154 1897 1194 1937 ea
1209 1873 1363 1938 videlicet
1416 1900 1532 1958 possunt
1557 1889 1722 1941 utilitatibus
1747 1888 1783 1938 sd
1809 1886 1921 1938 undoni
1948 1888 2158 1952 proprietates
2183 1898 2236 1947 per·

561 1982 688 2044 ratione
711 1992 747 2044 ut
770 1980 874 2045 abbas
898 1980 1065 2046 eiusdem⁰
1088 1981 1276 2045 monasterii
1299 1982 1361 2044 sui·
1416 1998 1567 2048 moncons
1593 2012 1642 2063 por
1666 1997 1735 2047 hone
1758 2000 1880 2044 nosusm
1898 1991 2092 2059 imperialem
2112 1956 2236 2057 p'uginsu

562 2108 626 2172 que
647 2109 854 2152 successores
873 2087 1010 2152 liberam
1029 2086 1171 2151 habeant
1189 2086 1230 2150 de
1247 2086 1363 2151 eadem
1416 2104 1592 2155 concedimus
1611 2110 1693 2167 utque
1713 2100 1844 2166 iurgium
1869 2106 1898 2149 ot
1924 2100 1960 2149 do
1991 2110 2102 2150 nostro
2130 2100 2190 2147 iuro
2207 2110 2234 2144 sc
2250 2100 2269 2139 1⁶

560 2192 736 2257 traditione
755 2193 799 2257 ad
818 2217 914 2258 usum
933 2194 1119 2258 monasterii
1140 2191 1296 2280 quicquid
1315 2195 1362 2256 cis
1417 2212 1539 2262 dominio
1562 2212 1591 2259 iu
1616 2211 1676 2259 eius
1702 2210 1746 2258 ios
1770 2223 1803 2257 no
1826 2206 1984 2258 dominium
2007 2208 2135 2257 omnino
2154 2214 2235 2253 nnus·

560 2298 722 2385 placuerit
737 2300 880 2365 faciendi
895 2311 1121 2387 potestatemv,
1146 2300 1288 2364 omnium
1307 2298 1362 2362 ho·
1416 2318 1562 2375 fundimus,
1589 2333 1622 2366 ca
1647 2314 1778 2366 videlicet
1802 2315 1913 2364 ratione
1932 2319 1967 2364 ut
1994 2315 2095 2364 abbas
2116 2310 2233 2362 eiusdem

559 2408 685 2471 minum
707 2407 803 2493 regni
825 2408 928 2471 nostri
947 2405 1205 2471 contradictione
1228 2418 1360 2474 remota.
1416 2424 1575 2474 monasterii
1606 2424 1703 2487 suique
1733 2436 1911 2471 successoros
1952 2419 2082 2471 liberum
2118 2419 2232 2469 habeant

558 2511 604 2577 Ei
642 2524 678 2578 ut
715 2512 779 2577 hec
817 2512 1001 2577 iradifiOBiS
1039 2522 1148 2576 nostre
1187 2512 1362 2575 auctoritas
1415 2536 1579 2597 potestatem
1592 2529 1626 2579 dc
1639 2529 1735 2579 eadem
1747 2527 1898 2577 traditione
1917 2527 1955 2576 ad
1969 2543 2062 2577 usum
2076 2522 2233 2576 monasterii

559 2618 685 2683 stabilis
709 2629 743 2683 ei
766 2618 958 2683 inconvulsa
987 2629 1188 2705 permaneat,
1219 2617 1281 2681 hoo
1304 2618 1361 2680 im·
1416 2637 1548 2702 quicquid
1567 2638 1607 2686 cis
1626 2633 1762 2702 placuerit
1780 2632 1912 2692 faciendi,
1940 2635 2076 2684 omniurn
2097 2632 2230 2683 hominm
2243 2633 2263 2671 1)

558 2725 682 2811 pericle
702 2737 918 2812 preceptumq
932 2724 1009 2789 inde
1029 2725 1247 2810 conscriptum
1263 2746 1361 2787 manu
1416 2744 1493 2809 regni
1507 2744 1594 2793 nostri
1611 2742 1829 2792 contradictione
1846 2747 1966 2791 remota
1997 2727 2039 2792 Si
2061 2727 2141 2812 quis
2159 2743 2230 2785 vero

558 2834 692 2918 propria
716 2831 966 2896 corroborantes
991 2831 1088 2916 sigilli
1107 2831 1209 2894 nostri
1228 2831 1361 2915 impres·
1415 2858 1553 2920 magnus
1575 2834 1628 2898 vel
1657 2855 1788 2919 parvus,
1819 2844 1940 2918 potens
1965 2833 2025 2898 vel
2059 2834 2228 2917 impotens.

559 2938 670 3003 sioner
695 2939 850 3002 iussimus
874 2938 1034 3023 insigniri.
1328 3028 1332 3033 .
1415 2939 1590 3027 spiritualis
1609 2940 1662 3004 vel
1680 2939 1836 3003 secularis
1859 2952 1948 3003 huno
1971 2915 2096 3005 nostrie
2116 2948 2227 3002 unctori-

1415 3062 1498 3112 tatis
1534 3060 1728 3111 traditionem
1759 3057 1791 3109 et
1814 3058 2018 3132 preceptum
2045 3039 2226 3129 transgredi

1415 3176 1453 3218 ac
1477 3164 1598 3218 temere
1628 3153 1806 3238 infringere
1833 3155 2088 3238 presumpserit
2120 3164 2153 3214 et
2180 3159 2257 3210 ress⁵

1414 3260 1558 3346 prefatas
1588 3258 1630 3323 ab
1660 3282 1721 3323 usu
1752 3256 1883 3321 abbatis
1911 3258 2131 3345 fratrumque
2161 3275 2224 3318 suo

1414 3389 1485 3430 rum
1516 3366 1625 3452 aliquo
1656 3364 1751 3430 ruodo
1782 3363 2002 3447 alienaverit,
2035 3381 2087 3430 XL
2117 3362 2222 3437 nbns,

1414 3473 1528 3536 decem
1551 3472 1630 3536 fisco
1653 3484 1778 3551 nostro,
1806 3485 1830 3533 x
1852 3470 2142 3559 Babenbergensi
2165 3466 2223 3552 epi·

1414 3600 1528 3664 scopo,
1558 3593 1582 3641 x
1611 3576 1721 3642 abbati
1749 3588 1782 3641 et
1809 3592 1833 3640 x
1856 3576 2030 3645 advocato
2064 3574 2222 3665 persolvat

1414 3695 1446 3748 et
1470 3693 1545 3748 ante
1569 3682 1711 3747 tribunal
1734 3683 1837 3747 divini
1860 3684 1999 3767 iudicis,
2026 3687 2094 3750 nisi
2116 3685 2151 3746 in
2167 3680 2254 3743 ina

1413 3791 1482 3853 vita
1520 3790 1705 3876 resipuerit,
1743 3812 1818 3853 rens
1857 3792 1996 3856 existat.
2063 3788 2162 3872 Quod
2190 3796 2220 3847 ut

1413 3896 1523 3960 verius
1554 3895 1707 3960 credatur
1737 3906 1769 3959 et
1803 3897 1893 3959 omni
1929 3909 2089 3984 ternpore
2124 3897 2219 3959 incor-

1414 4014 1543 4087 ruptum
1563 4000 1730 4083 habeatur,
1751 4024 1851 4065 manu
1869 4006 2013 4089 propria
2033 4004 2217 4070 roborantes

1414 4105 1562 4193 sygyllo⁸
1584 4118 1694 4171 nostro
1718 4108 1867 4193 insigniri
1891 4102 2070 4177 iussimus.

648 4291 786 4375 Signum
820 4283 943 4349 domini
975 4282 1111 4346 Henrici
1141 4282 1359 4346 Romanorum
1501 4282 1679 4372 {Signum
1709 4283 1819 4348 domni
1846 4284 2007 4352 Heinrici
2034 4298 2102 4365 (M.)
2125 4282 2249 4350 intio-o

1413 4391 1528 4454 tissimi
1550 4392 1768 4455 Romanorum
1797 4392 2014 4476 imperatoris
2044 4382 2215 4480 augustii

649 4568 839 4635 Guntherus
877 4563 1092 4628 cancellarius
1121 4564 1195 4627 vice
1225 4564 1381 4665 limam-l
1501 4564 1518 4654 ᾗ
1554 4566 1754 4631 Guntharius
1793 4567 2019 4635 cancellarius
2057 4573 2131 4636 vice
2162 4564 2212 4629 nr·

556 4676 667 4742 bnldi⁸
692 4670 949 4758 archicapellani
972 4671 1173 4754 recognovit.
1413 4671 1589 4736 chanbaldi
1612 4672 1865 4760 archicapellani
1889 4680 2097 4763 recognovit
2120 4664 2213 4753 <eti

1414 4786 1540 4857 (SR.).>
2093 4788 2174 4863 (SI.)⁶

555 5040 641 5098 848⁰.
667 5039 688 5107 i)
700 5038 829 5096 113481·
844 5028 1068 5085 Blabodessheim
1079 5031 1119 5090 Ε;
1134 5029 1359 5083 Blobodcsshcim
1412 5031 1495 5087 3481.
1521 5034 1547 5099 ρ)
1566 5050 1623 5087 nom
1636 5034 1721 5100 Sicyo]
1734 5038 1770 5087 ici
1784 5051 1841 5087 stur
1852 5037 1920 5088 nocis
1933 5043 1980 5092 oin
1994 5043 2145 5112 Frapmt
2155 5034 2210 5089 obeo
2223 5039 2244 5079 11

666 5111 707 5163 11ι
756 5107 785 5174 k)
804 5108 828 5157 G
839 5130 871 5148 =
883 5103 918 5156 D.
932 5104 1018 5164 idon·
1033 5102 1144 5164 schitia
1156 5102 1209 5152 ΕΕ
1215 5102 1222 5130 ¹
1272 5102 1291 5167 l)
1308 5103 1359 5168 syl·
1520 5105 1584 5156 nid
1601 5107 1658 5157 und
1676 5107 1781 5170 Subrisi
1798 5106 1929 5162 erboltcu.

665 5179 786 5233 11111111ι
841 5176 880 5241 m)
897 5172 1051 5225 incursibus
1063 5172 1104 5223 E¹
1158 5174 1187 5237 n)
1204 5173 1273 5222 E:
1291 5173 1356 5223 G:

665 5254 701 5306 D.
715 5251 802 5309 3481;
827 5252 855 5299 et
873 5244 917 5297 E¹
1007 5244 1034 5308 o)
1060 5243 1128 5293 G:
1146 5241 1180 5295 D.
1191 5245 1279 5303 odon·
1303 5243 1359 5295 eius

665 5322 736 5374 1111]ι
785 5322 815 5386 p)
834 5314 938 5369 obwobl
955 5315 985 5364 itt
1001 5315 1035 5367 D.
1048 5316 1100 5365 334
1119 5313 1177 5363 aad
1194 5315 1224 5362 in
1242 5314 1275 5366 D.
1289 5314 1359 5364 3481

664 5394 832 5462 potestatem
850 5388 942 5439 hiotcr
959 5383 1079 5436 habeant
1096 5383 1171 5446 Mb
1189 5384 1292 5434 ondam
1308 5386 1360 5433 tot'r

665 5467 715 5516 mit
733 5460 878 5514 nanim
901 5457 957 5519 aas
972 5456 1014 5506 dit
1033 5453 1202 5506 Wicdcrbcbr
1220 5456 1249 5503 iu
1276 5454 1360 5504 Gdt'c

672 5532 863 5595 Woretonunq
883 5528 966 5591 nubi,
993 5526 1036 5577 dic
1060 5523 1129 5574 cudi
1153 5529 1224 5575 emisi
1250 5524 1290 5575 bei
1311 5524 1360 5574 GB

666 5605 796 5670 noeque,
815 5601 867 5666 opi.
884 5599 919 5651 D.
933 5600 987 5648 332
1054 5595 1083 5660 q)
1102 5592 1299 5659 praescriptum
1318 5594 1345 5644 E
1351 5595 1359 5622 ¹

666 5676 691 5743 r)
710 5671 883 5741 impensione
895 5668 938 5719 Ε1
1010 5667 1034 5731 s)
1055 5662 1202 5716 Eroabaldi
1214 5664 1251 5727 Ei
1274 5662 1359 5715 Ercu-

665 5742 742 5798 baldi
754 5742 796 5794 Ε1
