4766 6604
813 471 1050 526 HEINRICH
1073 472 1111 526 11.
1154 468 1248 526 1015.
1791 464 1854 526 429

204 660 468 723 sustentationem
493 670 526 721 et
543 658 716 723 utilitatem
737 681 779 722 ex
798 672 909 723 nostra
927 658 1115 744 plenissima
1134 659 1336 723 anctoritate.
1377 658 1529 723 lubentes
1549 660 1649 744 igitur
1666 661 1854 741 sanctimus‚

203 778 239 829 ιιι
262 766 379 828 nostris
402 764 454 828 vel
479 765 595 829 matris
618 764 818 851 temporibus
842 765 947 829 nullus
971 764 1038 829 dux
1061 765 1206 830 marchio
1231 788 1340 830 comes
1359 767 1532 852 episcopus
1550 767 1735 830 vicecomes
1754 765 1855 830 nulla·

204 895 266 957 qne
296 894 416 956 magna
444 871 495 935 vel
527 894 631 958 parva
659 894 800 957 persona
830 873 1062 958 cuiuscumque
1086 872 1208 935 ordinis
1232 885 1288 936 aut
1317 871 1485 958 dignitatis
1515 896 1601 938 nunc
1632 872 1854 959 praefectumd

204 977 357 1042 abbatem
381 1001 521 1064 suosque
545 1000 751 1043 successores
781 977 822 1043 de
845 978 994 1065 praefata
1024 980 1111 1042 omni
1138 980 1334 1064 pertinentia
1357 978 1528 1043 disvestire
1551 980 1733 1066 inquietare
1756 980 1855 1044 mole-

87 1165 94 1176 ,
170 1114 184 1149 ,ι
203 1098 288 1148 stare
307 1084 359 1148 vel
379 1085 503 1172 aliquid
518 1087 680 1151 minorare
695 1098 893 1173 praesumat,
918 1084 976 1149 sed
995 1085 1092 1149 liceat
1111 1084 1261 1149 omnibus
1278 1083 1452 1150 abbatibus
1468 1086 1672 1171 caeterisque
1688 1085 1855 1150 monacbis

203 1190 267 1254 iilic
291 1213 350 1277 pro
374 1204 519 1278 tempore
543 1193 711 1256 servituris
741 1193 850 1278 quiete
881 1204 913 1255 et
937 1192 1073 1277 pacifice
1100 1204 1212 1256 tenere
1235 1192 1434 1278 firmiterque
1459 1190 1590 1273 habere,
1621 1203 1746 1256 remota
1768 1194 1856 1256 omni

203 1297 469 1363 contradictione.
517 1299 553 1365 Si
576 1321 665 1379 vero,
696 1298 785 1385 quod
807 1300 940 1363 minime
965 1297 1138 1381 credimus,
1169 1310 1282 1363 contra
1305 1297 1399 1362 buius
1423 1299 1523 1362 nostri
1546 1300 1713 1385 praecepti
1737 1309 1857 1362 statuta

202 1406 374 1491 quisquam
407 1408 599 1471 temerarius
634 1405 772 1471 violator
807 1407 967 1486 extiterit,
1008 1418 1182 1491 componat
1219 1406 1290 1469 auri
1324 1403 1545 1491 probatissimi
1580 1403 1680 1469 libras
1715 1417 1855 1487 centum,

202 1510 408 1577 medietatem
433 1525 564 1577 nostrae
587 1515 673 1600 parti
696 1523 729 1578 et
751 1511 959 1577 medietatem
982 1513 1127 1599 presenti
1155 1511 1267 1577 abbati
1290 1510 1344 1576 vel
1367 1512 1433 1576 suis
1457 1511 1711 1577 successoribus.
1759 1510 1856 1593 Quod

157 1647 183 1684 lo
201 1630 237 1681 ιιι
259 1620 369 1682 verius
392 1619 546 1685 credatur
564 1643 603 1684 ac
622 1619 750 1684 firmum
769 1618 811 1683 ab
832 1617 981 1683 omuibus
1000 1630 1159 1699 teneatur,
1183 1641 1282 1683 manu
1301 1619 1435 1705 propria
1452 1616 1587 1682 inferius
1607 1617 1855 1683 corroborantes

202 1726 303 1789 nostri
325 1726 465 1789 nominis
489 1727 644 1812 inscripto
669 1737 837 1790 caractere
860 1737 970 1790 nostro
994 1724 1099 1812 sigilio
1124 1726 1276 1789 iussimus
1300 1725 1459 1811 insigniri.

201 1977 340 2063 augusti.
364 1974 382 2064 ξ

307 2117 325 2207 ξ
349 2119 525 2183 Heinricus
542 2118 730 2182 Parmensis
754 2119 927 2205 episcopus
951 2130 983 2181 ct
1006 2116 1219 2181 cancellarius
1244 2118 1315 2181 vice
1340 2116 1501 2180 Euerardi
1525 2118 1671 2204 episcopi
1695 2128 1728 2181 et
1751 2118 1854 2182 archi-

157 2251 182 2289 ιι
201 2225 387 2290 cancellarii
411 2226 611 2311 recognovit.
635 2222 653 2313 ξ

308 2369 397 2433 Data
419 2383 486 2432 1111.
510 2392 585 2433 non.
610 2366 736 2433 octub.‘¹
758 2389 844 2431 anno
868 2366 1053 2431 dominicae
1077 2367 1311 2431 incarnationis
1335 2380 1422 2449 Iva,
1446 2366 1624 2431 indictione
1648 2380 1738 2448 XIIII,
1762 2367 1855 2452 regni

201 2499 278 2539 vero
309 2474 418 2539 domni
443 2474 591 2539 Heinrici
622 2474 848 2560 imperatoris⁰
871 2475 1001 2559 augusti
1026 2488 1115 2555 XIIII,
1146 2474 1273 2559 inperii
1305 2483 1480 2555 autem113
1512 2483 1621 2537 actum
1644 2471 1853 2559 Meresburg3

201 2583 339 2648 feliciter
361 2605 466 2646 amen.

973 2656 1018 2731 (B.
1036 2657 1088 2734 D.)

156 3000 183 3037 ιι
978 2951 1073 3038 338.

203 3115 378 3190 Heinrich
403 3116 568 3216 bestdtipt
592 3114 673 3190 dem
701 3111 848 3212 Grosen
874 3113 1074 3188 Bessara
1096 3139 1170 3187 coo
1195 3114 1334 3188 Pomaa
1360 3113 1431 3188 den
1456 3112 1549 3213 Hof
1565 3113 1720 3189 Mroae.

1396 3269 1564 3346 Mersebarp
1587 3273 1665 3331 1015
1687 3300 1732 3309 -
1754 3302 1807 3331 -.

305 3435 408 3507 ‘Iapeti
430 3433 569 3493 Historia
590 3434 622 3492 di
643 3432 758 3491 Parma
780 3433 820 3491 66
842 3432 890 3490 cit.
911 3460 954 3468 -
977 3430 1088 3505 theltz·
1108 3430 1200 3489 Italia
1222 3449 1308 3489 saera
1330 3431 1372 3490 ed.
1394 3430 1421 3490 Ι.
1441 3434 1473 3500 2,
1488 3432 1551 3491 206
1573 3450 1610 3491 aa
1632 3432 1692 3491 cod.
1713 3433 1853 3491 tabularii

310 3541 442 3600 Vaticani
467 3540 525 3608 (U)
551 3560 592 3587 =
616 3540 749 3599 Bardoai
774 3538 940 3598 Thesaurus
961 3538 1026 3597 eccl.
1050 3535 1203 3597 Parmens,
1223 3538 1291 3607 141,
1313 3558 1355 3584 =
1381 3537 1492 3612 Ueneni
1515 3537 1607 3597 Italia
1629 3556 1715 3597 saera
1737 3539 1780 3598 ed.
1806 3539 1850 3597 II.

305 3650 417 3717 2,162
447 3668 489 3694 =
519 3647 589 3721 affe
620 3646 721 3707 Stoma
748 3646 780 3706 di
810 3644 924 3705 Parma
950 3647 982 3713 2,
1001 3645 1063 3703 295
1089 3648 1122 3701 a⁰
1138 3644 1166 3714 1,
1191 3664 1234 3690 =
1262 3643 1361 3719 Miqne
1383 3643 1662 3713 paraeneses
1685 3646 1783 3704 0187.
1809 3675 1853 3684 -

305 3755 432 3814 Bttbmer
453 3754 525 3830 Rea.
544 3755 630 3813 1142.
655 3783 699 3792 -
722 3752 846 3827 Stampf
864 3751 936 3827 Rea.
956 3752 1044 3809 1657.

306 3897 371 3957 Das
382 3897 485 3956 Dictat
495 3898 597 3968 durfte
610 3896 809 3972 prosseatbet'ds
820 3897 880 3967 aas
893 3896 940 3954 ein
952 3912 1005 3953 asts
1024 3894 1101 3953 scidit
1118 3893 1274 3953 abelmaim
1293 3893 1333 3951 D.
1357 3892 1449 3952 Otto's
1465 3893 1529 3953 ΙΙΙ.
1547 3895 1615 3953 aber
1630 3894 1677 3953 die
1693 3896 1722 3953 ia
1738 3894 1778 3953 Ι).
1793 3898 1853 3953 338

305 4005 449 4063 oramate
471 4004 637 4079 Scianlmap
658 4003 859 4078 summosam.
905 4000 965 4060 Die
988 4020 1041 4059 von
1063 3999 1174 4073 aquai
1203 4001 1415 4074 anspelasscaea
1438 4000 1576 4059 somnae
1604 4001 1671 4059 sind
1698 4001 1776 4060 oieb
1799 4003 1852 4060 mit

307 4112 463 4170 &tramisit
485 4129 521 4170 ra
543 4119 689 4186 madasca.
709 4140 753 4147 —
778 4110 867 4167 Ueber·
885 4108 998 4167 Niroae
1022 4108 1074 4181 col.
1095 4106 1165 4180 Asso
1188 4126 1215 4165 o.
1233 4126 1261 4165 a.
1281 4107 1315 4165 0.
1337 4108 1364 4176 1,
1380 4108 1439 4165 231
1451 4108 1485 4181 ff.
1509 4109 1572 4165 268
1584 4109 1608 4178 f.
1633 4109 1729 4175 2,10.
1750 4110 1798 4166 21.

156 4290 182 4327 so
307 4264 344 4326 ln
372 4264 502 4327 nominc
533 4272 665 4326 sanctae
696 4273 729 4324 et
757 4258 947 4323 individuae
971 4258 1135 4321 trinitatis
1181 4257 1345 4323 Henricus
1376 4256 1488 4321 divina
1517 4258 1647 4321 favente
1679 4257 1852 4323 clementia

201 4369 417 4434 Ronmnorum
440 4370 616 4454 imperator
638 4378 804 4452 augustus.
921 4364 1008 4445 Quia
1031 4364 1185 4429 divinac⁸
1231 4414 1850 4430 ............

200 4521 1024 4542 .................
1072 4472 1236 4553 Quocirca
1258 4471 1401 4536 fidelium
1425 4485 1607 4537 nostrorum
1631 4475 1852 4559 praesentium

200 4583 325 4648 scilieet
348 4596 381 4646 et
399 4583 579 4647 futurorum
597 4581 801 4645 universitati
821 4590 941 4665 pateat,
965 4580 1118 4664 quoniam
1143 4580 1279 4643 senioris
1299 4582 1400 4644 nostri
1422 4580 1570 4645 Ottonisb
1589 4579 1851 4667 praedecessoris

200 4691 403 4777 imperatoris
435 4702 668 4775 cognoscentes
699 4686 794 4751 huius
824 4687 1094 4751 remunerationis
1124 4686 1294 4751 fautricem
1325 4687 1462 4772 gratiam
1490 4687 1658 4752 Bernardo
1682 4687 1850 4751 Parmensi

156 4824 181 4860 ιι
200 4798 309 4861 comiti
332 4796 520 4861 fidelissimo
544 4808 653 4860 nostro
677 4806 801 4860 curtem
824 4794 1000 4858 Neironem
1030 4815 1104 4857 cum
1136 4792 1269 4879 capellis
1300 4794 1416 4858 castris
1443 4792 1637 4859 domnicatis
1660 4796 1850 4859 massaritiis

200 4903 283 4968 villis
308 4916 339 4968 et
362 4904 456 4967 terris
480 4902 694 4989 omnibusque
718 4901 760 4966 ad
784 4900 921 4966 eandem
949 4901 1163 4987 pertinentiis,
1194 4912 1319 4965 curtem
1342 4900 1486 4965 Roebam
1518 4902 1615 4965 etiam
1647 4912 1680 4965 et
1710 4912 1851 4965 castrum

199 5010 240 5074 de
264 5010 348 5075 valle
365 5011 562 5074 Visenerina
585 5033 658 5074 cum
682 5007 832 5073 omnibus
856 5007 902 5072 ibi
926 5007 1129 5094 pertinentiis
1149 5007 1201 5071 vel
1221 5007 1413 5072 adiacentiis
1433 5020 1466 5073 et
1484 5007 1572 5094 quod
1592 5008 1730 5072 dicive]
1750 5010 1850 5072 nomi-

199 5119 270 5181 nari
300 5118 411 5203 possit,
443 5130 475 5181 ct
504 5118 588 5181 sieut
618 5116 782 5204 quondam
806 5115 904 5199 Hugo
928 5114 1068 5178 Tusciae
1099 5113 1244 5178 marchio
1275 5137 1333 5201 per
1363 5116 1472 5179 omnia
1495 5117 1598 5180 tenuit
1621 5117 1655 5178 in
1677 5116 1850 5201 integrum,

199 5247 257 5309 per
291 5225 509 5288 interventum
544 5236 577 5288 et
610 5223 799 5310 petitionem
830 5220 1066 5307 Crmigrmdacc
1102 5222 1318 5307 imperatricis
1351 5234 1509 5307 augustae
1542 5223 1689 5307 coniugis
1722 5235 1849 5286 nostrae

156 5360 181 5395 so
198 5331 355 5395 donamus
375 5329 584 5394 concedimus
603 5342 701 5415 atque
720 5329 886 5415 largimur.
926 5328 1089 5408 Quoniam
1108 5328 1216 5392 senior
1234 5339 1345 5393 noster
1361 5328 1454 5394 Ottob
1467 5330 1645 5416 imperator
1659 5351 1732 5393 eam
1752 5352 1849 5416 quam

200 5438 336 5523 praefati
367 5460 477 5500 sumus
507 5435 674 5522 praedicto
705 5435 873 5500 Bemardo
904 5435 1012 5499 comiti
1043 5457 1101 5520 pro
1131 5434 1230 5519 digno
1262 5437 1331 5499 eius
1362 5437 1495 5500 servitio
1526 5436 1659 5501 donavit
1689 5439 1851 5500 concessit

200 5567 322 5630 atroque
346 5543 505 5629 imperiali
529 5545 599 5608 iure
624 5545 656 5607 in
680 5544 929 5630 proprietarium
953 5543 1002 5604 ius
1022 5554 1054 5604 ct
1075 5540 1253 5605 dominium
1272 5541 1386 5607 tribuit
1404 5555 1437 5607 et
1456 5543 1591 5628 largitus
1611 5557 1670 5625 est,
1693 5566 1753 5608 nos
1772 5567 1849 5630 qno-

268 5758 332 5814 tart.
358 5758 387 5819 d)
410 5761 432 5810 A
507 5778 532 5809 ci
553 5758 603 5810 das
622 5758 904 5824 Abkdrzrmysrer'cbea
924 5757 988 5807 aber·
1006 5755 1101 5824 impris
1120 5758 1177 5820 fast
1194 5774 1267 5821 pant
1286 5759 1495 5813 rermhrcundea.

269 5846 331 5901 888.
357 5846 543 5914 ffloltzmuunl
580 5852 606 5903 a)
628 5845 736 5899 divinae
755 5856 806 5901 cte.
825 5844 962 5913 Quocirca
978 5846 1003 5895 Γ
1071 5845 1099 5895 ιιι
1121 5844 1245 5911 othonis,
1265 5844 1338 5899 Otho
1357 5848 1382 5897 U
1446 5858 1472 5911 c)
1493 5846 1670 5917 conigundae
1689 5850 1713 5897 I*
