4836 6492
1112 581 1572 638 KAISERURKUNDEN.

617 777 714 839 Pueri
748 774 881 837 chronol.
914 796 1000 836 sacra
1032 776 1150 853 Simiae
1181 780 1210 849 1,
1230 779 1294 836 212
1325 778 1372 839 cit.
1404 779 1458 837 mit
1487 778 1603 836 XVIII.
1635 779 1692 836 cal.
1723 779 1788 836 iun.
1819 807 1864 815 —
1896 776 2045 843 (Ituci)
2079 774 2164 849 Dipl.

617 902 704 944 sucre
734 883 851 958 Simiae
880 885 909 955 1,
935 885 973 942 12
1002 887 1035 944 η’)
1057 885 1078 943 7
1100 885 1202 943 ausA
1233 886 1287 943 mit
1316 885 1433 945 XVIII.
1457 886 1519 944 kal.
1543 886 1609 943 iun.
1635 905 1678 930 =
1708 883 1867 944 Schelliuer
1889 883 1971 943 Des.
1994 885 2101 959 penem.
2124 884 2167 941 55

618 993 650 1050 n⁰
666 993 693 1050 9.
718 1020 762 1029 -
785 991 869 1051 Zaln
892 989 1081 1050 Stcicrmdrlr.
1109 991 1173 1051 UB.
1198 993 1227 1061 1,
1246 992 1287 1051 50
1311 994 1342 1050 ιιο
1357 992 1398 1050 42
1421 1010 1474 1050 uus
1496 993 1532 1050 A.
1557 1022 1601 1029 -
1626 991 1753 1050 Belmer
1776 990 1846 1066 ch.
1865 991 1953 1050 1212.
1979 1020 2023 1029 -
2046 989 2170 1063 Stumpf

618 1098 697 1173 Κεφ,
708 1099 797 1157 1805.

623 1240 684 1316 Vql.
704 1241 751 1300 dic
770 1241 998 1315 Verbemerlsuuq
1019 1258 1055 1299 zu
1077 1239 1118 1299 D.
1135 1242 1207 1299 188.
2187 1255 2202 1295 a

617 1404 677 1482 (0.)
699 1397 716 1488 ᾗ
738 1400 778 1464 Ιιι
801 1401 931 1464 nomine
955 1410 1088 1464 sauctae
1114 1410 1147 1464 et
1169 1399 1359 1464 individuae
1382 1400 1546 1464 trinitatis.
1592 1400 1767 1464 Heinricns
1798 1399 1909 1464 divina
1938 1398 2068 1463 favente
2100 1398 2165 1463 cle-

511 1509 633 1572 mentia
655 1506 874 1573 Romanorum
893 1507 1070 1593 imperator
1088 1518 1256 1592 augustus.
1335 1520 1364 1571 Si
1385 1520 1553 1572 venerabilia
1572 1520 1768 1571 aecclesiarum
1787 1522 1831 1571 dei
1849 1519 1911 1571 loca
1930 1519 2049 1570 alicuius
2067 1513 2081 1586 Β
2099 1521 2165 1571 doni

511 1628 656 1679 commodo
683 1627 771 1677 ditare
797 1644 829 1677 ac
855 1625 1002 1677 sublimare
1028 1628 1225 1687 studuerimus,
1251 1629 1330 1679 nobis
1356 1629 1384 1678 id
1410 1629 1542 1693 regnique
1568 1629 1655 1679 nostri
1680 1630 1764 1679 statui
1784 1627 1954 1695 profuturnm
1974 1643 2035 1678 esse
2054 1629 2165 1677 minitas

511 1735 677 1785 dubitamus.
714 1735 889 1800 Quapropter
913 1736 1022 1785 noverit
1047 1736 1168 1785 omnium
1187 1734 1289 1785 Christi
1314 1734 1435 1786 fidelium
1461 1742 1671 1802 nostrorumque
1696 1737 1869 1795 universitas,
1895 1733 2014 1802 qualiter
2038 1751 2088 1786 nos
2114 1751 2165 1801 pro

511 1841 632 1892 remedio
652 1842 759 1892 animam
778 1849 888 1892 nostrae
907 1848 1107 1907 parentumque
1126 1848 1282 1892 nostrornm
1300 1858 1352 1893 uec
1371 1859 1426 1893 uon
1445 1859 1495 1909 per
1509 1845 1694 1894 interventum
1707 1842 1900 1893 dilectissimae
1914 1843 2039 1908 coniugis
2052 1848 2164 1892 nostrae
2184 1852 2212 1891 ro

512 1948 694 2014 Cunigundae
719 1947 851 1998 videlicet
875 1949 1056 2013 imperatricis
1083 1955 1217 2014 augustae
1251 1955 1334 2014 atque
1360 1966 1410 2016 per
1435 1951 1600 2016 peticionem
1627 1951 1830 1999 carissimorum
1857 1948 1978 2000 fidelium
2006 1956 2164 2000 nostrorum

511 2054 709 2106 venerabilium
741 2054 848 2105 scilicet
883 2055 1153 2122 archiepiscoporum
1180 2056 1309 2107 Aribouis
1338 2056 1495 2121 Mogontini
1523 2064 1551 2108 et
1578 2055 1705 2122 Piligriui
1733 2055 1905 2107 coloniensis
1933 2056 2042 2106 cuidam
2069 2064 2164 2106 nostro

513 2163 679 2213 monasterio
699 2161 798 2212 Gossia
823 2163 898 2212 dicto
926 2162 961 2211 ad
986 2163 1118 2213 honorem
1143 2169 1256 2213 sanctae
1274 2163 1379 2214 Marias
1397 2180 1504 2231 semper
1522 2165 1636 2230 virginis
1655 2165 1799 2228 sanctique
1817 2163 1942 2213 Andreae
1961 2161 2079 2230 apostoli
2098 2179 2164 2213 con-

512 2275 617 2320 structo
637 2267 692 2320 tale
714 2269 848 2335 predium,
868 2268 950 2334 quale
969 2269 1102 2319 habemus
1127 2255 1221 2320 iuxta
1242 2254 1378 2320 fluvium
1400 2256 1583 2322 Lomnicha
1604 2258 1804 2322 nominatum
1828 2271 1909 2320 situm
1935 2271 2060 2335 inpage
2085 2254 2163 2320 Liu-

512 2359 664 2427 benetal⁸
682 2373 821 2427 vocato*
839 2377 868 2425 iu
885 2378 1018 2427 comitatu
1034 2393 1100 2427 vero
1121 2360 1334 2452 Gebehardli]
1363 2379 1479 2438 comitis,
1505 2395 1566 2428 cum
1592 2378 1717 2429 omuibus
1736 2378 1858 2429 eiusdem
1877 2378 1964 2443 predii
1983 2379 2164 2444 pertinentiis,
2185 2385 2211 2426 ιδ

512 2485 592 2533 terris
620 2482 750 2533 videlicet
776 2482 856 2534 cultis
883 2490 911 2533 et
937 2483 1047 2535 incultis
1066 2485 1152 2550 pratis
1170 2485 1282 2551 pascuis
1304 2483 1381 2535 silvis
1400 2486 1593 2536 venationibus
1611 2486 1691 2549 aquis
1710 2500 1876 2549 aquarumve
1895 2484 2056 2535 decursibus
2075 2485 2163 2549 pisca-

513 2592 635 2640 tionibus
654 2589 818 2640 molendinis
837 2591 981 2656 mancipiis
1001 2592 1143 2657 utriusque
1162 2607 1244 2641 sexus
1263 2592 1334 2641 areis
1353 2591 1486 2642 aedificiis
1505 2593 1558 2642 viis
1578 2600 1606 2642 et
1623 2592 1704 2642 inviis
1724 2592 1842 2655 exitibus
1862 2597 1889 2641 et
1901 2591 2033 2641 reditibus
2049 2592 2165 2655 quesitis

514 2703 542 2747 et
564 2697 734 2763 inquirendis
762 2699 890 2762 omnique
916 2696 1050 2758 utilitate,
1079 2714 1150 2763 quas
1175 2699 1204 2747 in
1230 2699 1327 2749 eodem
1353 2699 1448 2764 predio
1473 2698 1516 2749 vel
1544 2704 1585 2748 est
1603 2697 1646 2748 vel
1670 2714 1730 2748 esse
1750 2704 1777 2748 et
1795 2698 1853 2748 tisri
1882 2699 1991 2763 poterit,
2019 2714 2068 2763 per
2093 2698 2164 2748 hunc

511 2810 632 2855 nostram
651 2803 821 2871 imperialem
840 2806 968 2871 paginam
988 2805 1166 2856 concedimus
1185 2811 1268 2869 atque
1289 2804 1418 2870 largimur
1436 2812 1464 2855 et
1482 2807 1516 2856 de
1535 2812 1629 2856 nostro
1655 2807 1714 2855 iure
1740 2821 1772 2855 ac
1798 2805 1919 2856 dominio
1944 2806 1973 2855 in
1995 2806 2054 2855 eius
2074 2806 2117 2854 ins
2137 2812 2164 2853 et

511 2911 663 2962 dominium
692 2913 802 2962 omnino
830 2912 1053 2971 transfundimus,
1082 2929 1116 2962 ce
1140 2910 1272 2962 videlieet
1300 2913 1405 2963 ratione
1431 2920 1462 2962 ut
1487 2914 1626 2963 abbatissa
1651 2913 1773 2963 eiusdem
1799 2913 2021 2977 congregationis
2051 2910 2165 2962 liberam
2183 2920 2211 2959 ao

511 3020 639 3084 posthinc
664 3019 765 3069 habeat
792 3019 825 3069 de
853 3019 949 3068 eodem
976 3020 1072 3085 predio
1102 3020 1217 3083 eiusque
1245 3020 1416 3085 pertiuentiis
1445 3014 1597 3084 quicquidb
1625 3021 1650 3070 ei
1679 3018 1814 3086 placuerit
1842 3020 1876 3069 ad
1904 3035 1983 3069 usum
2011 3017 2164 3069 aecclesiae

511 3126 631 3176 faciendi
654 3132 827 3192 potestatem,
856 3140 873 3171 s
896 3124 965 3176 illud
992 3128 1149 3193 possidendi
1178 3143 1228 3177 seu
1256 3142 1318 3176 cum
1347 3125 1402 3177 alio
1428 3127 1524 3192 predio
1550 3127 1735 3177 commutandi
1760 3125 1803 3176 vel
1830 3128 1859 3177 in
1884 3141 2073 3191 quoscumque
2098 3141 2164 3175 usrrs

512 3230 623 3283 libuerit
641 3233 775 3293 vertendi,
795 3233 916 3285 omnium
937 3233 1075 3284 hominum
1095 3235 1173 3298 regni
1191 3234 1278 3283 nostri
1297 3234 1514 3284 contradictione
1535 3240 1647 3284 remota.
1679 3234 1714 3283 Et
1727 3242 1758 3284 ut
1770 3235 1838 3283 hacc
1855 3238 1965 3284 nostrae
1985 3233 2163 3299 ingenuitatis

511 3340 662 3390 auctoritas
681 3339 758 3389 firma
777 3346 805 3389 et
824 3338 986 3390 inconvulsa
1005 3341 1077 3390 omni
1097 3345 1255 3405 permaneat
1280 3346 1411 3406 tempore,
1437 3341 1490 3391 hoc
1515 3346 1675 3406 preceptum
1701 3341 1765 3390 inde
1791 3340 1975 3407 conscriptum
2000 3356 2082 3390 manu
2102 3356 2163 3404 pro-

511 3447 590 3512 pria⁰
612 3446 803 3497 confirmantes
822 3445 915 3511 sigillo
934 3452 1028 3497 nostro
1047 3448 1176 3498 iussimus
1195 3448 1329 3512 insigniri.
2182 3453 2209 3493 2⁶

619 3705 636 3796 ᾗ
661 3706 861 3773 Guntherius
886 3708 1100 3774 cancellarius
1124 3710 1198 3774 vice
1220 3707 1376 3773 Aribonis
1400 3709 1676 3796 archicappellani
1698 3706 1932 3798 recognovit}
2002 3718 2060 3789 (SI.
2076 3718 2118 3786 3.)

619 3850 709 3916 Data
722 3867 809 3916 XVII.
826 3851 892 3916 kal.
913 3852 997 3917 iuni
1014 3852 1192 3917 indictione
1209 3842 1280 3934 lli,
1301 3874 1386 3915 auno
1407 3850 1589 3915 dominicae
1609 3851 1839 3915 incarnationis
1859 3850 2028 3917 millesimo
2044 3838 2163 3936 iiXIfld,

512 3980 598 4023 auno
623 3957 733 4024 domni
756 3959 905 4024 Heinrici
929 3959 1065 4024 secundi
1089 3960 1256 4045 regnantis
1278 3958 1383 4040 xxssd,
1408 3959 1537 4045 imperii
1559 3969 1668 4022 autem
1686 3958 1743 4040 x‘¹;
1771 3968 1880 4022 actum
1899 3956 2064 4024 Coloniae.

1289 4258 1384 4346 490.
2181 4307 2208 4346 a

512 4402 690 4477 Heinrich
724 4403 891 4503 testrep
928 4403 1007 4478 dem
1043 4403 1192 4478 Kloster
1226 4402 1458 4477 Ecbtemraclr
1497 4402 1556 4477 die
1591 4402 1721 4478 diesem
1758 4431 1832 4478 voe
1867 4401 1948 4479 Orto
1974 4403 2051 4478 ΙΙΙ.
2084 4431 2163 4479 oer-

512 4522 647 4596 lichene
672 4522 815 4597 Mtinzc.
1751 4550 1846 4610 Neues
1869 4552 1948 4612 1023
1970 4550 2045 4611 Jani
2068 4552 2117 4611 18.

621 4712 867 4788 Oriqinaldiplom
889 4713 921 4771 iu
944 4712 996 4771 der
1019 4710 1257 4772 Studtbibls‘ollrelr
1278 4731 1313 4771 ru
1340 4712 1426 4771 Trier
1450 4712 1521 4779 (A).

618 4838 765 4897 Bcrtlrolet
794 4837 875 4896 Hist.
900 4837 935 4896 de
965 4836 1167 4912 inmersbourp
1197 4828 1244 4906 3⁶,
1269 4838 1308 4895 15
1334 4855 1388 4895 uus
1417 4838 1607 4912 beqluabipter
1635 4837 1788 4908 Abscbrift
1819 4857 1861 4883 =
1893 4836 2050 4895 HontbeIm
2081 4837 2161 4896 Hiet.

621 4945 734 5003 Tuccir.
758 4946 786 5015 1,
810 4946 870 5003 358
899 4947 932 5002 u⁰
952 4945 1014 5003 223
1042 4965 1083 4991 =
1107 4943 1509 5018 MiquePctrol.140‚367
1531 4946 1563 5003 n⁰
1578 4946 1649 5003 128.
1681 4971 1723 4981 -
1752 4943 1849 5017 Bepcr·
1879 4942 2069 5003 Mittelrdciu.
2097 4944 2161 5005 ΠΒ.
2180 4962 2206 5004 rs

619 5053 646 5121 1,
664 5053 723 5110 346
745 5054 777 5110 π’)
792 5052 854 5110 297
876 5070 929 5110 uus
951 5051 1052 5110 1.-
1074 5049 1460 5125 Bunmeaeq.1243.—
1484 5049 1607 5125 Sturups
1622 5050 1692 5125 Req.
1711 5052 1799 5111 1806.

619 5176 678 5235 Mit
699 5176 868 5251 Bceutzunp
890 5176 940 5235 dee
962 5175 1032 5234 DO.
1049 5174 1116 5233 ΠΙ.
1132 5176 1172 5233 89
1195 5177 1322 5246 versaret
1344 5175 1403 5234 und
1425 5175 1602 5250 pmclricbeu
1624 5194 1678 5234 von
1703 5174 1768 5234 ΘΒ.

619 5344 677 5417 (C.)
701 5336 718 5425 ᾖ
741 5336 781 5401 In
803 5336 933 5401 nomine
959 5344 1091 5399 sauctae
1116 5344 1148 5398 ct
1171 5333 1361 5399 individuae
1385 5335 1547 5399 trinitatis.
1594 5335 1769 5399 Heinricus
1799 5334 1911 5398 diviua
1940 5334 2071 5399 favente
2099 5334 2161 5399 cle·

513 5445 634 5508 mentia
655 5444 875 5508 Romanorum
899 5443 1076 5529 imperator
1100 5438 1304 5528 augustus}
1411 5440 1548 5506 Noverit
1578 5442 1740 5505 οιιιιιίιιιιιει
1763 5440 1885 5505 Christi
1913 5450 2160 5528 nostrorumque

582 5637 646 5695 4811.
672 5638 819 5709 [Bresslsul
855 5639 883 5706 a)
909 5636 1074 5690 Liuhenetal
1098 5639 1197 5689 vocato
1220 5638 1250 5688 in
1274 5636 1363 5701 dosrtr
1384 5637 1516 5703 qcluescnc
1540 5637 1629 5689 Lriclrs
1652 5653 1702 5690 oon
1725 5637 1840 5690 andem
1859 5637 1944 5688 Hand
1966 5637 2160 5703 Μώφωῳω
2177 5653 2204 5692 er

672 5710 702 5780 b)
722 5709 836 5782 quicqid
848 5712 873 5763 A
950 5712 974 5777 c)
999 5710 1050 5761 dus
1074 5710 1162 5760 meede
1179 5725 1198 5775 p
1216 5723 1287 5761 corr.
1306 5725 1358 5761 aas
1374 5708 1407 5775 ri,
1425 5708 1451 5760 ri
1467 5724 1538 5763 corr.
1556 5725 1607 5761 cus
1625 5724 1656 5768 s,·
1679 5725 1706 5760 ea
1731 5725 1790 5759 war
1807 5708 1864 5761 also
1887 5716 1978 5762 ruerat
2001 5707 2095 5777 proris
2117 5725 2160 5775 9ο-

671 5781 805 5835 εσΙινίώεη
894 5780 923 5849 d)
943 5787 1016 5834 xvu.
1036 5779 1089 5834 hal.
1108 5778 1174 5845 iun„
1192 5768 1231 5847 11,
1251 5770 1329 5833 1111111
1348 5779 1438 5831 lrs'nter
1456 5778 1610 5845 millesimo,
1636 5788 1658 5831 11
1676 5781 1766 5833 binter
1783 5787 1826 5831 XX
1843 5781 1902 5831 uad
1918 5786 1939 5831 X
1959 5782 1988 5831 in
2013 5779 2101 5844 dussir
2117 5796 2160 5847 po·

673 5854 773 5906 lusam
790 5853 898 5907 delccn
915 5867 965 5906 oon
985 5851 1035 5905 GR
1053 5852 1256 5919 nachyaropm.

583 5942 647 6000 490.
673 5940 818 6013 [Bresslsu]
855 5944 882 6010 a)
900 5958 946 5993 am
964 5946 1049 5993 maten
1067 5956 1096 5992 m
1115 5940 1258 5993 Uerrem
