4798 6486
1140 404 1604 462 KAISEBURKUNDEN.

645 645 663 737 ᾖ
687 647 825 735 Signum
848 646 959 712 domni
981 646 1131 711 Heinrici
1155 654 1219 726 (M.)
1242 646 1449 710 invictissimi
1471 646 1677 732 imperatoris
1700 644 1876 736 augusti}

645 787 663 878 ξ
687 788 928 855 (innthericusb
952 788 1167 854 cancellarius
1188 789 1263 853 vice
1286 754 1519 853 Erchambsldi
1543 787 1821 875 archicappellani
1843 810 1975 877 recogn.
1995 788 2013 878 ξ
2078 792 2134 874 (st.
2150 793 2190 877 3.)

645 932 735 999 Data
757 946 806 997 Vl.
831 931 876 996 id.
899 932 976 999 mai.
1001 954 1087 995 anno
1118 929 1282 1019 dominice
1305 931 1539 995 incarnationis
1557 944 1703 1009 MXVIHI,
1733 929 1911 996 indictione
1930 947 1968 1014 11,
1999 955 2085 998 anno
2114 955 2190 998 vero

539 1039 650 1105 domni
673 1039 810 1104 Hernici
835 1037 971 1103 secundi
994 1039 1160 1124 regnantis
1179 1052 1266 1119 XVII,
1291 1038 1420 1124 imperii
1443 1048 1551 1102 autem
1570 1052 1608 1119 ἲς
1638 1048 1747 1102 actum
1770 1037 1917 1123 Altsteti3
1946 1038 2095 1104 feliciter.

1318 1338 1414 1426 409.
2209 1382 2221 1422 s

538 1501 718 1577 Heinrich
743 1501 890 1577 schenkt
923 1500 1004 1576 dein
1029 1499 1324 1596 Nonnenltloater
1348 1528 1392 1576 zu
1417 1500 1649 1602 Konfnopeo
1676 1501 1735 1576 die
1764 1499 1851 1578 Orte
1876 1502 1968 1603 Lep,
1995 1501 2193 1595 Wnldcaclt,

546 1622 778 1723 meningen,
804 1620 1007 1713 Bisholder,
1037 1620 1187 1695 Trimba
1710 1666 1887 1743 ,swam
1910 1668 1987 1729 1019
2009 1667 2077 1727 Mm-
2097 1670 2149 1728 20.

648 1849 894 1925 Oripinoldiplom
923 1848 964 1907 im
992 1849 1020 1906 lt.
1046 1846 1246 1906 Stnntsnrcbiv
1274 1865 1310 1906 zu
1336 1846 1481 1923 Morbum
1505 1847 1577 1913 (A).
1602 1875 1646 1885 -
1670 1846 1822 1916 Absolutis!
1851 1845 1900 1905 des
1922 1847 1969 1905 17.
1987 1845 2043 1907 Jt.
2068 1847 2100 1906 ia
2124 1845 2192 1907 Coc.

645 1959 723 2019 9031
748 1957 830 2029 [54
851 1957 883 2014 in
906 1955 958 2015 der
979 1956 1008 2014 k.
1025 1956 1052 2013 lt.
1070 1954 1295 2025 Hofbibliothelc
1317 1972 1352 2013 zu
1374 1954 1455 2013 Wiea
1480 1952 1544 2021 (0).

645 2119 771 2179 Brower
785 2121 853 2177 Aut.
874 2117 988 2176 Trevir.
1005 2116 1047 2175 ed.
1066 2115 1092 2174 I.
1110 2116 1172 2174 632
1186 2115 1234 2175 cit.
1251 2145 1296 2154 —
1311 2114 1451 2190 Hmpctt
1469 2113 1585 2174 senna
1602 2115 1706 2184 2,105
1725 2113 1827 2172 220165
1842 2131 1896 2171 ons
1913 2111 1985 2172 Ceu
2000 2113 2075 2174 Just
2090 2115 2138 2173 13.
2151 2144 2195 2152 -
2213 2127 2236 2165 ¹⁰

652 2227 853 2286 Winlelmonn
871 2225 955 2284 Acta·
966 2223 1041 2282 ised.
1061 2223 1167 2293 2134
1184 2224 1217 2281 πθ
1233 2223 1290 2281 181
1313 2240 1367 2281 aas
1388 2222 1579 2295 Tronssnmpt
1597 2220 1638 2279 K.
1655 2219 1785 2291 Rndotfs
1808 2239 1862 2279 non
1882 2221 1963 2281 1290
1979 2219 2068 2279 Mors
2085 2223 2134 2281 10.
2151 2251 2195 2260 -

645 2334 802 2394 raama
819 2333 850 2392 a
869 2329 1127 2391 rasennam
1146 2330 1177 2388 a
1195 2328 1268 2388 sss.
1284 2328 1366 2400 nef.
1382 2330 1412 2399 4,
1435 2312 1571 2400 nfjrs.
1588 2356 1631 2367 -
1653 2326 1731 2387 eas
1745 2326 1934 2386 minorica.
1951 2326 2022 2403 sq.
2040 2329 2131 2388 1205.
2151 2358 2194 2368 -

646 2442 774 2501 Bo'ltmer
791 2439 863 2516 Rep.
881 2440 966 2499 1191.
992 2467 1034 2476 -
1059 2436 1183 2511 Stumps
1197 2435 1268 2511 Rep.
1286 2437 1375 2495 1725.

646 2603 713 2661 Fur
734 2602 789 2661 dos
810 2599 851 2659 D.
868 2601 928 2659 409
950 2600 988 2658 ist
1012 2617 1066 2657 von
1091 2597 1151 2658 Gr
1169 2598 1216 2656 ein
1234 2597 1379 2673 Blnnquet
1400 2596 1586 2672 herpeiehtet
1609 2596 1733 2666 worden,
1756 2572 1817 2668 aas
1834 2596 1963 2656 scelcism
1984 2602 2078 2656 tuerat
2101 2597 2194 2656 wahr-

644 2708 795 2770 scheiulicls
823 2708 877 2767 das
898 2706 1100 2781 Mouoqromm
1122 2704 1363 2780 vorauspetertipt
1392 2703 1451 2762 aad
1479 2703 1557 2762 ἀαπη
1585 2703 1633 2762 die
1661 2692 1735 2762 erate
1763 2703 1823 2762 aad
1851 2703 1898 2762 die
1921 2701 2107 2778 Sipnamzeile
2138 2706 2194 2763 eis·
2212 2708 2235 2748 ¹⁶

644 2823 777 2892 petroqen
800 2834 914 2887 waren,
943 2794 1082 2872 oiedsicht
1111 2812 1251 2871 werdae
1273 2811 1419 2885 Blanquet
1447 2810 1519 2869 auct
1547 2810 1633 2869 schoa
1660 2812 1691 2869 io
1706 2786 1806 2869 ¹‹is'eser
1830 2810 1942 2870 Gestalt
1964 2811 2018 2870 mit
2039 2811 2102 2871 desa
2127 2812 2196 2871 tiber

645 2924 697 2984 der
720 2921 908 2997 Sipnumzeile
929 2919 1190 2995 dardspedrttrlcten
1213 2916 1305 2992 Sieyet
1328 2917 1459 2976 versehen
1481 2917 1604 2976 worden.
1643 2915 1838 2993 Desponsa
1861 2915 1982 2977 Conteoet
2002 2918 2114 2977 setrich
2138 2917 2197 2977 Hc

647 3032 719 3090 noch
740 3031 862 3105 εἰρεηαη
884 3028 997 3098 Dictat,
1026 3027 1122 3086 indens
1143 3044 1176 3085 er
1197 3025 1258 3085 sich
1281 3043 1338 3084 aar
1359 3025 1391 3083 in
1414 3025 1549 3099 cornipes,
1578 3041 1632 3082 son
1657 3041 1710 3083 aas
1732 3023 1810 3083 niem
1836 3024 1984 3084 bmondem
2006 3025 2195 3087 amunta

653 3138 834 3211 Weudnnqcu
852 3155 891 3195 an
910 3136 1028 3207 trithem
1046 3134 1222 3208 Kantanos·
1240 3131 1314 3191 DD.
1333 3132 1488 3191 onsohloss.
1528 3129 1707 3190 Scbtiesslich
1725 3131 1776 3189 bat
1793 3131 1872 3195 ἆαηη
1890 3131 1995 3191 rnieder
2014 3131 2074 3191 ΘΕ
2088 3131 2195 3208 Recep-

648 3247 739 3305 uitioo
762 3244 820 3303 aad
842 3242 1006 3316 Datierunq
1029 3242 1222 3316 bimupefitpt.
1247 3269 1287 3279 -
1315 3239 1485 3314 Erklttrany
1507 3238 1559 3297 der
1585 3237 1756 3297 Ortsnamen
1779 3239 1823 3297 bei
1847 3238 1925 3309 Go‘rz
1947 3258 1974 3298 a.
1991 3258 2020 3299 a.
2040 3238 2074 3299 Ο.
2211 3243 2235 3283 ¹⁰

648 3433 705 3520 (C.)
729 3431 746 3520 ξ
769 3430 807 3494 In
830 3430 961 3494 nomine
985 3439 1119 3493 sanctae
1143 3439 1176 3493 et
1198 3426 1388 3492 individuae
1411 3425 1575 3489 trinitatis.
1621 3423 1798 3490 Heinricus
1829 3424 1942 3489 divina
1967 3424 2099 3490 favente
2133 3426 2195 3490 cle·

540 3542 661 3606 mentia
680 3540 899 3603 Romanorum
923 3538 1101 3623 imperator
1123 3531 1326 3622 augustus}
1417 3531 1576 3613 Quamvis
1600 3531 1798 3617 generaliter
1820 3532 1854 3596 in
1878 3553 1990 3596 omnes
2013 3532 2196 3598 catholicae

539 3647 616 3712 fidei
640 3646 780 3711 cultores
802 3667 862 3708 nos
885 3642 1037 3708 liberales
1060 3654 1093 3707 et
1115 3641 1224 3727 largos
1243 3663 1315 3704 esse
1335 3641 1519 3720 conveniat,
1543 3638 1729 3724 specialiter
1746 3648 1855 3703 tamen
1877 3639 1911 3703 in
1929 3638 2196 3705 dilectissimam·
2242 3618 2248 3626 ⁴

539 3755 640 3819 nostri
669 3754 841 3839 coniugem
865 3749 1119 3837 Chunigundam
1146 3747 1271 3813 scilicet
1297 3746 1536 3834 imperatricem
1567 3758 1749 3831 augustam,
1781 3746 1837 3832 qui
1866 3747 1900 3810 in
1924 3743 2053 3811 Christo
2084 3769 2196 3811 sumus

538 3884 605 3928 una
628 3883 715 3941 caro,
745 3882 805 3924 nos
829 3857 1074 3923 hberalissimos
1097 3867 1131 3920 et
1152 3855 1353 3941 largissimos
1376 3876 1448 3917 esse
1478 3875 1530 3917 res
1560 3852 1633 3939 ipsa
1662 3862 1695 3916 et
1726 3853 1808 3916 ratio
1832 3852 2005 3939 compellit.
2051 3853 2195 3918 Proinde
2213 3873 2238 3913 ss

539 3991 598 4033 nos
622 3990 721 4055 supra
744 3966 852 4031 dictae
876 3964 1023 4030 eiusdem
1041 3974 1171 4028 nostrae
1191 3962 1421 4026 dilectissimae
1441 3960 1589 4045 coniugis
1608 3959 1735 4024 devotis
1755 3972 1788 4024 et
1806 3959 1965 4046 religiosis
1984 3960 2196 4046 petitionibus

539 4075 790 4162 adquiescentes
819 4073 922 4137 nostri
952 4072 1031 4135 iuris
1062 4069 1203 4159 quedam
1238 4068 1311 4132 loca
1344 4069 1378 4131 in
1414 4069 1569 4132 comitatu
1598 4065 1765 4130 Perhtoldi
1797 4068 1923 4132 comitis
1954 4081 1986 4131 et
2015 4067 2069 4131 inb
2100 4069 2196 4155 pagis

540 4182 712 4247 Trihchira
741 4192 774 4245 et
803 4178 964 4244 Meinifelt
995 4178 1090 4242 dictis
1121 4178 1193 4258 sita,
1223 4175 1274 4239 his
1304 4172 1489 4239 nominibus
1520 4173 1699 4260 appellata:
1737 4173 1852 4260 Legis,
1880 4173 1980 4255 Asch,
2000 4173 2196 4261 Windinga,

538 4289 678 4371 Bizehe‚
703 4289 876 4369 Triminze‚
901 4310 975 4352 cum
994 4284 1167 4372 mancipiis
1186 4285 1354 4369 utriusque
1374 4304 1473 4346 sexus
1497 4279 1666 4345 aecclesiis
1690 4280 1847 4344 aedificiis
1870 4281 1977 4345 vineis
1999 4280 2196 4346 molendinis

540 4398 625 4462 areis
648 4397 750 4483 pratis
773 4395 904 4482 pascuis
928 4395 1022 4458 terris
1047 4392 1142 4457 cultis
1166 4402 1199 4456 et
1221 4389 1351 4455 incultis
1376 4400 1409 4453 et
1438 4390 1512 4453 cuni
1535 4386 1686 4452 omnibus
1709 4388 1924 4474 pertinentiis,
1955 4411 2019 4475 que
2042 4411 2102 4453 nos
2126 4390 2196 4454 iure
2214 4411 2239 4450 ao

541 4516 574 4568 et
604 4502 753 4590 legaliter
784 4503 817 4565 in
850 4524 949 4587 supra
981 4499 1077 4564 dictis
1106 4498 1187 4563 locis
1218 4495 1338 4561 habere
1369 4494 1578 4575 dinoscimur,
1611 4495 1807 4559 monasterio
1832 4492 2027 4583 Chnofunga
2051 4495 2140 4561 dicto
2164 4497 2198 4559 in

541 4611 697 4675 honorem
720 4608 891 4673 salvatoris
915 4607 1026 4672 mundi
1051 4620 1084 4671 et
1107 4616 1219 4691 sancte
1240 4604 1366 4667 Mariae
1390 4603 1560 4688 sanctique
1583 4601 1674 4666 Petri
1696 4600 1835 4687 apostoli
1859 4612 2044 4667 constructo
2068 4613 2102 4667 et
2122 4626 2198 4667 con-

541 4727 668 4782 secrato
685 4715 908 4804 con[cedimus
925 4726 957 4778 et
972 4711 1238 4801 con]donamus⁰.
1277 4711 1320 4775 Et
1340 4722 1376 4774 ut
1396 4710 1490 4774 huius
1506 4720 1636 4772 nostrae
1653 4707 1837 4773 donationis
1853 4709 2030 4773 auctoritas
2046 4708 2198 4774 omnibus

542 4822 664 4888 Christi
687 4824 854 4908 nostrique
877 4819 1029 4885 fidelibus
1053 4817 1219 4885 credibilis
1249 4816 1410 4882 habentur
1440 4830 1472 4881 et
1500 4838 1580 4880 vera
1611 4815 1763 4880 credatur
1792 4828 1825 4880 et
1854 4814 1980 4880 stabilis
2010 4828 2144 4881 maneat
2167 4828 2199 4881 et

541 4930 734 4996 inconvulsa
764 4930 929 5009 consistat,
962 4928 1047 4992 hanc
1078 4940 1200 4992 cartam
1231 4924 1307 4989 inde
1339 4925 1555 5010 conscriptam
1586 4945 1684 4987 manu
1713 4922 1846 5010 propria
1875 4921 2068 4988 roborantes
2098 4922 2197 5011 sigilli
2215 4943 2240 4984 ss

541 5039 643 5103 nostri
667 5038 879 5123 impressione
903 5035 1055 5098 iussimus
1078 5033 1238 5120 insigniri.
1352 5026 1356 5035 ’

649 5196 666 5286 ᾖ
691 5197 827 5283 Signum
851 5194 960 5259 domni
983 5194 1132 5259 Heinrici
1155 5192 1361 5257 invictissimi
1386 5190 1455 5277 (M.)
1479 5189 1700 5254 Romanorum
1723 5190 1929 5276 imperatoris
1952 5189 2132 5279 augusti}

650 5357 667 5446 ᾖ
691 5357 890 5422 Gunthcrius
907 5353 1120 5420 cancellarius
1136 5354 1179 5419 ad
1195 5354 1301 5417 ricem
1318 5350 1521 5416 Erkenbaldi
1538 5349 1812 5437 archicappellani
1829 5350 2015 5436 recognovi.
2031 5348 2049 5439 ξ
2076 5350 2137 5437 (SI.
2153 5352 2198 5437 3.)

615 5604 679 5662 tos.
703 5607 733 5673 b)
755 5610 787 5661 A.

615 5703 679 5760 409.
704 5702 910 5773 [Febr-Bloch]
948 5704 974 5767 a)
994 5702 1122 5755 acucbat
1140 5707 1152 5755 t
1170 5701 1227 5754 aad
1244 5699 1254 5752 i
1272 5703 1315 5753 ein
1333 5702 1434 5752 eineder
1452 5702 1465 5751 t
1482 5701 1638 5752 aunndiert
1710 5699 1741 5768 h)
1767 5705 1846 5752 nater
1863 5700 1922 5753 dem
1940 5706 2026 5753 metes
2045 5700 2137 5753 &nm
2154 5700 2200 5752 des
2215 5712 2242 5749 so

704 5792 723 5828 n
741 5778 797 5827 eine
819 5775 980 5841 Ueterldnye
998 5774 1153 5827 ammaim
1225 5774 1250 5837 c)
1267 5772 1310 5823 dte
1327 5773 1496 5838 Eryctneunp
1513 5788 1565 5822 arta
1584 5772 1607 5824 0
