4836 6492
539 451 605 513 590
1141 456 1603 514 KAISERURKUNDEN.

537 652 689 700 futurorum
709 651 820 699 devotio
839 651 954 707 noverit,
981 647 1099 713 qualiter
1116 666 1167 698 nos
1186 665 1235 715 pro
1257 650 1301 698 dei
1327 666 1419 700 amore
1445 652 1608 715 animaeque
1634 661 1725 715 nostre
1753 652 1894 701 remedio‘
1921 652 2069 700 canonicos
2095 658 2187 714 amicte

537 751 687 806 Aretinaed
707 755 842 805 ecelesiae
861 766 981 805 nostram
1001 756 1134 806 adeuntes
1154 755 1321 822 imperialem
1341 764 1505 823 potestatem
1525 759 1558 808 de
1578 741 1775 830 quibusdam
1799 759 1880 807 rebus
1906 766 1933 807 et
1956 758 2187 823 proprietatibus‘

537 865 609 913 iuste
635 872 663 913 et
691 861 816 927 legaliter
841 864 881 912 eis
908 864 1107 928 pertinentibus
1132 870 1227 913 nostra
1251 863 1402 929 preceptsli
1428 865 1602 923 auctoritate,
1631 872 1712 930 prout
1738 865 1808 913 iuste
1834 872 1862 913 et
1887 862 2014 928 legaliter
2038 880 2188 929 possumus,

537 972 727 1020 confirmamus
746 976 774 1019 et
792 971 902 1035 penitus
921 971 1141 1027 corroboramus,
1159 971 1188 1019 in
1207 970 1301 1036 primis
1320 955 1548 1021 medietatem‘
1569 956 1611 1021 de
1631 956 1785 1020 castelloss
1809 968 1840 1020 et
1864 955 1905 1019 de
1928 955 2069 1021 ecclesia
2091 970 2124 1019 et
2146 955 2187 1019 de

536 1074 623 1127 turre
649 1076 680 1126 et
704 1076 792 1126 corte
816 1086 901 1148 quae
925 1074 1061 1126 vocatur
1083 1060 1264 1149 Bulgarli]h
1288 1074 1320 1126 et
1343 1063 1520 1147 intcgram¹
1547 1062 1746 1127 corticellam
1777 1085 1861 1148 quae
1884 1074 2021 1126 vocatur
2044 1061 2219 1127 Cellulaes

536 1182 569 1233 et
591 1193 691 1234 unum
713 1191 861 1233 mansum
884 1170 920 1233 in
944 1168 1014 1233 loco
1039 1170 1094 1254 qui
1118 1180 1255 1232 vocatur
1278 1168 1353 1234 Scei
1378 1182 1410 1233 et
1428 1193 1528 1233 unum
1548 1193 1696 1234 mansum
1715 1171 1750 1233 in
1768 1168 1927 1255 Campille
1947 1192 2022 1234 cum
2039 1169 2188 1233 omnibus

536 1275 597 1340 sibi
617 1274 844 1340 adiacentibus
865 1274 936 1363 [etp
957 1274 1205 1361 pertinentibus,
1229 1289 1264 1339 ut
1283 1276 1378 1361 [goe
1397 1276 1497 1340 iudex
1518 1278 1679 1341 concessit
1698 1276 1853 1362 predictis
1873 1278 2040 1341 canonicis
2059 1276 2187 1341 Christo

536 1396 714 1469 sanctoque
744 1383 875 1446 Donato
907 1380 1180 1463 deservientibus3
1217 1396 1249 1447 et
1279 1384 1413 1468 insuper
1444 1382 1672 1447 confirmamus
1704 1382 1832 1467 plebem
1863 1384 1967 1447 sancti
1999 1383 2124 1464 Quirici
2153 1385 2188 1447 in

535 1489 682 1554 Nosinna
712 1512 785 1552 curn
815 1491 911 1552 terris
942 1502 973 1553 ct
997 1490 1102 1551 vineis
1127 1502 1159 1551 et
1183 1489 1285 1553 casis¹
1313 1501 1345 1552 et
1368 1489 1639 1554 decimationibus
1663 1503 1695 1553 et
1719 1488 1868 1553 omnibus
1891 1491 2095 1576 pertinentiis
2117 1491 2187 1554 eius

535 1620 593 1660 seu
622 1609 654 1660 et
684 1607 804 1659 terram
834 1598 927 1659 iuxta
956 1595 1062 1660 lacum
1086 1596 1280 1660 Perusinum
1311 1597 1345 1659 in
1374 1596 1455 1661 locis
1486 1609 1518 1661 et
1542 1596 1626 1660 villis
1657 1618 1742 1682 quac
1765 1610 1925 1661 vocantur
1948 1597 2061 1677 Pariti,
2084 1598 2185 1673 ltine,
2206 1625 2233 1663 m

535 1688 662 1773 Uelina,
686 1703 912 1787 Passingnano
938 1716 970 1766 et
993 1726 1086 1767 casas
1110 1716 1143 1766 et
1165 1725 1295 1767 mansos
1319 1715 1353 1768 et
1375 1704 1489 1767 vineas
1513 1705 1546 1766 in
1570 1705 1725 1768 comitatu
1750 1702 1948 1787 Scenensie,
1971 1727 2052 1790 quas
2069 1705 2186 1769 Petrus

534 1811 691 1875 diaconus
715 1809 839 1873 eisdem
863 1812 1029 1874 canonicis
1054 1811 1226 1891 concessit,
1257 1833 1318 1874 nec
1349 1833 1414 1873 non
1444 1812 1543 1874 etiam
1567 1809 1815 1875 corroboramus
1845 1833 1939 1874 casas
1963 1822 1995 1875 et
2017 1812 2187 1893 sineasgt

534 1930 653 1981 terram
678 1941 761 2003 quae
786 1930 835 1981 est
858 1919 964 2003 posita
987 1919 1020 1980 in
1042 1915 1193 1980 Tulliano
1217 1930 1250 1981 et
1272 1917 1406 1981 Brinule
1430 1934 1462 1981 ct
1485 1918 1650 1987 Lartiano.
1682 1940 1764 2003 quas
1788 1918 1908 2000 Roicon
1932 1916 2093 2004 presbiter
2114 1940 2186 2004 pre·

534 2024 629 2088 dictis
663 2026 829 2089 canonicis
862 2026 1034 2095 concessit,
1066 2036 1098 2088 et
1129 2023 1358 2088 confirmamus
1389 2024 1587 2089 corticellam
1617 2026 1779 2109 integram
1809 2048 1907 2088 unam
1937 2048 2021 2110 quae
2051 2038 2187 2089 vocatur

533 2132 666 2195 Petruio
697 2146 728 2194 et
753 2131 950 2218 Campriano
982 2144 1014 2195 et
1036 2130 1286 2215 Matrignanello
1317 2144 1349 2194 et
1373 2132 1538 2217 Paganico
1569 2142 1601 2195 et
1631 2132 1820 2217 porcionem
1850 2154 1947 2196 unam
1978 2130 2018 2195 de
2047 2131 2186 2195 ecclesia
2205 2158 2231 2196 rs

534 2237 697 2324 quondam
722 2238 875 2303 edificata
897 2241 931 2302 in
955 2239 1076 2303 honoro
1101 2239 1205 2302 sancti
1226 2238 1357 2301 Martini
1380 2240 1414 2301 in
1438 2238 1585 2325 predicto
1609 2239 1680 2302 loco
1700 2238 1832 2301 Petruio
1856 2261 1930 2302 cum
1954 2236 2103 2302 omnibus
2123 2236 2185 2301 sibi

532 2344 780 2431 pcrtinentibus,
811 2348 895 2410 sicut
918 2345 1002 2409 Iulia
1031 2367 1108 2431 sepe
1140 2346 1205 2408 iarn
1236 2344 1330 2407 dictis
1361 2347 1527 2409 canonicis
1558 2346 1729 2419 concessit,
1761 2356 1793 2407 et
1816 2346 2003 2431 porcionem
2027 2346 2184 2431 integram

533 2454 666 2516 terciam
691 2452 732 2516 de
755 2466 843 2517 turre
868 2466 900 2516 et
923 2451 1056 2516 castello
1080 2464 1112 2515 et
1136 2452 1285 2533 ecclesia,
1309 2474 1393 2538 quae
1418 2450 1563 2516 Gritbnis
1582 2452 1642 2515 fuit
1662 2464 1694 2515 et
1713 2451 1824 2538 Suppo
1843 2451 1928 2516 filius
1947 2454 2017 2516 eius
2037 2450 2184 2516 Gerardo

533 2582 590 2623 suo
610 2560 701 2623 fratri
721 2562 882 2624 concessit
901 2572 933 2623 et
954 2558 1121 2623 Gerardus
1141 2558 1297 2645 predictis
1317 2561 1479 2623 concessit
1496 2560 1672 2635 canonicis,
1697 2561 1729 2622 in
1749 2557 1845 2644 plebe
1865 2572 1996 2623 sanctae
2015 2559 2184 2644 eugeniae

533 2680 563 2729 et
588 2668 689 2730 sancti
716 2667 803 2730 Petri
833 2667 866 2729 in
890 2666 1007 2747 Apelle
1038 2678 1071 2729 ct
1101 2677 1220 2729 terram
1251 2680 1283 2728 et
1313 2667 1438 2737 vincas,
1469 2689 1550 2752 quas
1581 2666 1741 2729 dedemmt
1771 2665 1927 2751 predictis
1957 2668 2122 2730 canonicis
2152 2678 2184 2730 et
2201 2692 2229 2730 so

532 2776 732 2837 mansionem
763 2774 979 2837 domnicatam
1005 2774 1120 2837 Petrus
1150 2772 1312 2859 presbiter
1339 2785 1371 2836 et
1394 2773 1587 2837 Doruinicus
1611 2772 1695 2835 lilius
1719 2773 1814 2843 Anni,
1846 2784 1878 2836 et
1907 2773 2041 2858 insuper
2069 2774 2183 2837 confir·

531 2904 656 2944 mamus
686 2894 807 2943 terram
838 2903 947 2943 casam
978 2894 1009 2943 et
1040 2881 1171 2943 vineam
1202 2881 1234 2943 in
1266 2881 1421 2943 comitatu
1453 2880 1591 2943 Senensi
1625 2881 1659 2942 in
1688 2879 1759 2943 loco
1791 2878 1947 2962 Casulae,
1983 2903 2064 2966 quas
2094 2879 2183 2943 dedit

531 2987 654 3050 Bonizo
685 2985 855 3072 presbiter,
887 3000 918 3050 et
949 2987 1131 3067 ecclesiam,
1163 3010 1260 3073 quam
1290 2986 1451 3050 dederunt
1474 2986 1530 3050 filii
1561 2984 1784 3075 Boni[z]onisl
1809 2999 1841 3049 et
1871 3010 1982 3051 eorum
2007 2998 2182 3067 consortes,

532 3115 594 3178 que
619 3106 667 3157 est
691 3094 842 3157 edificata
865 3094 897 3156 in
922 3093 1044 3157 honore
1068 3094 1173 3157 sancti
1193 3093 1335 3173 Martini,
1359 3106 1456 3180 atquc
1479 3116 1628 3157 mansum
1651 3117 1751 3157 unum
1774 3094 1808 3156 in
1827 3093 1974 3178 Bagnolo
1998 3106 2030 3157 et
2053 3094 2182 3157 tineam

532 3200 749 3264 domnicatam
774 3212 806 3264 et
830 3212 981 3286 quartam
1005 3202 1193 3286 porcionem
1213 3202 1308 3264 unius
1329 3199 1489 3265 ecclesiae
1509 3201 1569 3287 sitq
1588 3201 1621 3263 in
1641 3199 1755 3264 eodem
1775 3200 1846 3264 loco
1866 3212 1898 3263 et
1917 3223 2064 3264 mansum
2083 3223 2181 3264 unum
2200 3226 2227 3265 ss

531 3309 564 3371 in
595 3308 723 3372 itarius
755 3321 787 3371 et
820 3306 900 3370 duos
933 3330 1062 3370 mansos
1094 3308 1129 3370 in
1159 3308 1314 3371 comitatu
1338 3307 1476 3373 Senensi
1508 3309 1540 3370 in
1571 3305 1667 3393 plebe
1698 3319 1810 3389 sancte
1834 3305 1960 3370 Mariae
1992 3308 2027 3370 in
2049 3307 2181 3375 Pacius,

532 3426 633 3499 quos⁰
657 3413 746 3477 dedit
765 3413 929 3478 Berardus
953 3413 1109 3499 predictis
1134 3415 1310 3496 canonicis,
1334 3426 1432 3500 atque
1457 3437 1551 3478 casas
1575 3428 1608 3478 et
1631 3426 1780 3500 quartam
1803 3426 1928 3499 partem
1951 3415 2047 3477 unius
2068 3413 2181 3501 [ecele-

532 3520 633 3607 silaeh
657 3532 689 3584 et
712 3522 825 3584 vineas
856 3522 890 3584 in
921 3518 1017 3607 plebe
1048 3522 1153 3585 sarrcti
1176 3521 1265 3584 Petri
1297 3522 1375 3584 sitas
1403 3544 1466 3606 quq¹
1495 3534 1631 3585 vocatur
1653 3519 1780 3606 Agello,
1812 3543 1893 3606 quas
1916 3520 2075 3585 Rodulfus
2097 3520 2181 3584 filius

532 3626 678 3691 Liutardi
702 3628 858 3712 predictis
882 3630 1042 3692 concessit
1066 3629 1243 3697 canonicis,
1268 3641 1300 3691 et
1323 3627 1531 3691 medietatem
1555 3630 1650 3692 unius
1674 3629 1789 3701 mansi,
1814 3651 1912 3714 quam
1935 3628 2058 3692 Bonizo
2083 3626 2181 3691 index

531 3733 654 3798 eisdem
679 3734 778 3815 dedit,
803 3747 835 3799 et
858 3757 967 3798 casam
992 3737 1025 3798 in
1049 3737 1182 3799 cititate
1201 3735 1339 3798 Aretina
1357 3747 1390 3798 ct
1408 3747 1527 3798 terram
1546 3746 1578 3799 et
1596 3736 1720 3809 vineas,
1744 3758 1825 3820 quas
1845 3735 2003 3799 Martinus
2022 3733 2182 3820 presbiter
2199 3760 2226 3799 so

530 3842 628 3905 Petro
659 3841 796 3906 diacono
827 3856 859 3907 et
889 3843 1047 3906 canonico
1078 3843 1240 3906 concessit
1270 3852 1302 3904 et
1332 3841 1419 3905 idem
1442 3842 1559 3906 Petrus
1588 3840 1790 3929 pre[dic}tish
1814 3843 1980 3906 canonicis
2011 3843 2179 3906 concessit

531 3948 687 4015 Similiter
710 3949 936 4013 confirmamus
961 3962 992 4012 ct
1016 3947 1263 4013 corroboramus
1287 3960 1406 4012 terram
1431 3972 1504 4013 curn
1520 3950 1628 4029 vinea,
1653 3971 1751 4035 quam
1775 3947 1862 4012 idem
1885 3949 2035 4013 canonici
2057 3948 2180 4035 planta-

530 4068 647 4120 verunt
669 4057 703 4119 in
728 4055 906 4137 Gratizata,
937 4071 968 4119 et
992 4079 1141 4119 mansum
1165 4079 1265 4119 unum
1289 4057 1322 4118 in
1346 4054 1469 4125 Classe.
1499 4078 1595 4142 quern
1620 4057 1723 4120 tenuit
1746 4055 1863 4120 Uitalis
1887 4057 2125 4137 marmorarius,
2149 4070 2180 4119 et

530 4164 563 4226 in
587 4162 702 4227 eodem
726 4163 797 4227 loco
821 4163 957 4227 alterum
982 4184 1142 4243 mansum,
1170 4185 1266 4247 quern
1290 4161 1381 4226 dedit
1404 4162 1558 4227 Iohannis
1582 4162 1677 4244 filius,
1709 4174 1741 4225 et
1764 4174 1913 4249 quartam
1937 4175 2063 4248 partem
2086 4165 2179 4227 unius

528 4271 643 4351 mansi,
677 4293 776 4355 quam
807 4269 967 4334 dederunt
995 4269 1053 4332 filii
1078 4269 1213 4354 Ugonis,
1246 4292 1308 4332 uec
1339 4292 1403 4331 non
1434 4284 1554 4333 terram
1585 4281 1618 4333 et
1641 4271 1755 4333 vineas
1786 4280 1819 4332 et
1847 4292 1951 4339 casas,
1985 4293 2066 4356 quas
2091 4269 2179 4334 dedit
2197 4294 2223 4333 ss

528 4376 683 4463 predictis
708 4378 873 4441 canonicis
896 4377 1009 4462 Ingizo
1033 4374 1195 4462 presbiter
1218 4388 1251 4439 et
1275 4377 1452 4440 canonicus
1475 4378 1508 4440 in
1532 4376 1702 4462 Agrazzer
1727 4389 1758 4440 et
1779 4377 1911 4441 Turrita
1934 4390 1967 4441 et
1988 4377 2017 4441 F
2019 4377 2179 4441 ontanella

529 4495 561 4547 et
585 4482 664 4572 [ἰη]ιι
687 4484 846 4570 Leprosia
870 4495 902 4548 ct
926 4482 1081 4548 Oritaiolo
1113 4493 1145 4546 et
1169 4482 1312 4551 Cortine.
1344 4494 1377 4546 et
1406 4495 1525 4547 terram
1557 4506 1631 4547 cum
1662 4507 1739 4548 casa
1769 4494 1801 4547 et
1824 4484 1932 4563 vinea,
1962 4507 2061 4570 quam
2091 4484 2179 4549 dedit

527 4592 610 4675 Rigo
641 4592 674 4654 in
697 4591 879 4671 Fericione,
911 4614 970 4654 nee
1002 4613 1066 4653 non
1097 4602 1129 4653 et
1160 4602 1280 4653 terram
1311 4600 1343 4653 ct
1373 4612 1491 4675 aquam
1515 4613 1589 4656 omn
1613 4592 1773 4676 piscariis
1803 4613 1883 4677 quas
1907 4590 1998 4654 dedit
2021 4591 2178 4655 Martinus

527 4698 665 4762 clericus
699 4699 733 4761 in
767 4698 839 4762 loco
870 4698 980 4761 Pareti
1014 4698 1107 4760 iuxta
1140 4695 1247 4760 lacum
1280 4697 1484 4763 Perusinum.
1539 4713 1616 4761 Haec
1644 4720 1736 4762 autem
1766 4713 1868 4771 omnia,
1900 4706 1997 4777 [que]¹²
2025 4699 2178 4784 predictis

527 4821 668 4870 canonicis
688 4804 784 4868 data(¹
808 4818 882 4869 sunt
906 4818 939 4868 et
962 4806 995 4867 in
1019 4804 1126 4868 futtuo
1151 4817 1295 4889 tempore
1315 4803 1424 4867 danda
1443 4816 1547 4887 enmt,
1573 4835 1622 4867 nos
1648 4819 1757 4884 quidem
1777 4826 1871 4869 nostra
1889 4818 2024 4885 imperiali
2044 4828 2177 4886 potestate
2198 4828 2222 4867 to

527 4928 716 4979 confirmamus
736 4932 763 4976 et
782 4927 991 4976 corroboramus
1012 4932 1095 4990 atque
1115 4925 1225 4975 eosdem
1243 4927 1271 4974 in
1294 4932 1456 4990 perpetuum
1482 4926 1583 4976 habere
1609 4928 1767 4985 sanctimus,
1794 4942 1827 4976 eo
1852 4926 1983 4977 videlieet
2008 4929 2122 4978 ordiner
2149 4934 2178 4977 ut

525 5052 576 5085 nec
596 5030 712 5097 ree[t]0r
731 5027 897 5097 eiusldem]h
915 5032 988 5083 sedis
1014 5049 1065 5082 nec
1091 5031 1240 5082 cuiuslibet
1268 5034 1413 5097 potestatis
1439 5047 1557 5097 persona
1582 5033 1615 5082 de
1636 5033 1767 5098 predictis
1787 5032 1932 5083 rabustel
1952 5034 2099 5085 decorum
2119 5051 2176 5100 per·

524 5143 646 5193 tinentiis
666 5142 722 5191 sive
743 5141 776 5190 de
794 5141 845 5200 his,
865 5156 918 5207 que
938 5140 1032 5189 divina
1044 5141 1132 5205 pietas
1145 5140 1211 5188 inibi
1226 5155 1327 5201 augere
1341 5137 1468 5200 voluerit,
1488 5138 1542 5190 illis
1556 5138 1677 5204 aliquam
1691 5141 1790 5190 infame
1805 5148 1943 5206 presumat
1957 5143 2181 5193 contrarietatem.

524 5249 567 5300 rel
595 5251 836 5301 deminorationem
864 5246 948 5297 ullam
974 5249 1099 5313 ingerere
1125 5254 1250 5295 attentet.
1289 5246 1498 5312 suscipimus*
1524 5262 1634 5311 quoque
1661 5264 1708 5297 eos
1735 5263 1796 5297 cum
1823 5249 1950 5298 omnibus
1976 5264 2070 5299 eorum
2096 5249 2175 5298 rebus

594 5394 659 5451 tot.
686 5394 945 5459 cidens-reuse
1000 5393 1029 5447 dl
1051 5393 1281 5456 araaufRasur
1335 5394 1361 5455 e')
1383 5392 2022 5461 mesenenseederzeienadspmym
2079 5393 2217 5463 Ome-at

684 5466 816 5519 dietatem
834 5468 890 5530 aus
906 5467 997 5517 Baaur
1051 5470 1080 5533 g)
1101 5464 1215 5518 castello
1233 5464 1359 5515 er'elleiclrt
1377 5465 1432 5527 aus
1447 5464 1540 5515 amur
1601 5464 1630 5530 h)
1650 5470 1761 5530 erederet
1779 5482 1831 5517 aus
1849 5466 1874 5516 B
1934 5465 1954 5532 i)
1970 5466 2108 5535 integram
2125 5466 2179 5529 aas

683 5540 777 5591 Raeur
824 5537 854 5605 k)
874 5539 960 5589 donor
972 5538 1066 5589 liaeus·
1077 5539 1150 5588 einer
1162 5536 1307 5601 Oberldnpe
1354 5534 1374 5601 l)
1393 5535 1760 5602 ethereaeinriberflrissiper
1772 5537 1862 5589 Strielt
1910 5538 1994 5605 m)A
2040 5539 2070 5604 n)
2091 5536 2176 5589 iriber

682 5612 731 5662 der
749 5610 821 5661 Zeila
845 5610 1040 5676 naetanaqm
1124 5618 1152 5675 o)
1181 5625 1198 5674 q
1223 5608 1280 5670 auf
1294 5607 1401 5667 Rasum
1426 5624 1453 5658 ee
1476 5607 1556 5659 mand
1581 5608 1775 5675 ursprenylet
1801 5610 1844 5659 die
1869 5608 1988 5674 Lipatur
2012 5625 2060 5661 aon
2087 5612 2116 5662 et
2139 5611 2175 5659 da

683 5682 712 5749 p)
736 5698 842 5746 gener,
861 5680 940 5733 ausl
1013 5684 1041 5746 q)
1065 5682 1077 5729 t
1095 5695 1164 5733 coma
1184 5696 1236 5731 aus
1254 5678 1272 5729 d
1344 5680 1368 5745 r)
1390 5678 1408 5729 d
1426 5695 1495 5733 com.
1515 5696 1567 5730 aas
1585 5696 1600 5731 r
1671 5683 1694 5744 s)
1717 5679 1909 5746 ursprrtnpliclt
1927 5696 1987 5731 war
2005 5678 2174 5748 Pracipimus

682 5753 862 5818 coactricem
885 5753 959 5803 dans
986 5754 1020 5802 ist
1038 5749 1062 5803 P
1080 5768 1115 5801 zu
1134 5748 1159 5804 R
1177 5766 1247 5805 corr.
1268 5750 1324 5801 und
1341 5752 1391 5801 ‹laa
1409 5750 1531 5815 folpertde
1556 5767 1570 5802 r
1594 5751 1680 5802 durch
1705 5752 1824 5803 dar-tiber
1842 5752 1899 5803 und
1920 5751 2053 5804 damma·
2069 5757 2175 5819 pendete
2190 5762 2215 5801 w

683 5823 787 5875 sttuite
805 5826 856 5887 fiir
874 5824 992 5889 unpiltip
1009 5823 1115 5873 erilem
