4804 6498
551 357 594 419 66
1148 364 1608 422 KAISERURKUNDEN.

657 552 746 616 Data
776 552 903 616 11.lsal.
935 551 1026 615 iulii⁰
1057 575 1142 616 anno
1166 551 1349 617 dominicae
1379 553 1613 617 incarnationis
1636 567 1722 631 ΜΙΙΙ,
1753 552 1932 617 indictione
1960 567 1993 634 1,
2028 574 2119 615 anno
2141 574 2214 615 vero
2330 553 2331 618 i

551 657 662 723 domni
685 659 834 722 Heinrici
858 658 994 723 secundi
1018 660 1184 744 regnantis
1208 672 1251 741 113
1277 670 1385 723 actum
1408 658 1612 745 Radespone.

1350 986 1413 1043 Oi).

549 1119 729 1193 Heinrich
763 1120 913 1193 verleibt
945 1119 1011 1192 der
1036 1120 1288 1218 discdofliclseu
1315 1120 1453 1193 Kirche
1482 1148 1525 1193 zu
1555 1122 1721 1221 drasitrq
1745 1121 1822 1219 [ἂν
1847 1122 1918 1195 ders
1944 1148 2028 1195 von
2057 1121 2121 1195 ihr
2146 1122 2215 1193 ein·

548 1239 777 1339 petaoscbteu
806 1237 875 1313 Ort
899 1240 1033 1312 Navua
1059 1239 1129 1312 den
1160 1238 1229 1314 Ort
1252 1239 1401 1339 Rodiuq
1426 1240 1528 1313 nebat
1552 1241 1629 1314 dem
1658 1241 1785 1314 Wuldc
1807 1240 2004 1315 Vtinbard
2034 1243 2105 1314 mit
2131 1245 2245 1315 Aua-s
2330 1325 2331 1330 ἵ

550 1359 681 1431 rechma
708 1360 807 1431 einer
829 1358 1073 1455 l'drstmbufe,
1092 1370 1227 1454 feruet·
1253 1359 1324 1432 den
1352 1356 1421 1434 Ort
1441 1359 1665 1459 Dirberliap,
1691 1362 1757 1434 mit
1777 1361 1992 1434 Ausaobme
2021 1363 2130 1434 eim
2154 1387 2217 1434 vor
2329 1436 2330 1439 ,

551 1477 617 1550 der
648 1477 975 1577 Tbroabasteipunp
1002 1477 1082 1550 dem
1110 1477 1299 1577 Mepiapoz
1331 1479 1554 1551 verliedeuen
1582 1478 1695 1575 Hofe,
1730 1480 1808 1553 carrd
1836 1480 1907 1554 den
1937 1478 2014 1555 Ort
2041 1479 2214 1578 Zeuzinp.

1682 1617 1825 1692 Barabetp
1848 1620 1926 1678 1003
1950 1617 2129 1692 September
2147 1619 2173 1675 9.

659 1741 903 1815 Ompiualdiplom
925 1742 966 1799 im
989 1741 1016 1798 k.
1042 1740 1248 1799 Rcicbsurclrir
1270 1759 1304 1797 za
1327 1740 1467 1799 stautai
1493 1742 1560 1810 (A).

656 1882 843 1941 Meicloelbeck
866 1882 945 1941 Hist.
972 1883 1102 1957 Frisiap.
1128 1884 1364 1953 1⁰,199ama
1389 1903 1430 1930 =
1455 1882 1545 1942 Rcsch
1565 1884 1640 1942 Aua.
1663 1883 1778 1943 Sabiou.
1803 1887 1832 1954 3,
1848 1886 1909 1943 706
1931 1888 1964 1943 n⁰
1983 1887 2037 1943 76.
2065 1914 2113 1922 --
2135 1883 2211 1942 Mon.
2230 1906 2249 1942 u
2331 1950 2332 1961 2

656 1990 750 2049 ema
772 1992 840 2059 2s0,
864 1991 920 2048 311
943 1992 976 2047 πο
997 1992 1061 2051 202
1090 2008 1143 2048 aa
1165 1990 1201 2048 A.
1233 2019 1277 2027 -
1306 1990 1452 2048 vitame.
1482 1990 1545 2049 us.
1572 1993 1599 2060 1,
1622 1992 1685 2049 aas
1708 1994 1739 2048 ‚a
1761 1994 1823 2050 203
1852 2010 1905 2050 aas
1933 1993 1972 2050 n.
2009 2022 2059 2029 -
2090 1991 2214 2049 samer

655 2097 727 2172 Ray.
747 2098 814 2157 940.
839 2126 883 2134 -
907 2095 1031 2169 Stumpf
1049 2096 1119 2171 Rep.
1141 2098 1227 2156 1364.

2331 2280 2332 2325 l

656 2238 722 2298 Dus
744 2239 1036 2313 Eiupuaqsprotokoll
1060 2240 1117 2297 aad
1139 2240 1186 2297 dic
1208 2245 1297 2297 erstm
1321 2240 1418 2299 Wortc
1440 2241 1489 2299 des
1513 2239 1662 2299 Contestes
1684 2241 1728 2298 bis
1750 2243 1966 2299 interventum
1999 2241 2120 2299 schrieb
2141 2238 2212 2307 ER:

654 2348 709 2406 deu
737 2366 843 2421 ponzen
873 2347 990 2420 sibiipsa
1016 2345 1137 2404 Contart
1167 2348 1247 2420 style
1270 2346 1325 2403 ΕΑ
1357 2347 1427 2405 aaut
1450 2348 1570 2419 ciperem
1593 2346 1695 2405 Dictat
1718 2348 1821 2413 hincm·
1850 2348 2028 2407 schliesslicd
2061 2345 2210 2407 rotundae

655 2455 715 2513 ΕΒ
736 2455 790 2512 dos
811 2452 933 2527 mptum
955 2453 1044 2512 durch
1069 2453 1252 2526 Eintraquap
1273 2453 1322 2511 des
1344 2453 1551 2512 Eschatokolls.
1598 2454 1658 2511 mn
1681 2454 1824 2528 Blanqaet
1846 2456 1894 2513 des
1915 2454 1978 2513 ΕΒ
2006 2453 2208 2520 aazaaelrmm,
2223 2470 2243 2509 u
2331 2530 2332 2533 Ἴ

583 2574 585 2577 ·
654 2562 709 2621 aas
736 2580 791 2620 ton
814 2560 870 2618 m
900 2560 1057 2634 superus
1086 2568 1173 2627 aare,
1203 2560 1242 2617 m
1270 2560 1342 2617 aas
1372 2560 1697 2630 nemausensem
1725 2561 1790 2619 san
1820 2561 1923 2620 esim
1951 2562 2138 2621 zomata.
2168 2586 2207 2596 -
2331 2536 2332 2563 ¹

655 2670 777 2737 Navoa,
801 2668 855 2726 dus
876 2672 954 2726 suast
976 2669 1036 2737 aas
1054 2666 1221 2740 Larymna,
1248 2666 1282 2724 0.
1300 2668 1336 2725 A.
1357 2667 1432 2737 mm,
1454 2667 1580 2741 pertentet
1602 2668 1687 2735 urird,
1710 2669 1749 2726 ist
1771 2669 1844 2726 auch
1866 2668 2026 2727 Boamoaa
2055 2666 2204 2734 (Zeitsrlr.

655 2777 704 2835 des
726 2776 791 2834 bist.
815 2774 931 2833 Vereins
954 2775 978 2844 f.
1003 2771 1154 2831 Schuubcu
1180 2773 1238 2830 stud
1261 2773 1581 2847 Neuburq2,174f.)
1605 2775 1741 2832 idattssrl
1766 2775 1819 2832 ruit
1840 2775 1892 2833 deu
1915 2776 2082 2833 remissam
2108 2778 2205 2833 eastra

655 2884 782 2941 Navoae
812 2901 850 2940 ua
879 2882 932 2939 der
958 2879 1044 2939 Stella
1072 2880 1121 2937 des
1154 2880 1283 2953 hauipcn
1316 2879 1399 2938 Ortes
1428 2879 1600 2953 quruthul,
1630 2881 1684 2939 ΒΖ.
1699 2882 1734 2939 A.
1764 2881 1963 2952 Koufbcuren.
2023 2881 2092 2940 Der
2121 2879 2203 2937 Forat

656 2991 813 3048 Vtinhard
836 2989 875 3047 ist
897 2987 972 3047 wohl
994 2987 1046 3045 dar
1068 2986 1252 3044 tramittelbar
1275 2987 1318 3045 bei
1340 2986 1457 3059 Rodiup
1478 2988 1603 3060 pelagicus
1631 2987 1717 3045 Wuld
1739 2987 1924 3047 discalciat.
2217 3000 2238 3041 a

656 3166 715 3238 (C.)
742 3156 759 3247 ξ
788 3158 828 3222 In
850 3158 981 3222 nomine
1006 3166 1138 3219 sanctae
1163 3164 1196 3218 et
1217 3154 1406 3218 individuae
1430 3155 1593 3218 trinitatis.
1646 3156 1822 3221 Heinricus
1846 3156 1958 3221 divina
1980 3158 2121 3222 favente
2145 3151 2202 3218 cle·

547 3267 670 3331 mentia
692 3289 762 3330 rex.
870 3264 991 3328 Notum
1019 3264 1061 3326 sit
1085 3260 1234 3325 omnibus
1257 3259 1408 3324 fidelibus
1437 3263 1554 3325 nostris
1578 3262 1805 3348 praesentibus
1829 3264 1954 3328 scilicet
1976 3263 1994 3353 ᾗ
2020 3277 2056 3329 et
2079 3260 2200 3327 futuris.

548 3373 688 3460 qualiter
719 3395 778 3436 nos
811 3394 870 3458 per
902 3373 1120 3434 interventum
1152 3367 1332 3431 venerandi
1364 3368 1583 3454 Frisingensis
1616 3368 1775 3433 ccclesiae
1809 3370 1947 3457 presulis
1980 3364 2200 3435 Godescalchi

549 3479 713 3567 quandam
737 3502 810 3543 cum
834 3501 873 3543 eo
897 3475 1080 3541 concambii
1109 3474 1294 3539 firmitatem
1322 3475 1458 3538 fecimus
1482 3486 1514 3539 et
1536 3475 1651 3539 litteris
1676 3474 1718 3540 ob
1741 3478 1928 3541 memoriam
1958 3477 2114 3542 mandari
2141 3475 2198 3536 ius·

549 3589 658 3651 simus.
712 3585 862 3650 Tradidit
891 3586 991 3669 igitur
1021 3582 1186 3669 praefatus
1217 3583 1390 3667 episcopus
1422 3579 1666 3646 Godescalchus
1697 3596 1729 3646 et
1758 3583 1852 3648 nobis
1882 3584 2069 3648 secuudum
2099 3582 2197 3665 legem
2212 3601 2232 3640 a

547 3694 803 3759 Alamannorum
831 3693 968 3756 firmiter
996 3689 1119 3775 legavit
1148 3690 1218 3752 iure
1246 3700 1402 3774 perpetuo
1427 3688 1590 3774 quandam
1614 3712 1693 3753 suae
1717 3692 1895 3755 aecclesiae
1919 3703 2047 3756 cortem
2071 3693 2106 3754 in
2129 3685 2195 3751 Ale·

545 3802 700 3865 mannia⁸
734 3824 819 3887 pago
850 3799 957 3863 Duria
989 3810 1022 3860 et
1057 3797 1091 3859 in
1123 3796 1279 3859 comitatu
1308 3794 1494 3880 Manegoldi
1526 3796 1653 3859 comitis
1686 3797 1781 3861 sitam
1814 3799 1943 3862 nomine
1973 3798 2095 3862 Navua
2128 3812 2194 3858 cum

546 3908 696 3973 omnibus
719 3905 912 3971 utilitatibus
936 3902 1140 3990 appendiciis
1164 3902 1335 3988 mancipiis
1359 3912 1391 3965 ct
1414 3903 1618 3987 pertinentiis
1642 3905 1719 3985 suis,
1744 3905 1971 3991 quoquomodo
1992 3905 2109 3971 vocari
2132 3901 2193 3963 sive

545 4017 684 4080 inveniri
708 4015 843 4101 possint,
869 4014 939 4075 sine
964 4034 1024 4073 sua
1047 4030 1243 4094 suorumque
1267 4031 1491 4072 successorum
1515 4009 1685 4074 molestiab
1708 4010 1818 4098 aliqua
1842 4012 2049 4077 retinendam
2073 4021 2106 4075 et
2127 4007 2191 4089 lege

546 4123 753 4208 proprietatis
777 4144 836 4207 pro
859 4130 969 4183 nostro
993 4115 1088 4179 libitu
1110 4114 1352 4202 possidendam.
1397 4114 1552 4217 Econtra,
1584 4117 1667 4181 sicut
1697 4119 1862 4203 praefatus
1890 4120 2068 4206 episcopus
2091 4126 2191 4204 postu·
2207 4131 2228 4171 ³⁰

545 4230 635 4311 lavit,
666 4252 725 4314 pro
755 4225 947 4312 compendio
974 4246 1032 4287 suo
1062 4236 1094 4286 et
1125 4222 1186 4307 loci
1210 4223 1378 4285 vicinitate
1403 4222 1561 4308 quasdam
1591 4236 1719 4288 nostrae
1751 4227 1958 4312 proprietatis
1982 4227 2080 4291 villas
2108 4225 2190 4286 iuxta

545 4335 681 4399 fluvium
703 4336 829 4421 Regino
854 4334 932 4396 sitas
963 4329 1024 4394 sibi
1056 4352 1114 4417 sue
1144 4328 1301 4416 ecclesiae
1332 4330 1463 4414 suisque
1494 4329 1737 4393 successoribus
1768 4332 1960 4396 tradidimus
1984 4346 2017 4397 et
2049 4354 2108 4420 per
2136 4327 2190 4390 hoc

546 4442 656 4528 regale
691 4452 901 4528 pracceptum
938 4436 1121 4502 confirmari
1158 4447 1314 4521 perpetuo
1349 4436 1517 4514 iussimus,
1552 4436 1586 4500 id
1622 4448 1671 4500 est
1705 4437 1851 4524 Rotegac
1887 4450 2003 4522 totam,
2041 4427 2189 4527 quicquid

546 4550 719 4635 llegingoz
750 4548 796 4612 ibi
823 4548 857 4610 in
881 4545 1060 4609 ministerio
1084 4543 1174 4605 visus
1198 4555 1247 4605 est
1271 4540 1428 4623 obtinere,
1453 4554 1592 4629 excepta
1615 4566 1680 4606 una
1703 4544 1865 4609 forestarii
1889 4545 1975 4610 hoba
1998 4570 2096 4634 quam
2120 4539 2187 4605 olim

546 4654 807 4721 Rovdalbertusd
829 4651 985 4739 possedit,
1010 4649 1167 4713 addentes
1188 4648 1294 4712 eidem
1316 4648 1413 4712 villae
1439 4648 1553 4713 silvam
1577 4651 1728 4714 nomine⁰
1748 4650 1943 4735 Vtinhnrdr,
1968 4640 2185 4731 'l'iechelingof
2201 4659 2222 4702 ’Β

546 4787 675 4851 quoque
703 4773 814 4843 totam,
845 4768 985 4845 excepta
1015 4754 1101 4820 boba
1131 4755 1262 4842 propria
1285 4754 1482 4841 blegingozi,
1514 4756 1675 4842 quomodo
1699 4779 1772 4821 eam
1802 4757 1865 4821 sibi
1887 4770 2034 4845 tempore
2059 4760 2184 4823 ducatus

545 4872 647 4935 nostri
677 4869 880 4945 tradidimus,
912 4865 1101 4949 Oimizinga
1125 4864 1223 4926 etiarn
1246 4872 1356 4943 totam,
1385 4885 1459 4925 cum
1483 4863 1616 4949 reliquis
1640 4863 1839 4927 earundem⁸
1863 4865 2013 4930 villarum
2038 4859 2184 4951 legalibus

546 4979 750 5065 pertinentiis
781 4989 813 5039 ct
841 4971 1034 5037 utilitatibus
1064 4967 1239 5034 mobilibus
1270 4980 1302 5033 et
1331 4968 1550 5033 immobilibus
1581 4970 1683 5032 servis
1708 4985 1739 5033 et
1770 4971 1895 5035 ancillis
1924 4975 2008 5037 areis
2037 4964 2182 5038 aedificiis

546 5087 640 5149 terris
664 5083 759 5148 cultis
784 5096 816 5146 ct
839 5079 968 5144 incultis
991 5077 1093 5163 pratis
1117 5076 1248 5162 pascuis
1272 5075 1497 5139 communibus
1526 5076 1615 5140 silvis
1640 5079 1733 5162 aquis
1756 5101 1978 5166 aquarumque
2004 5071 2182 5145 decursibus

545 5191 740 5257 molendinis
770 5184 1005 5275 piscationibus
1029 5185 1091 5247 viis
1118 5194 1150 5246 et
1173 5184 1270 5245 inviis
1295 5182 1436 5246 exitibus
1461 5196 1493 5246 et
1516 5181 1674 5247 reditibus
1698 5187 1832 5274 quesitis
1857 5198 1889 5249 et
1911 5186 2110 5273 inquirendis
2131 5195 2180 5239 seu
2195 5190 2216 5229 ιο
2329 5252 2330 5263 ἵ

546 5298 696 5363 omnibus
726 5294 885 5380 legalibus
916 5291 1129 5378 pertiuentiis
1162 5312 1200 5352 eo
1224 5301 1334 5352 tenore
1363 5291 1515 5375 (pristinus
1546 5291 1711 5376 praefatus
1741 5294 1914 5378 episcopus
1939 5286 2179 5358 Godcscalchufl-
2329 5278 2330 5281 ¹

635 5509 681 5566 54.
707 5514 732 5575 e)
751 5523 779 5563 11.
797 5507 852 5561 kal.
871 5506 930 5558 iulii
948 5505 1150 5569 nocbqetroqeu.

635 5600 682 5655 ὃὸ.
709 5597 855 5668 [Bresslau]
911 5606 936 5657 a)
955 5595 1091 5646 duslatrte
1109 5608 1125 5643 a
1143 5593 1301 5656 uufRusnr
1372 5592 1401 5658 b)
1417 5593 1621 5644 donocbkleine
1634 5593 1727 5643 Rosur
1796 5594 1821 5663 c)
1840 5595 2027 5650 teoraauad
2096 5590 2120 5649 dt
2135 5584 2178 5636 dat

707 5674 776 5722 vict
796 5672 823 5720 in
843 5670 894 5719 dua
912 5686 928 5717 o
947 5667 1149 5729 hineinpezoyen
1232 5667 1256 5729 e)
1276 5664 1399 5715 vielleicht
1418 5680 1476 5714 war
1492 5670 1581 5715 coast
1600 5681 1680 5716 nome
1698 5666 1861 5730 pembrieben
1940 5666 2014 5733 qm
2033 5666 2086 5731 auf
2098 5658 2177 5714 Ram

706 5742 734 5810 g)
753 5758 797 5791 am
817 5757 832 5791 r
848 5756 918 5792 corr.
2189 5728 2211 5769 ⁴⁶
