4836 6492
535 444 600 506 568
1129 447 1594 505 KAISERL'RKUNDEN.

534 637 694 701 aecclesia
724 636 896 700 voluerunt
926 636 1080 717 alienare,
1112 659 1172 721 per
1200 637 1432 722 proprietatem
1463 635 1696 721 perpetualiter
1724 634 1855 711 habeat;
1890 648 1922 700 et
1947 635 2120 722 quiequid‘
2144 635 2183 701 de

533 743 627 808 bouis
651 766 762 807 eornm
786 744 828 807 ad
852 756 996 807 nostrum
1020 744 1070 807 ius
1094 742 1274 807 dinoscitur
1296 744 1469 828 pertinere,
1501 744 1610 829 sepius
1640 743 1839 806 nominatam
1869 741 2061 807 aecclesiam
2086 756 2185 807 totum

533 851 664 937 proprie
688 852 903 937 permittimus
926 848 1059 914 habere.
1106 849 1150 913 Et
1179 860 1215 913 nt
1245 849 1326 913 haec
1350 861 1480 913 nostrae
1505 851 1705 914 auctoritatis
1729 851 1848 935 longina
1873 848 1997 913 stabilis
2021 862 2053 914 et
2077 851 2184 914 incon·

532 957 626 1021 vulsa
650 959 736 1021 omni
760 969 949 1043 permaneat
973 980 1065 1039 aero,
1097 980 1170 1021 eam
1200 980 1299 1021 rnanu
1328 957 1462 1043 propria
1491 955 1682 1021 roborantes
1714 956 1810 1041 sigilli
1842 957 1943 1020 nostri
1973 958 2184 1043 impressione

533 1066 685 1128 iussimus
708 1066 868 1150 insigniri.
2201 1084 2214 1124 a

639 1205 657 1295 ᾗ
681 1208 817 1291 Signum
841 1206 950 1270 domni
974 1206 1123 1270 Heinriei
1147 1206 1366 1273 Rornanorum
1389 1206 1595 1270 invictissimi
1615 1206 1685 1292 (M.)
1704 1207 1908 1293 imperatoris
1933 1203 2106 1294 augusti.{

639 1346 656 1437 ξ
680 1349 880 1414 Guntberius
905 1348 1118 1413 cancellarius
1141 1349 1215 1412 vice
1239 1346 1472 1412 Erchembaldi
1495 1349 1734 1435 archiepiscopi
1757 1346 1992 1437 recognovit}
2068 1356 2123 1417 tSI.
2142 1354 2183 1421 3.)

639 1491 727 1556 Data
743 1515 828 1556 anno
847 1491 889 1556 ab
908 1492 1132 1556 incarnatione
1152 1491 1274 1555 domini
1293 1490 1464 1554 millesimo
1483 1479 1529 1554 iffi
1545 1480 1568 1561 i,
1592 1489 1770 1555 indictione
1789 1474 1854 1559 llll.
1872 1513 1957 1554 anno
1977 1513 2055 1555 vero
2074 1490 2184 1555 domni

532 1598 680 1663 Heinrici
704 1600 924 1664 Romanorum
947 1599 1152 1686 imperatoris
1183 1598 1311 1683 augusti
1337 1598 1472 1661 secundi
1496 1599 1662 1683 regnantis
1681 1587 1737 1679 llll,
1762 1599 1952 1684 imperantis
1976 1610 2084 1662 autem
2102 1612 2183 1661 vm:

533 1716 640 1769 actum
660 1706 740 1770 vn.‘¹
762 1706 806 1770 id.
831 1729 905 1792 aug.
931 1705 1124 1789 Coloniaed3
1153 1704 1292 1769 feliciter
1316 1726 1421 1768 amen.
2202 1724 2227 1764 ro

1309 2004 1404 2091 446.

531 2167 711 2241 Heinrich
743 2166 888 2241 sebertlrt
919 2167 1000 2241 dem
1026 2165 1319 2241 Nonneulcloster
1352 2167 1414 2240 dea
1447 2167 1482 2240 b.
1509 2167 1645 2259 Petrus,
1679 2179 1845 2268 perannat
1868 2165 2112 2257 Dietlrr'rcben,
2143 2169 2185 2241 in

531 2287 597 2361 der
622 2286 793 2362 Vorstadt
808 2313 882 2361 von
903 2286 1015 2361 Boon
1035 2288 1115 2360 eine
1135 2286 1328 2387 Basitzanp
1349 2313 1394 2360 zu
1413 2286 1554 2378 Bieber,
1578 2286 1694 2360 dicer
1713 2288 1845 2361 sanun
1867 2288 1957 2360 Arzt
1972 2286 2186 2361 Lauda-ich

527 2405 717 2508 peacbcnlct
741 2406 837 2481 batte
861 2403 943 2481 aod
966 2433 1039 2480 von
1065 2404 1190 2480 dassen
1215 2405 1341 2480 Witwe
1366 2405 1687 2480 zuritclrerauorben
1712 2406 1785 2481 bct.

1712 2552 1830 2613 coelem
1854 2555 1931 2612 1021
1955 2556 2066 2629 Arrpust
2090 2555 2137 2613 10.
2204 2569 2228 2609 u

640 2679 884 2755 Oripiouldiplom
906 2680 948 2738 im
969 2679 997 2738 lc.
1021 2677 1221 2739 Stuutsarclziv
1243 2697 1276 2737 zu
1300 2677 1482 2751 Dttsseldorf
1501 2678 1572 2745 (A).

639 2812 770 2872 Giinther
787 2813 1034 2888 Topoprapbiacbe
1051 2812 1150 2871 Gesclr.
1170 2812 1223 2872 der
1238 2810 1324 2872 staur
1344 2811 1462 2871 Cabum
1486 2810 1620 2878 (Cobleuz
1636 2813 1729 2879 1813)
1754 2813 1793 2870 17
1811 2811 1882 2886 naq.
1903 2840 1946 2850 -
1971 2811 2103 2871 Giinther
2119 2811 2184 2871 (Ἰ).

637 2920 876 2980 RhenoMosell.
898 2922 926 2992 1,
944 2922 1004 2981 106
1025 2923 1059 2979 u⁰
1079 2921 1121 2980 40
1149 2938 1202 2980 aus
1224 2921 1260 2978 A.
1285 2948 1329 2958 -
1359 2919 1516 2978 Fuerimile
1544 2920 1574 2977 in
1606 2918 1863 2977 Kaiserurlmnden
1894 2920 1923 2977 in
1953 2919 2025 2977 Aac.
2050 2918 2130 2991 Dies.
2154 2921 2184 2989 4,

641 3027 710 3098 Tus.
728 3027 775 3086 14.
803 3056 843 3065 -
869 3027 946 3087 Gdrz
969 3026 1356 3102 Mittelrnein.1te9.1219.
1381 3054 1424 3066 -
1447 3026 1575 3085 Bb‘lrnter
1597 3025 1668 3100 ch.
1686 3027 1774 3084 1213.
1799 3054 1843 3063 -
1866 3024 1989 3099 Stumpf
2003 3025 2076 3101 Rep.
2094 3028 2182 3085 1765.

641 3160 774 3232 Versusst
796 3161 856 3220 und
877 3161 1054 3237 pescbrieben
1077 3179 1131 3220 von
1157 3160 1222 3220 GE.
2202 3173 2228 3214 ¹⁰

638 3318 695 3403 (C.)
719 3317 736 3408 ξ
758 3320 799 3384 In
822 3322 951 3385 nominc
976 3331 1108 3386 sanctae
1133 3332 1166 3386 et
1188 3319 1377 3385 individuae
1401 3320 1564 3384 trinitatis.
1610 3320 1786 3384 Heinrieus
1817 3320 1929 3383 divina
1957 3320 2088 3385 favente
2120 3319 2184 3386 cle·

529 3426 652 3490 mentia
674 3427 893 3491 Romanorum
916 3429 1092 3514 imperator
1115 3438 1283 3514 augustus.
1393 3426 1428 3491 Si
1451 3428 1662 3491 necessitates
1686 3425 1946 3491 aecclesiasticas
1969 3440 2079 3492 nostro
2102 3426 2183 3492 rele-

531 3544 645 3596 vantes
668 3530 685 3621 ᾔ
707 3534 873 3597 iuvamine
903 3532 983 3598 loeis
1016 3533 1076 3598 deo
1108 3533 1224 3599 dicatis
1249 3533 1404 3621 quiddam
1435 3534 1632 3599 conferimus
1657 3531 1819 3613 beneficii,
1849 3532 1950 3598 idad
1973 3534 2127 3599 honorem
2152 3546 2185 3599 et

530 3638 741 3704 stabilitatem
763 3641 857 3725 regni
880 3642 983 3705 nostri
1006 3642 1126 3706 scimus
1150 3640 1372 3727 temporaliter
1393 3640 1552 3727 proficere
1583 3652 1615 3704 et
1644 3641 1772 3705 animae
1795 3652 1926 3705 nostrae
1949 3640 2045 3706 saluti
2069 3664 2183 3728 perpe-

529 3747 661 3811 tualiter
684 3747 863 3812 consulere.
910 3747 1052 3813 Proinde
1076 3749 1220 3813 omnium
1244 3746 1365 3812 Christi
1387 3758 1635 3833 nostrorumque
1658 3745 1803 3811 fidelium
1826 3749 1954 3812 noverit
1976 3749 2183 3829 universitas,
2202 3770 2228 3810 aa

530 3854 671 3941 qualiter
699 3878 759 3919 nos
788 3878 847 3941 pro
878 3855 1022 3921 remedio
1058 3857 1187 3920 animae
1222 3866 1351 3919 nostrae
1387 3853 1591 3940 dilectaeque
1626 3855 1773 3940 coniugis
1806 3865 1937 3919 nostrae
1967 3853 2183 3942 Ornigvndae

528 3960 685 4026 videlieet
713 3963 930 4049 imperatricis
960 3973 1117 4048 augustae
1148 3962 1213 4026 tole
1243 3960 1403 4048 predium,
1435 3960 1529 4047 quale
1552 3960 1737 4026 Landen'co
1762 3960 1892 4026 cuidam
1922 3974 2031 4027 nostro
2054 3961 2183 4027 medico

530 4067 680 4134 dedimus
704 4080 737 4133 et
759 4081 833 4155 post
856 4070 925 4133 eius
948 4079 1085 4134 mortem
1108 4092 1129 4133 a
1146 4068 1247 4133 vidua
1266 4090 1326 4132 sua
1343 4069 1652 4153 recomparam'mus‚
1677 4069 1774 4132 situm
1792 4069 1827 4132 in
1845 4067 1923 4132 villa
1942 4091 2027 4155 quae
2047 4080 2185 4134 vocatur

529 4176 651 4240 Bivera
669 4177 703 4239 in
722 4198 807 4262 pago
825 4176 1074 4262 Engiresgovve
1094 4177 1129 4239 in
1148 4176 1303 4240 comitatu
1318 4173 1454 4256 Ellonis,
1472 4173 1725 4260 suffragantibus
1744 4176 1867 4239 meritis
1887 4198 1925 4240 ac
1944 4175 2183 4262 peticionibus⁸

528 4282 747 4347 Bertsvindae
777 4281 984 4347 abbatissaeb
1015 4281 1056 4346 de
1087 4283 1283 4347 monasterio
1314 4282 1420 4345 saneti
1449 4281 1539 4345 Petri
1569 4281 1812 4346 Thietkiricha⁰
1844 4281 1931 4346 dicto
1963 4283 1998 4346 in
2026 4281 2182 4348 suburbio
2200 4303 2228 4343 ro

528 4390 667 4454 annae
691 4391 763 4474 sito,
794 4388 838 4454 ad
860 4389 962 4454 altare
986 4389 1125 4476 predicti
1156 4390 1260 4452 saneti
1283 4389 1373 4453 Petri
1396 4388 1533 4474 apostoli
1562 4388 1597 4451 in
1619 4411 1696 4452 usus
1720 4388 1951 4453 monacharum
1975 4387 2036 4453 deo
2060 4388 2183 4454 ibidem

530 4495 592 4560 sub
616 4496 729 4582 regula
752 4497 857 4561 sancti
880 4495 1053 4561 Benedicti
1078 4496 1289 4560 servientium
1313 4517 1386 4560 cum
1409 4495 1497 4559 omni
1519 4494 1667 4575 utilitate,
1698 4518 1783 4582 quae
1806 4495 1859 4559 rel
1882 4493 1983 4560 scribi
2005 4494 2059 4560 vel
2081 4497 2182 4561 nomi·

529 4606 602 4669 nari
627 4614 742 4689 potest,
766 4602 924 4689 largimur
946 4603 1105 4667 donamus
1130 4612 1162 4666 et
1186 4602 1226 4667 de
1249 4612 1359 4666 nostro
1383 4602 1453 4666 iure
1472 4602 1507 4665 in
1526 4602 1658 4666 earum(1
1675 4603 1726 4666 ius
1744 4602 1978 4689 perpetualiter
1996 4600 2181 4667 habendum

530 4712 662 4776 omnino
684 4710 956 4774 tranfundimus0.
1003 4709 1047 4773 Et
1076 4719 1112 4773 ut
1141 4708 1223 4772 haec
1253 4720 1365 4772 nostra
1394 4709 1570 4773 auctoritas
1600 4707 1724 4774 stabilis
1753 4720 1953 4796 permaneat,
1985 4732 2057 4775 earn
2085 4732 2182 4774 marm

529 4819 664 4906 propria
686 4816 877 4882 roborantes
901 4815 999 4903 sigilli
1022 4816 1124 4880 nostri
1147 4816 1360 4901 impressione
1384 4816 1535 4880 iussimus
1558 4816 1717 4903 insigniri.
2200 4836 2227 4876 as

637 5099 655 5190 ff
679 5101 879 5167 Guntherius
903 5100 1115 5166 cancellarius
1138 5102 1212 5167 vice
1237 5099 1468 5166 Erchembaldi
1492 5101 1730 5188 archiepiscopi
1753 5102 1987 5192 recognoscat
2066 5107 2121 5191 (sl.
2140 5106 2181 5187 3.)

637 5245 727 5310 Data
745 5267 831 5309 anno
851 5243 892 5309 ab
912 5246 1136 5309 incarnatione
1156 5244 1279 5309 domini
1298 5242 1468 5309 millesima
1484 5232 1531 5308 ffi
1546 5232 1569 5327 i,
1589 5242 1766 5310 indictione
1782 5228 1849 5327 dir,
1868 5268 1954 5311 anno
1973 5269 2051 5312 vero
2072 5247 2180 5312 domni

530 5353 678 5418 Heinriei
702 5353 922 5417 Romanorum
945 5353 1150 5438 imperatoris
1173 5353 1304 5437 augusti
1327 5350 1463 5415 secundi
1486 5353 1652 5438 regnantis
1671 5339 1727 5435 llll,
1758 5354 1948 5440 imperantis
1971 5364 2079 5419 autern
2099 5340 2179 5435 vl⁰n3

530 5470 639 5525 actum
657 5442 715 5526 llll
738 5459 781 5524 id.
804 5482 878 5547 aug.
899 5458 1138 5541 Confluentiae3
1167 5458 1306 5523 feliciter
1328 5481 1433 5523 amen.
1631 5454 1634 5461 ’
2196 5477 2225 5515 nr

601 5654 665 5711 ⁴145.
690 5656 717 5723 c)
736 5652 838 5725 quich
850 5656 876 5707 A
947 5652 977 5719 dt
994 5661 1044 5706 Vll.
1058 5684 1091 5693 -
1105 5652 1236 5708 Coloniae
1254 5654 1474 5707 scabrecbeinlr'cb
1493 5657 1522 5706 in
1540 5655 1628 5719 dufur
1644 5657 1778 5723 petuam
1794 5656 1884 5709 Lrlclre
1901 5656 2104 5724 occuparem.

601 5742 666 5799 446.
690 5744 834 5813 [Bresalau]
872 5746 899 5811 a)
919 5748 932 5796 t
950 5743 1076 5796 volutem
1093 5759 1163 5798 com:
1181 5760 1233 5795 uua
1252 5759 1267 5796 c
1325 5742 1355 5809 b)
1375 5744 1502 5796 amanter
1519 5760 1551 5797 ac
1568 5745 1723 5798 cumadmrt
1784 5748 1810 5811 c)
1830 5743 1860 5799 K
1877 5762 1947 5801 corr.
1965 5762 2017 5798 oua
2035 5744 2061 5800 R
2115 5745 2144 5811 d)
2164 5762 2180 5798 a

690 5832 760 5870 corr.
778 5832 830 5868 arta
848 5831 865 5868 ο
938 5815 965 5883 e)
984 5816 1027 5876 1,·
1044 5815 1171 5868 metuar
1188 5814 1236 5867 der·
1253 5814 1317 5866 Καὶ
1334 5815 1382 5866 der·
1399 5815 1473 5867 Zeila
1490 5815 1542 5868 laer
1558 5816 1683 5883 peluem
