<?xml version="1.0" encoding="UTF-8"?>
<!DOCTYPE html PUBLIC "-//W3C//DTD XHTML 1.0 Transitional//EN"
    "http://www.w3.org/TR/xhtml1/DTD/xhtml1-transitional.dtd">
<html xmlns="http://www.w3.org/1999/xhtml" xml:lang="en" lang="en">
 <head>
  <title>
</title>
<meta http-equiv="Content-Type" content="text/html;charset=utf-8" />
  <meta name='ocr-system' content='tesseract 3.04.00' />
  <meta name='ocr-capabilities' content='ocr_page ocr_carea ocr_par ocr_line ocrx_word'/>
</head>
<body>
  <div class='ocr_page' id='page_1' title='image "./monumentagerman01gescgoog_0507.png"; bbox 0 0 4798 6486; ppageno 0'>
   <div class='ocr_carea' id='block_1_1' title="bbox 1146 409 1608 467">
    <p class='ocr_par' dir='ltr' id='par_1_1' title="bbox 1146 409 1608 467">
     <span class='ocr_line' id='line_1_1' title="bbox 1146 409 1608 467; baseline 0.006 -4"><span class='ocrx_word' id='word_1_1' title='bbox 1146 409 1608 467; x_wconf 81' lang='lat' dir='ltr'><strong>KAISERURKUNDEN.</strong></span> 
     </span>
    </p>
   </div>
   <div class='ocr_carea' id='block_1_2' title="bbox 643 606 2245 1961">
    <p class='ocr_par' dir='ltr' id='par_1_2' title="bbox 643 606 2245 1961">
     <span class='ocr_line' id='line_1_2' title="bbox 646 606 2207 680; baseline 0.003 -16"><span class='ocrx_word' id='word_1_2' title='bbox 646 606 753 664; x_wconf 79' lang='lat' dir='ltr'><strong>weihen</strong></span> <span class='ocrx_word' id='word_1_3' title='bbox 775 623 811 664; x_wconf 75' lang='lat' dir='ltr'><strong>zu</strong></span> <span class='ocrx_word' id='word_1_4' title='bbox 833 606 936 676; x_wconf 68' lang='lat' dir='ltr'><strong>tossen</strong></span> <span class='ocrx_word' id='word_1_5' title='bbox 958 623 990 665; x_wconf 84' lang='lat' dir='ltr'><strong>so</strong></span> <span class='ocrx_word' id='word_1_6' title='bbox 1012 606 1053 664; x_wconf 81' lang='lat' dir='ltr'><strong>iat</strong></span> <span class='ocrx_word' id='word_1_7' title='bbox 1074 623 1103 665; x_wconf 83' lang='lat' dir='ltr'><strong>es</strong></span> <span class='ocrx_word' id='word_1_8' title='bbox 1125 623 1225 665; x_wconf 79' lang='lat' dir='ltr'><strong>ausser</strong></span> <span class='ocrx_word' id='word_1_9' title='bbox 1247 607 1278 664; x_wconf 82' lang='lat' dir='ltr'><strong>ir</strong></span> <span class='ocrx_word' id='word_1_10' title='bbox 1301 606 1354 665; x_wconf 82' lang='lat' dir='ltr'><strong>den</strong></span> <span class='ocrx_word' id='word_1_11' title='bbox 1373 606 1441 664; x_wconf 81' lang='lat' dir='ltr'><strong>oben</strong></span> <span class='ocrx_word' id='word_1_12' title='bbox 1460 608 1650 680; x_wconf 71' lang='lat' dir='ltr'><strong>anqefibrten</strong></span> <span class='ocrx_word' id='word_1_13' title='bbox 1669 607 1824 666; x_wconf 67' lang='lat' dir='ltr'><strong>ariorici</strong></span> <span class='ocrx_word' id='word_1_14' title='bbox 1840 607 2057 668; x_wconf 71' lang='lat' dir='ltr'><strong>Heinriebsll.</strong></span> <span class='ocrx_word' id='word_1_15' title='bbox 2078 610 2154 669; x_wconf 73' lang='lat' dir='ltr'><strong>areb</strong></span> <span class='ocrx_word' id='word_1_16' title='bbox 2171 610 2207 668; x_wconf 77' lang='lat' dir='ltr'><strong>ir</strong></span> 
     </span>
     <span class='ocr_line' id='line_1_3' title="bbox 647 711 2203 790; baseline 0.003 -20"><span class='ocrx_word' id='word_1_17' title='bbox 647 711 961 787; x_wconf 72' lang='lat' dir='ltr'><strong>StrtnmfReq.1779</strong></span> <span class='ocrx_word' id='word_1_18' title='bbox 990 714 1045 783; x_wconf 75' lang='lat' dir='ltr'><strong>sur</strong></span> <span class='ocrx_word' id='word_1_19' title='bbox 1066 712 1191 783; x_wconf 76' lang='lat' dir='ltr'><strong>Bisoreo</strong></span> <span class='ocrx_word' id='word_1_20' title='bbox 1220 713 1281 770; x_wconf 83' lang='lat' dir='ltr'><strong>und</strong></span> <span class='ocrx_word' id='word_1_21' title='bbox 1309 712 1341 770; x_wconf 84' lang='lat' dir='ltr'><strong>in</strong></span> <span class='ocrx_word' id='word_1_22' title='bbox 1370 713 1547 772; x_wconf 80' lang='lat' dir='ltr'><strong>reblreicbea</strong></span> <span class='ocrx_word' id='word_1_23' title='bbox 1577 713 1820 787; x_wconf 78' lang='lat' dir='ltr'><strong>Papstarlarnden</strong></span> <span class='ocrx_word' id='word_1_24' title='bbox 1851 715 1921 789; x_wconf 76' lang='lat' dir='ltr'><strong>(syl.</strong></span> <span class='ocrx_word' id='word_1_25' title='bbox 1945 734 1974 773; x_wconf 83' lang='lat' dir='ltr'><strong>u.</strong></span> <span class='ocrx_word' id='word_1_26' title='bbox 1998 733 2026 774; x_wconf 86' lang='lat' dir='ltr'><strong>e.</strong></span> <span class='ocrx_word' id='word_1_27' title='bbox 2052 714 2203 790; x_wconf 77' lang='lat' dir='ltr'><strong>Jaffe-L.</strong></span> 
     </span>
     <span class='ocr_line' id='line_1_4' title="bbox 646 818 2206 897; baseline 0.002 -19"><span class='ocrx_word' id='word_1_28' title='bbox 646 818 717 893; x_wconf 73' lang='lat' dir='ltr'><strong>Rep.</strong></span> <span class='ocrx_word' id='word_1_29' title='bbox 731 819 820 879; x_wconf 83' lang='lat'><strong>3950.</strong></span> <span class='ocrx_word' id='word_1_30' title='bbox 837 818 925 877; x_wconf 76' lang='lat'><strong>3974.</strong></span> <span class='ocrx_word' id='word_1_31' title='bbox 943 819 1031 877; x_wconf 83' lang='lat'><strong>3985.</strong></span> <span class='ocrx_word' id='word_1_32' title='bbox 1048 818 1144 886; x_wconf 72' lang='lat'><strong><em>4037)</em></strong></span> <span class='ocrx_word' id='word_1_33' title='bbox 1164 819 1304 890; x_wconf 63' lang='lat' dir='ltr'><strong>verbiefl</strong></span> <span class='ocrx_word' id='word_1_34' title='bbox 1327 819 1459 892; x_wconf 83' lang='lat' dir='ltr'><strong>reorden;</strong></span> <span class='ocrx_word' id='word_1_35' title='bbox 1482 820 1551 878; x_wconf 82' lang='lat' dir='ltr'><strong>aber</strong></span> <span class='ocrx_word' id='word_1_36' title='bbox 1568 820 1705 879; x_wconf 72' lang='lat' dir='ltr'><strong>aurens</strong></span> <span class='ocrx_word' id='word_1_37' title='bbox 1729 822 1848 879; x_wconf 68' lang='lat' dir='ltr'><strong>remeia</strong></span> <span class='ocrx_word' id='word_1_38' title='bbox 1868 821 1914 880; x_wconf 71' lang='lat' dir='ltr'><strong>iic</strong></span> <span class='ocrx_word' id='word_1_39' title='bbox 1936 821 2206 897; x_wconf 76' lang='lat' dir='ltr'><strong>Uaertpeltlicltkeit</strong></span> 
     </span>
     <span class='ocr_line' id='line_1_5' title="bbox 645 925 2207 1001; baseline 0.003 -17"><span class='ocrx_word' id='word_1_40' title='bbox 645 925 698 984; x_wconf 85' lang='lat' dir='ltr'><strong>der</strong></span> <span class='ocrx_word' id='word_1_41' title='bbox 715 925 810 984; x_wconf 80' lang='lat' dir='ltr'><strong>Weibe</strong></span> <span class='ocrx_word' id='word_1_42' title='bbox 828 925 1024 1000; x_wconf 72' lang='lat' dir='ltr'><strong>mobeduapen</strong></span> <span class='ocrx_word' id='word_1_43' title='bbox 1042 925 1128 995; x_wconf 81' lang='lat' dir='ltr'><strong>wird,</strong></span> <span class='ocrx_word' id='word_1_44' title='bbox 1147 926 1187 984; x_wconf 81' lang='lat' dir='ltr'><strong>ist</strong></span> <span class='ocrx_word' id='word_1_45' title='bbox 1204 926 1251 985; x_wconf 81' lang='lat' dir='ltr'><strong>die</strong></span> <span class='ocrx_word' id='word_1_46' title='bbox 1264 925 1463 1001; x_wconf 71' lang='lat' dir='ltr'><strong>Bestimmuny</strong></span> <span class='ocrx_word' id='word_1_47' title='bbox 1482 944 1598 985; x_wconf 66' lang='lat' dir='ltr'><strong>unsara</strong></span> <span class='ocrx_word' id='word_1_48' title='bbox 1613 925 1666 997; x_wconf 87' lang='lat' dir='ltr'><strong>D.,</strong></span> <span class='ocrx_word' id='word_1_49' title='bbox 1685 928 1757 986; x_wconf 82' lang='lat' dir='ltr'><strong>nach</strong></span> <span class='ocrx_word' id='word_1_50' title='bbox 1776 928 1894 986; x_wconf 78' lang='lat' dir='ltr'><strong>welcber</strong></span> <span class='ocrx_word' id='word_1_51' title='bbox 1911 928 1975 987; x_wconf 76' lang='lat' dir='ltr'><strong>dnn</strong></span> <span class='ocrx_word' id='word_1_52' title='bbox 1993 928 2124 999; x_wconf 62' lang='lat' dir='ltr'><strong>Baetes</strong></span> <span class='ocrx_word' id='word_1_53' title='bbox 2137 929 2207 988; x_wconf 72' lang='grc' dir='ltr'><strong>ἄνεί</strong></span> 
     </span>
     <span class='ocr_line' id='line_1_6' title="bbox 645 1031 2242 1109; baseline -0.001 -18"><span class='ocrx_word' id='word_1_54' title='bbox 645 1032 757 1095; x_wconf 73' lang='lat' dir='ltr'><strong>Masei</strong></span> <span class='ocrx_word' id='word_1_55' title='bbox 774 1032 915 1102; x_wconf 65' lang='lat' dir='ltr'><strong>zaraia,</strong></span> <span class='ocrx_word' id='word_1_56' title='bbox 939 1033 1010 1091; x_wconf 76' lang='lat' dir='ltr'><strong>oliae</strong></span> <span class='ocrx_word' id='word_1_57' title='bbox 1027 1031 1184 1108; x_wconf 49' lang='lat' dir='ltr'><strong>Analogia</strong></span> <span class='ocrx_word' id='word_1_58' title='bbox 1206 1032 1266 1091; x_wconf 80' lang='lat' dir='ltr'><strong>ard</strong></span> <span class='ocrx_word' id='word_1_59' title='bbox 1287 1032 1326 1091; x_wconf 85' lang='lat' dir='ltr'><strong>da</strong></span> <span class='ocrx_word' id='word_1_60' title='bbox 1349 1033 1410 1092; x_wconf 80' lang='lat' dir='ltr'><strong>eine</strong></span> <span class='ocrx_word' id='word_1_61' title='bbox 1432 1032 1578 1107; x_wconf 58' lang='lat' dir='ltr'><strong>Martiae</strong></span> <span class='ocrx_word' id='word_1_62' title='bbox 1595 1033 1794 1109; x_wconf 71' lang='lat' dir='ltr'><strong>Bastimmunp</strong></span> <span class='ocrx_word' id='word_1_63' title='bbox 1812 1035 1844 1093; x_wconf 80' lang='lat' dir='ltr'><strong>in</strong></span> <span class='ocrx_word' id='word_1_64' title='bbox 1861 1034 1940 1093; x_wconf 77' lang='lat' dir='ltr'><strong>einer</strong></span> <span class='ocrx_word' id='word_1_65' title='bbox 1959 1035 2205 1095; x_wconf 79' lang='lat' dir='ltr'><strong>Koieerurkande</strong></span> <span class='ocrx_word' id='word_1_66' title='bbox 2228 1050 2242 1090; x_wconf 83' lang='grc' dir='ltr'>ι</span> 
     </span>
     <span class='ocr_line' id='line_1_7' title="bbox 644 1138 2202 1217; baseline 0.003 -19"><span class='ocrx_word' id='word_1_67' title='bbox 644 1138 799 1198; x_wconf 70' lang='lat' dir='ltr'><strong>immerito</strong></span> <span class='ocrx_word' id='word_1_68' title='bbox 821 1138 957 1214; x_wconf 64' lang='lat' dir='ltr'><strong>suffultis</strong></span> <span class='ocrx_word' id='word_1_69' title='bbox 975 1139 1024 1209; x_wconf 81' lang='lat' dir='ltr'><strong>ist,</strong></span> <span class='ocrx_word' id='word_1_70' title='bbox 1047 1139 1143 1197; x_wconf 68' lang='lat' dir='ltr'><strong>balba</strong></span> <span class='ocrx_word' id='word_1_71' title='bbox 1158 1139 1215 1198; x_wconf 81' lang='lat' dir='ltr'><strong>wir</strong></span> <span class='ocrx_word' id='word_1_72' title='bbox 1230 1158 1268 1198; x_wconf 78' lang='lat' dir='ltr'><strong>aa</strong></span> <span class='ocrx_word' id='word_1_73' title='bbox 1283 1139 1377 1198; x_wconf 80' lang='lat' dir='ltr'><strong><em>dieser</em></strong></span> <span class='ocrx_word' id='word_1_74' title='bbox 1393 1138 1479 1198; x_wconf 77' lang='lat' dir='ltr'><strong>Stella</strong></span> <span class='ocrx_word' id='word_1_75' title='bbox 1493 1140 1555 1198; x_wconf 73' lang='grc' dir='ltr'><strong>ειίιι</strong></span> <span class='ocrx_word' id='word_1_76' title='bbox 1569 1138 1780 1213; x_wconf 70' lang='grc' dir='ltr'><strong>Ιιιιιηιοῑαίίοιι</strong></span> <span class='ocrx_word' id='word_1_77' title='bbox 1799 1141 1877 1199; x_wconf 75' lang='lat' dir='ltr'><strong>nieht</strong></span> <span class='ocrx_word' id='word_1_78' title='bbox 1893 1143 1947 1212; x_wconf 75' lang='lat' dir='ltr'><strong>fiir</strong></span> <span class='ocrx_word' id='word_1_79' title='bbox 1960 1142 2202 1217; x_wconf 70' lang='lat' dir='ltr'><strong>ouepmcbloasea.</strong></span> 
     </span>
     <span class='ocr_line' id='line_1_8' title="bbox 644 1244 2203 1324; baseline 0.002 -19"><span class='ocrx_word' id='word_1_80' title='bbox 644 1244 683 1305; x_wconf 81' lang='lat' dir='ltr'><strong>In</strong></span> <span class='ocrx_word' id='word_1_81' title='bbox 711 1246 766 1305; x_wconf 85' lang='lat' dir='ltr'><strong>wie</strong></span> <span class='ocrx_word' id='word_1_82' title='bbox 794 1246 860 1305; x_wconf 87' lang='lat' dir='ltr'><strong>weit</strong></span> <span class='ocrx_word' id='word_1_83' title='bbox 888 1246 951 1305; x_wconf 82' lang='lat' dir='ltr'><strong>eine</strong></span> <span class='ocrx_word' id='word_1_84' title='bbox 978 1246 1071 1305; x_wconf 72' lang='lat' dir='ltr'><strong>solete</strong></span> <span class='ocrx_word' id='word_1_85' title='bbox 1099 1246 1190 1306; x_wconf 78' lang='lat' dir='ltr'><strong>durch</strong></span> <span class='ocrx_word' id='word_1_86' title='bbox 1218 1246 1436 1321; x_wconf 78' lang='lat' dir='ltr'><strong>weiterpehende</strong></span> <span class='ocrx_word' id='word_1_87' title='bbox 1458 1246 1627 1320; x_wconf 60' lang='lat' dir='ltr'><strong>Aeonis</strong></span> <span class='ocrx_word' id='word_1_88' title='bbox 1649 1247 1701 1305; x_wconf 84' lang='lat' dir='ltr'><strong>der</strong></span> <span class='ocrx_word' id='word_1_89' title='bbox 1723 1247 1862 1318; x_wconf 78' lang='lat' dir='ltr'><strong>Biscbbfe</strong></span> <span class='ocrx_word' id='word_1_90' title='bbox 1890 1248 2114 1324; x_wconf 70' lang='lat' dir='ltr'><strong>beworpmfer</strong></span> <span class='ocrx_word' id='word_1_91' title='bbox 2137 1250 2203 1308; x_wconf 82' lang='lat' dir='ltr'><strong>seir</strong></span> 
     </span>
     <span class='ocr_line' id='line_1_9' title="bbox 643 1351 2203 1427; baseline 0.002 -15"><span class='ocrx_word' id='word_1_92' title='bbox 643 1354 757 1423; x_wconf 70' lang='grc' dir='ltr'>Ιιόιιιιιι,</span> <span class='ocrx_word' id='word_1_93' title='bbox 787 1353 835 1411; x_wconf 78' lang='lat' dir='ltr'><strong>die</strong></span> <span class='ocrx_word' id='word_1_94' title='bbox 864 1353 937 1411; x_wconf 81' lang='lat' dir='ltr'><strong>reeb</strong></span> <span class='ocrx_word' id='word_1_95' title='bbox 965 1352 1018 1411; x_wconf 81' lang='lat' dir='ltr'><strong>der</strong></span> <span class='ocrx_word' id='word_1_96' title='bbox 1049 1351 1177 1411; x_wconf 78' lang='lat' dir='ltr'><strong>Chronilr</strong></span> <span class='ocrx_word' id='word_1_97' title='bbox 1206 1352 1254 1411; x_wconf 78' lang='lat' dir='ltr'><strong>des</strong></span> <span class='ocrx_word' id='word_1_98' title='bbox 1283 1353 1460 1412; x_wconf 84' lang='lat' dir='ltr'><strong>Bereordoti</strong></span> <span class='ocrx_word' id='word_1_99' title='bbox 1492 1353 1561 1427; x_wconf 67' lang='lat' dir='ltr'><strong>(vel.</strong></span> <span class='ocrx_word' id='word_1_100' title='bbox 1588 1352 1715 1411; x_wconf 66' lang='lat' dir='ltr'><strong>Calathi</strong></span> <span class='ocrx_word' id='word_1_101' title='bbox 1745 1353 1846 1413; x_wconf 74' lang='lat' dir='ltr'><strong>Stora&#39;a</strong></span> <span class='ocrx_word' id='word_1_102' title='bbox 1875 1353 1952 1413; x_wconf 84' lang='lat' dir='ltr'><strong>dello</strong></span> <span class='ocrx_word' id='word_1_103' title='bbox 1981 1355 2052 1414; x_wconf 74' lang='lat' dir='ltr'><strong>aui</strong></span> <span class='ocrx_word' id='word_1_104' title='bbox 2081 1355 2113 1414; x_wconf 80' lang='lat' dir='ltr'><strong>ii</strong></span> <span class='ocrx_word' id='word_1_105' title='bbox 2138 1355 2203 1415; x_wconf 77' lang='lat' dir='ltr'><strong>Sar</strong></span> 
     </span>
     <span class='ocr_line' id='line_1_10' title="bbox 645 1457 2202 1535; baseline 0.001 -16"><span class='ocrx_word' id='word_1_106' title='bbox 645 1459 779 1534; x_wconf 74' lang='lat' dir='ltr'><strong>Sepolero</strong></span> <span class='ocrx_word' id='word_1_107' title='bbox 803 1459 876 1527; x_wconf 83' lang='lat'><em>136)</em></span> <span class='ocrx_word' id='word_1_108' title='bbox 901 1460 961 1518; x_wconf 81' lang='lat' dir='ltr'><strong>und</strong></span> <span class='ocrx_word' id='word_1_109' title='bbox 983 1458 1103 1517; x_wconf 71' lang='lat' dir='ltr'><strong>Fannii</strong></span> <span class='ocrx_word' id='word_1_110' title='bbox 1125 1460 1202 1518; x_wconf 79' lang='lat' dir='ltr'><strong>Ana.</strong></span> <span class='ocrx_word' id='word_1_111' title='bbox 1227 1458 1258 1518; x_wconf 83' lang='lat' dir='ltr'><strong>ii</strong></span> <span class='ocrx_word' id='word_1_112' title='bbox 1281 1457 1343 1518; x_wconf 81' lang='lat' dir='ltr'><strong>San</strong></span> <span class='ocrx_word' id='word_1_113' title='bbox 1365 1458 1501 1533; x_wconf 84' lang='lat' dir='ltr'><strong>Sepolero</strong></span> <span class='ocrx_word' id='word_1_114' title='bbox 1525 1461 1604 1530; x_wconf 77' lang='lat' dir='ltr'><strong>ref.</strong></span> <span class='ocrx_word' id='word_1_115' title='bbox 1628 1478 1712 1535; x_wconf 73' lang='lat' dir='ltr'><strong>papea</strong></span> <span class='ocrx_word' id='word_1_116' title='bbox 1734 1459 1819 1518; x_wconf 75' lang='lat' dir='ltr'><strong>Eride</strong></span> <span class='ocrx_word' id='word_1_117' title='bbox 1848 1461 1897 1519; x_wconf 80' lang='lat' dir='ltr'><strong>des</strong></span> <span class='ocrx_word' id='word_1_118' title='bbox 1918 1461 2137 1521; x_wconf 78' lang='lat' dir='ltr'><strong>Jnirioniere</strong></span> <span class='ocrx_word' id='word_1_119' title='bbox 2165 1482 2202 1521; x_wconf 77' lang='lat' dir='ltr'><strong>aa</strong></span> 
     </span>
     <span class='ocr_line' id='line_1_11' title="bbox 643 1565 2245 1642; baseline 0.001 -17"><span class='ocrx_word' id='word_1_120' title='bbox 643 1567 722 1626; x_wconf 82' lang='lat' dir='ltr'><strong>einer</strong></span> <span class='ocrx_word' id='word_1_121' title='bbox 739 1566 922 1641; x_wconf 68' lang='lat' dir='ltr'><strong>papatiam</strong></span> <span class='ocrx_word' id='word_1_122' title='bbox 945 1565 1157 1640; x_wconf 67' lang='lat' dir='ltr'><strong>Entscbeidm</strong></span> <span class='ocrx_word' id='word_1_123' title='bbox 1181 1565 1308 1636; x_wconf 74' lang='lat' dir='ltr'><strong>sithrico,</strong></span> <span class='ocrx_word' id='word_1_124' title='bbox 1338 1574 1486 1642; x_wconf 63' lang='lat' dir='ltr'><strong>vambqen</strong></span> <span class='ocrx_word' id='word_1_125' title='bbox 1516 1567 1573 1624; x_wconf 80' lang='lat' dir='ltr'><strong>seir</strong></span> <span class='ocrx_word' id='word_1_126' title='bbox 1595 1567 1672 1625; x_wconf 75' lang='lat' dir='ltr'><strong>nicht</strong></span> <span class='ocrx_word' id='word_1_127' title='bbox 1705 1567 1904 1637; x_wconf 80' lang='lat' dir='ltr'><strong>feslzastellen,</strong></span> <span class='ocrx_word' id='word_1_128' title='bbox 1935 1568 1974 1626; x_wconf 85' lang='lat' dir='ltr'><strong>da</strong></span> <span class='ocrx_word' id='word_1_129' title='bbox 2003 1569 2073 1627; x_wconf 73' lang='lat' dir='ltr'><strong>tiber</strong></span> <span class='ocrx_word' id='word_1_130' title='bbox 2101 1568 2202 1628; x_wconf 66' lang='lat' dir='ltr'><strong>diesen</strong></span> <span class='ocrx_word' id='word_1_131' title='bbox 2219 1589 2245 1627; x_wconf 84' lang='lat' dir='ltr'><strong>ro</strong></span> 
     </span>
     <span class='ocr_line' id='line_1_12' title="bbox 644 1671 2200 1751; baseline 0.002 -20"><span class='ocrx_word' id='word_1_132' title='bbox 644 1672 735 1733; x_wconf 83' lang='lat' dir='ltr'><strong>Streit</strong></span> <span class='ocrx_word' id='word_1_133' title='bbox 764 1674 859 1732; x_wconf 72' lang='lat' dir='ltr'><strong>bisina</strong></span> <span class='ocrx_word' id='word_1_134' title='bbox 881 1672 1040 1731; x_wconf 67' lang='lat' dir='ltr'><strong>animae</strong></span> <span class='ocrx_word' id='word_1_135' title='bbox 1069 1671 1162 1730; x_wconf 75' lang='lat' dir='ltr'><strong>nana</strong></span> <span class='ocrx_word' id='word_1_136' title='bbox 1191 1672 1314 1731; x_wconf 78' lang='lat' dir='ltr'><strong><em>bekannt</em></strong></span> <span class='ocrx_word' id='word_1_137' title='bbox 1342 1672 1390 1732; x_wconf 78' lang='lat' dir='ltr'><strong>ist.</strong></span> <span class='ocrx_word' id='word_1_138' title='bbox 1416 1702 1460 1710; x_wconf 91' lang='lat'><em>-</em></span> <span class='ocrx_word' id='word_1_139' title='bbox 1483 1671 1542 1731; x_wconf 85' lang='lat' dir='ltr'><strong>Die</strong></span> <span class='ocrx_word' id='word_1_140' title='bbox 1564 1672 1730 1748; x_wconf 73' lang='lat' dir='ltr'><strong>Dotierunq</strong></span> <span class='ocrx_word' id='word_1_141' title='bbox 1752 1673 1851 1733; x_wconf 68' lang='lat' dir='ltr'><strong>narde</strong></span> <span class='ocrx_word' id='word_1_142' title='bbox 1873 1674 1946 1733; x_wconf 80' lang='lat' dir='ltr'><strong>anci</strong></span> <span class='ocrx_word' id='word_1_143' title='bbox 1968 1674 2015 1733; x_wconf 82' lang='lat' dir='ltr'><strong>die</strong></span> <span class='ocrx_word' id='word_1_144' title='bbox 2037 1674 2200 1751; x_wconf 64' lang='lat' dir='ltr'><strong>Audimus</strong></span> 
     </span>
     <span class='ocr_line' id='line_1_13' title="bbox 643 1778 2198 1857; baseline -0.001 -18"><span class='ocrx_word' id='word_1_145' title='bbox 643 1798 679 1839; x_wconf 76' lang='lat' dir='ltr'><strong>ru</strong></span> <span class='ocrx_word' id='word_1_146' title='bbox 708 1778 815 1839; x_wconf 72' lang='lat' dir='ltr'><strong>Gosbsr</strong></span> <span class='ocrx_word' id='word_1_147' title='bbox 844 1808 887 1818; x_wconf 89' lang='lat'><em>-</em></span> <span class='ocrx_word' id='word_1_148' title='bbox 912 1780 992 1840; x_wconf 87' lang='lat'><em>1017</em></span> <span class='ocrx_word' id='word_1_149' title='bbox 1013 1778 1088 1840; x_wconf 83' lang='lat' dir='ltr'><strong>Jnni</strong></span> <span class='ocrx_word' id='word_1_150' title='bbox 1110 1779 1152 1838; x_wconf 85' lang='lat'><strong>29</strong></span> <span class='ocrx_word' id='word_1_151' title='bbox 1181 1779 1241 1838; x_wconf 80' lang='lat' dir='ltr'><strong>aad</strong></span> <span class='ocrx_word' id='word_1_152' title='bbox 1269 1779 1362 1838; x_wconf 82' lang='lat' dir='ltr'><strong>demit</strong></span> <span class='ocrx_word' id='word_1_153' title='bbox 1390 1779 1439 1838; x_wconf 82' lang='lat' dir='ltr'><strong>die</strong></span> <span class='ocrx_word' id='word_1_154' title='bbox 1468 1779 1649 1854; x_wconf 66' lang='lat' dir='ltr'><strong>Biorabanp</strong></span> <span class='ocrx_word' id='word_1_155' title='bbox 1678 1779 1774 1838; x_wconf 73' lang='lat' dir='ltr'><strong>hister</strong></span> <span class='ocrx_word' id='word_1_156' title='bbox 1801 1779 1843 1838; x_wconf 89' lang='lat' dir='ltr'><strong>D.</strong></span> <span class='ocrx_word' id='word_1_157' title='bbox 1868 1782 1929 1838; x_wconf 82' lang='lat'><strong>362</strong></span> <span class='ocrx_word' id='word_1_158' title='bbox 1958 1782 2104 1854; x_wconf 53' lang='lat' dir='ltr'><strong>suanm</strong></span> <span class='ocrx_word' id='word_1_159' title='bbox 2137 1783 2198 1857; x_wconf 70' lang='lat' dir='ltr'><strong>vol.</strong></span> 
     </span>
     <span class='ocr_line' id='line_1_14' title="bbox 643 1885 1279 1961; baseline -0.002 -15"><span class='ocrx_word' id='word_1_160' title='bbox 643 1886 770 1946; x_wconf 65' lang='lat' dir='ltr'><strong>inmte</strong></span> <span class='ocrx_word' id='word_1_161' title='bbox 792 1886 1023 1961; x_wconf 66' lang='lat' dir='ltr'><strong>Erldumnpen</strong></span> <span class='ocrx_word' id='word_1_162' title='bbox 1046 1885 1279 1945; x_wconf 70' lang='lat' dir='ltr'><strong>nesciretur.</strong></span> 
     </span>
    </p>
   </div>
   <div class='ocr_carea' id='block_1_3' title="bbox 529 2062 2239 5559">
    <p class='ocr_par' dir='ltr' id='par_1_3' title="bbox 529 2062 2239 5559">
     <span class='ocr_line' id='line_1_15' title="bbox 642 2062 2196 2151; baseline 0.001 -24"><span class='ocrx_word' id='word_1_163' title='bbox 642 2063 683 2127; x_wconf 92' lang='lat' dir='ltr'><strong>In</strong></span> <span class='ocrx_word' id='word_1_164' title='bbox 704 2064 836 2128; x_wconf 91' lang='lat' dir='ltr'><strong>nomine</strong></span> <span class='ocrx_word' id='word_1_165' title='bbox 860 2072 973 2128; x_wconf 90' lang='lat' dir='ltr'><strong>sancte</strong></span> <span class='ocrx_word' id='word_1_166' title='bbox 997 2074 1030 2126; x_wconf 91' lang='lat' dir='ltr'><strong>et</strong></span> <span class='ocrx_word' id='word_1_167' title='bbox 1052 2062 1222 2127; x_wconf 88' lang='lat' dir='ltr'><strong>individue</strong></span> <span class='ocrx_word' id='word_1_168' title='bbox 1246 2063 1408 2127; x_wconf 73' lang='lat' dir='ltr'><strong>trinitatis.</strong></span> <span class='ocrx_word' id='word_1_169' title='bbox 1453 2062 1618 2127; x_wconf 92' lang='lat' dir='ltr'><strong>Henricus</strong></span> <span class='ocrx_word' id='word_1_170' title='bbox 1642 2062 1696 2126; x_wconf 90' lang='lat' dir='ltr'><strong>dei</strong></span> <span class='ocrx_word' id='word_1_171' title='bbox 1719 2064 1827 2149; x_wconf 88' lang='lat' dir='ltr'><strong>gratia</strong></span> <span class='ocrx_word' id='word_1_172' title='bbox 1848 2063 2069 2128; x_wconf 87' lang='lat' dir='ltr'><strong>Romanorum</strong></span> <span class='ocrx_word' id='word_1_173' title='bbox 2091 2066 2196 2151; x_wconf 87' lang='lat' dir='ltr'><strong>impe·</strong></span> 
     </span>
     <span class='ocr_line' id='line_1_16' title="bbox 535 2168 2239 2256; baseline -0.001 -22"><span class='ocrx_word' id='word_1_174' title='bbox 535 2181 624 2235; x_wconf 88' lang='lat' dir='ltr'><strong>rator</strong></span> <span class='ocrx_word' id='word_1_175' title='bbox 654 2181 821 2256; x_wconf 88' lang='lat' dir='ltr'><strong>augustus.</strong></span> <span class='ocrx_word' id='word_1_176' title='bbox 942 2170 1126 2255; x_wconf 91' lang='lat' dir='ltr'><strong>Imperialis</strong></span> <span class='ocrx_word' id='word_1_177' title='bbox 1155 2192 1214 2234; x_wconf 91' lang='lat' dir='ltr'><strong>nos</strong></span> <span class='ocrx_word' id='word_1_178' title='bbox 1245 2168 1474 2256; x_wconf 88' lang='lat' dir='ltr'><strong>contemplatio</strong></span> <span class='ocrx_word' id='word_1_179' title='bbox 1506 2179 1710 2234; x_wconf 77' lang='lat' dir='ltr'><strong>commonet·</strong></span> <span class='ocrx_word' id='word_1_180' title='bbox 1740 2169 1796 2234; x_wconf 88' lang='lat' dir='ltr'><strong>illa</strong></span> <span class='ocrx_word' id='word_1_181' title='bbox 1826 2193 1955 2256; x_wconf 83' lang='lat' dir='ltr'>semper</span> <span class='ocrx_word' id='word_1_182' title='bbox 1984 2171 2195 2235; x_wconf 86' lang='lat' dir='ltr'><strong>considerare</strong></span> <span class='ocrx_word' id='word_1_183' title='bbox 2215 2192 2239 2233; x_wconf 83' lang='lat' dir='ltr'><strong>a</strong></span> 
     </span>
     <span class='ocr_line' id='line_1_17' title="bbox 535 2274 2195 2364; baseline -0.001 -22"><span class='ocrx_word' id='word_1_184' title='bbox 535 2288 634 2364; x_wconf 90' lang='lat' dir='ltr'><strong>atque</strong></span> <span class='ocrx_word' id='word_1_185' title='bbox 658 2275 842 2364; x_wconf 85' lang='lat' dir='ltr'><strong>disponere,</strong></span> <span class='ocrx_word' id='word_1_186' title='bbox 874 2299 938 2364; x_wconf 93' lang='lat' dir='ltr'><strong>que</strong></span> <span class='ocrx_word' id='word_1_187' title='bbox 969 2275 1012 2340; x_wconf 88' lang='lat' dir='ltr'><strong>ad</strong></span> <span class='ocrx_word' id='word_1_188' title='bbox 1042 2286 1253 2362; x_wconf 82' lang='lat' dir='ltr'>augmentum</span> <span class='ocrx_word' id='word_1_189' title='bbox 1280 2274 1483 2361; x_wconf 80' lang='lat' dir='ltr'><strong>diligentiam</strong></span> <span class='ocrx_word' id='word_1_190' title='bbox 1511 2287 1543 2340; x_wconf 92' lang='lat' dir='ltr'><strong>et</strong></span> <span class='ocrx_word' id='word_1_191' title='bbox 1566 2277 1835 2340; x_wconf 80' lang='lat' dir='ltr'><strong>restaurationem</strong></span> <span class='ocrx_word' id='word_1_192' title='bbox 1859 2275 2098 2341; x_wconf 90' lang='lat' dir='ltr'><strong>venerabilium</strong></span> <span class='ocrx_word' id='word_1_193' title='bbox 2120 2300 2195 2363; x_wconf 88' lang='lat' dir='ltr'><strong>per·</strong></span> 
     </span>
     <span class='ocr_line' id='line_1_18' title="bbox 534 2382 2194 2470; baseline 0 -22"><span class='ocrx_word' id='word_1_194' title='bbox 534 2383 636 2449; x_wconf 77' lang='lat' dir='ltr'><strong>tinetb</strong></span> <span class='ocrx_word' id='word_1_195' title='bbox 659 2384 815 2467; x_wconf 83' lang='lat' dir='ltr'><strong>locorum,</strong></span> <span class='ocrx_word' id='word_1_196' title='bbox 846 2406 888 2448; x_wconf 89' lang='lat' dir='ltr'><strong>ne</strong></span> <span class='ocrx_word' id='word_1_197' title='bbox 916 2383 957 2448; x_wconf 89' lang='lat' dir='ltr'><strong>de</strong></span> <span class='ocrx_word' id='word_1_198' title='bbox 981 2382 1233 2470; x_wconf 87' lang='lat' dir='ltr'><strong>improvidentia</strong></span> <span class='ocrx_word' id='word_1_199' title='bbox 1256 2405 1379 2465; x_wconf 87' lang='lat' dir='ltr'><strong>eorum,</strong></span> <span class='ocrx_word' id='word_1_200' title='bbox 1410 2398 1511 2463; x_wconf 81' lang='lat' dir='ltr'><strong>quibus</strong></span> <span class='ocrx_word' id='word_1_201' title='bbox 1543 2383 1711 2468; x_wconf 89' lang='lat' dir='ltr'><strong>regiminis</strong></span> <span class='ocrx_word' id='word_1_202' title='bbox 1741 2412 1808 2447; x_wconf 81' lang='lat' dir='ltr'><strong>onro</strong></span> <span class='ocrx_word' id='word_1_203' title='bbox 1834 2398 2052 2457; x_wconf 78' lang='lat' dir='ltr'><strong>committitur,</strong></span> <span class='ocrx_word' id='word_1_204' title='bbox 2083 2384 2194 2470; x_wconf 90' lang='lat' dir='ltr'><strong>aliquo</strong></span> 
     </span>
     <span class='ocr_line' id='line_1_19' title="bbox 534 2489 2193 2579; baseline -0.001 -23"><span class='ocrx_word' id='word_1_205' title='bbox 534 2491 631 2556; x_wconf 80' lang='lat' dir='ltr'><strong>m0d0</strong></span> <span class='ocrx_word' id='word_1_206' title='bbox 655 2489 835 2579; x_wconf 77' lang='lat' dir='ltr'><strong>culpabiles</strong></span> <span class='ocrx_word' id='word_1_207' title='bbox 866 2489 1080 2573; x_wconf 76' lang='lat' dir='ltr'><strong>ascribamur,</strong></span> <span class='ocrx_word' id='word_1_208' title='bbox 1112 2489 1170 2554; x_wconf 75' lang='lat' dir='ltr'><strong>sed</strong></span> <span class='ocrx_word' id='word_1_209' title='bbox 1200 2490 1305 2575; x_wconf 77' lang='lat' dir='ltr'><strong>magis</strong></span> <span class='ocrx_word' id='word_1_210' title='bbox 1335 2520 1385 2570; x_wconf 90' lang='lat' dir='ltr'><strong>pro</strong></span> <span class='ocrx_word' id='word_1_211' title='bbox 1409 2518 1426 2549; x_wconf 71' lang='lat' dir='ltr'><strong>a</strong></span> <span class='ocrx_word' id='word_1_212' title='bbox 1453 2504 1631 2568; x_wconf 83' lang='lat' dir='ltr'><strong>susceptione</strong></span> <span class='ocrx_word' id='word_1_213' title='bbox 1657 2504 1770 2568; x_wconf 88' lang='lat' dir='ltr'><strong>inopum</strong></span> <span class='ocrx_word' id='word_1_214' title='bbox 1796 2510 1824 2553; x_wconf 87' lang='lat' dir='ltr'><strong>et</strong></span> <span class='ocrx_word' id='word_1_215' title='bbox 1842 2504 2049 2569; x_wconf 85' lang='lat' dir='ltr'><strong>peregrinorum</strong></span> <span class='ocrx_word' id='word_1_216' title='bbox 2074 2510 2101 2554; x_wconf 89' lang='lat' dir='ltr'><strong>et</strong></span> <span class='ocrx_word' id='word_1_217' title='bbox 2126 2520 2193 2555; x_wconf 86' lang='lat' dir='ltr'><strong>con·</strong></span> 
     </span>
     <span class='ocr_line' id='line_1_20' title="bbox 533 2594 2193 2682; baseline -0.002 -19"><span class='ocrx_word' id='word_1_218' title='bbox 533 2615 654 2679; x_wconf 81' lang='lat' dir='ltr'><strong>gregatis</strong></span> <span class='ocrx_word' id='word_1_219' title='bbox 677 2614 707 2662; x_wconf 92' lang='lat' dir='ltr'><strong>in</strong></span> <span class='ocrx_word' id='word_1_220' title='bbox 727 2612 827 2663; x_wconf 85' lang='lat' dir='ltr'><strong>Christi</strong></span> <span class='ocrx_word' id='word_1_221' title='bbox 847 2611 975 2664; x_wconf 75' lang='lat' dir='ltr'><strong>laudibus</strong></span> <span class='ocrx_word' id='word_1_222' title='bbox 992 2624 1009 2655; x_wconf 65' lang='lat'>¹</span> <span class='ocrx_word' id='word_1_223' title='bbox 1030 2627 1154 2662; x_wconf 87' lang='lat' dir='ltr'><strong>merces</strong></span> <span class='ocrx_word' id='word_1_224' title='bbox 1171 2625 1188 2656; x_wconf 68' lang='lat' dir='ltr'><strong>a</strong></span> <span class='ocrx_word' id='word_1_225' title='bbox 1209 2611 1308 2660; x_wconf 88' lang='lat' dir='ltr'><strong>nohis</strong></span> <span class='ocrx_word' id='word_1_226' title='bbox 1334 2627 1351 2660; x_wconf 86' lang='lat' dir='ltr'><strong>a</strong></span> <span class='ocrx_word' id='word_1_227' title='bbox 1379 2596 1510 2661; x_wconf 79' lang='lat' dir='ltr'><strong>domino</strong></span> <span class='ocrx_word' id='word_1_228' title='bbox 1534 2594 1705 2678; x_wconf 70' lang='lat' dir='ltr'><strong>tribuatur,</strong></span> <span class='ocrx_word' id='word_1_229' title='bbox 1730 2619 1750 2659; x_wconf 86' lang='lat' dir='ltr'><strong>a</strong></span> <span class='ocrx_word' id='word_1_230' title='bbox 1773 2618 1837 2682; x_wconf 88' lang='lat' dir='ltr'><strong>quo</strong></span> <span class='ocrx_word' id='word_1_231' title='bbox 1860 2606 1972 2660; x_wconf 73' lang='lat' dir='ltr'><strong>noster</strong></span> <span class='ocrx_word' id='word_1_232' title='bbox 1994 2595 2097 2660; x_wconf 82' lang='lat' dir='ltr'><strong>honor</strong></span> <span class='ocrx_word' id='word_1_233' title='bbox 2119 2619 2193 2682; x_wconf 84' lang='lat' dir='ltr'><strong>pro·</strong></span> 
     </span>
     <span class='ocr_line' id='line_1_21' title="bbox 535 2702 2235 2791; baseline -0.004 -21"><span class='ocrx_word' id='word_1_234' title='bbox 535 2705 622 2770; x_wconf 88' lang='lat' dir='ltr'><strong>cedit</strong></span> <span class='ocrx_word' id='word_1_235' title='bbox 645 2716 678 2770; x_wconf 90' lang='lat' dir='ltr'><strong>et</strong></span> <span class='ocrx_word' id='word_1_236' title='bbox 701 2707 801 2791; x_wconf 89' lang='lat' dir='ltr'><strong>gratis</strong></span> <span class='ocrx_word' id='word_1_237' title='bbox 826 2703 1029 2770; x_wconf 88' lang='lat' dir='ltr'><strong>sublimatur.</strong></span> <span class='ocrx_word' id='word_1_238' title='bbox 1078 2719 1197 2770; x_wconf 79' lang='lat' dir='ltr'><strong>Proinde</strong></span> <span class='ocrx_word' id='word_1_239' title='bbox 1224 2704 1403 2790; x_wconf 90' lang='lat' dir='ltr'><strong>comperiat</strong></span> <span class='ocrx_word' id='word_1_240' title='bbox 1432 2704 1629 2767; x_wconf 86' lang='lat' dir='ltr'><strong>universitas</strong></span> <span class='ocrx_word' id='word_1_241' title='bbox 1659 2702 1804 2767; x_wconf 86' lang='lat' dir='ltr'><strong>fidelium</strong></span> <span class='ocrx_word' id='word_1_242' title='bbox 1834 2714 1946 2767; x_wconf 87' lang='lat' dir='ltr'><strong>sancte</strong></span> <span class='ocrx_word' id='word_1_243' title='bbox 1976 2703 2029 2767; x_wconf 90' lang='lat' dir='ltr'><strong>dei</strong></span> <span class='ocrx_word' id='word_1_244' title='bbox 2052 2703 2192 2767; x_wconf 89' lang='lat' dir='ltr'><strong>ecclesie</strong></span> <span class='ocrx_word' id='word_1_245' title='bbox 2209 2724 2235 2763; x_wconf 85' lang='grc' dir='ltr'><strong>ιι</strong></span> 
     </span>
     <span class='ocr_line' id='line_1_22' title="bbox 533 2808 2191 2900; baseline -0.002 -23"><span class='ocrx_word' id='word_1_246' title='bbox 533 2814 734 2900; x_wconf 91' lang='lat' dir='ltr'><strong>presentium</strong></span> <span class='ocrx_word' id='word_1_247' title='bbox 758 2823 791 2876; x_wconf 91' lang='lat' dir='ltr'><strong>et</strong></span> <span class='ocrx_word' id='word_1_248' title='bbox 813 2812 1004 2893; x_wconf 84' lang='lat' dir='ltr'><strong>futurorum,</strong></span> <span class='ocrx_word' id='word_1_249' title='bbox 1030 2811 1118 2898; x_wconf 92' lang='lat' dir='ltr'><strong>quod</strong></span> <span class='ocrx_word' id='word_1_250' title='bbox 1140 2811 1337 2875; x_wconf 81' lang='lat' dir='ltr'><strong>monasterio</strong></span> <span class='ocrx_word' id='word_1_251' title='bbox 1361 2832 1383 2873; x_wconf 90' lang='lat' dir='ltr'><strong>a</strong></span> <span class='ocrx_word' id='word_1_252' title='bbox 1404 2808 1500 2874; x_wconf 91' lang='lat' dir='ltr'><strong>uobis</strong></span> <span class='ocrx_word' id='word_1_253' title='bbox 1524 2810 1665 2896; x_wconf 90' lang='lat' dir='ltr'><strong>aquisito</strong></span> <span class='ocrx_word' id='word_1_254' title='bbox 1689 2820 1722 2873; x_wconf 91' lang='lat' dir='ltr'><strong>et</strong></span> <span class='ocrx_word' id='word_1_255' title='bbox 1743 2810 1872 2873; x_wconf 90' lang='lat' dir='ltr'><strong>noviter</strong></span> <span class='ocrx_word' id='word_1_256' title='bbox 1895 2809 2046 2873; x_wconf 87' lang='lat' dir='ltr'><strong>edificate</strong></span> <span class='ocrx_word' id='word_1_257' title='bbox 2067 2810 2101 2873; x_wconf 91' lang='lat' dir='ltr'><strong>in</strong></span> <span class='ocrx_word' id='word_1_258' title='bbox 2119 2809 2191 2874; x_wconf 89' lang='lat' dir='ltr'><strong>loco</strong></span> 
     </span>
     <span class='ocr_line' id='line_1_23' title="bbox 534 2915 2192 3007; baseline -0.003 -23"><span class='ocrx_word' id='word_1_259' title='bbox 534 2921 592 3007; x_wconf 92' lang='lat' dir='ltr'><strong>qui</strong></span> <span class='ocrx_word' id='word_1_260' title='bbox 615 2920 734 2984; x_wconf 88' lang='lat' dir='ltr'><strong>dieitur</strong></span> <span class='ocrx_word' id='word_1_261' title='bbox 757 2918 896 2982; x_wconf 82' lang='lat' dir='ltr'><strong>Noeeati</strong></span> <span class='ocrx_word' id='word_1_262' title='bbox 919 2940 958 2983; x_wconf 90' lang='lat' dir='ltr'><strong>ac</strong></span> <span class='ocrx_word' id='word_1_263' title='bbox 983 2918 1134 2982; x_wconf 88' lang='lat' dir='ltr'><strong>dedicato</strong></span> <span class='ocrx_word' id='word_1_264' title='bbox 1158 2918 1192 2981; x_wconf 92' lang='lat' dir='ltr'><strong>in</strong></span> <span class='ocrx_word' id='word_1_265' title='bbox 1215 2916 1337 2981; x_wconf 88' lang='lat' dir='ltr'><strong>honore</strong></span> <span class='ocrx_word' id='word_1_266' title='bbox 1362 2917 1467 2980; x_wconf 85' lang='lat' dir='ltr'><strong>sancti</strong></span> <span class='ocrx_word' id='word_1_267' title='bbox 1491 2915 1655 3003; x_wconf 83' lang='lat' dir='ltr'><strong>sepulchri</strong></span> <span class='ocrx_word' id='word_1_268' title='bbox 1679 2915 1802 2979; x_wconf 89' lang='lat' dir='ltr'><strong>domini</strong></span> <span class='ocrx_word' id='word_1_269' title='bbox 1828 2917 1930 2981; x_wconf 89' lang='lat' dir='ltr'><strong>nostri</strong></span> <span class='ocrx_word' id='word_1_270' title='bbox 1954 2915 2125 2981; x_wconf 87' lang='lat' dir='ltr'><strong>salvatoris</strong></span> <span class='ocrx_word' id='word_1_271' title='bbox 2148 2955 2192 2963; x_wconf 93' lang='lat'>-</span> 
     </span>
     <span class='ocr_line' id='line_1_24' title="bbox 532 3020 2191 3113; baseline -0.002 -23"><span class='ocrx_word' id='word_1_272' title='bbox 532 3025 591 3091; x_wconf 91' lang='lat' dir='ltr'><strong>ubi</strong></span> <span class='ocrx_word' id='word_1_273' title='bbox 614 3036 801 3113; x_wconf 87' lang='lat' dir='ltr'><strong>prestantur</strong></span> <span class='ocrx_word' id='word_1_274' title='bbox 824 3024 926 3089; x_wconf 89' lang='lat' dir='ltr'><strong>multa</strong></span> <span class='ocrx_word' id='word_1_275' title='bbox 947 3023 1110 3088; x_wconf 87' lang='lat' dir='ltr'><strong>beneficia</strong></span> <span class='ocrx_word' id='word_1_276' title='bbox 1132 3023 1268 3087; x_wconf 90' lang='lat' dir='ltr'><strong>infirmis</strong></span> <span class='ocrx_word' id='word_1_277' title='bbox 1292 3034 1325 3087; x_wconf 90' lang='lat' dir='ltr'><strong>et</strong></span> <span class='ocrx_word' id='word_1_278' title='bbox 1347 3021 1429 3087; x_wconf 90' lang='lat' dir='ltr'><strong>fiunt</strong></span> <span class='ocrx_word' id='word_1_279' title='bbox 1451 3021 1615 3087; x_wconf 89' lang='lat' dir='ltr'><strong>mirabilia</strong></span> <span class='ocrx_word' id='word_1_280' title='bbox 1639 3020 1755 3086; x_wconf 89' lang='lat' dir='ltr'><strong>crebra</strong></span> <span class='ocrx_word' id='word_1_281' title='bbox 1773 3021 1817 3086; x_wconf 89' lang='lat' dir='ltr'><strong>ad</strong></span> <span class='ocrx_word' id='word_1_282' title='bbox 1834 3021 1965 3087; x_wconf 89' lang='lat' dir='ltr'><strong>laudem</strong></span> <span class='ocrx_word' id='word_1_283' title='bbox 1985 3033 2017 3087; x_wconf 91' lang='lat' dir='ltr'><strong>et</strong></span> <span class='ocrx_word' id='word_1_284' title='bbox 2035 3022 2191 3087; x_wconf 85' lang='lat' dir='ltr'><strong>honorem</strong></span> 
     </span>
     <span class='ocr_line' id='line_1_25' title="bbox 532 3128 2191 3218; baseline -0.002 -21"><span class='ocrx_word' id='word_1_285' title='bbox 532 3134 673 3198; x_wconf 90' lang='lat' dir='ltr'><strong>nominis</strong></span> <span class='ocrx_word' id='word_1_286' title='bbox 690 3133 760 3196; x_wconf 88' lang='lat' dir='ltr'><strong>eius</strong></span> <span class='ocrx_word' id='word_1_287' title='bbox 777 3131 956 3195; x_wconf 89' lang='lat' dir='ltr'><strong>secundum</strong></span> <span class='ocrx_word' id='word_1_288' title='bbox 976 3129 1148 3218; x_wconf 87' lang='lat' dir='ltr'><strong>profetiam</strong></span> <span class='ocrx_word' id='word_1_289' title='bbox 1167 3129 1257 3194; x_wconf 90' lang='lat' dir='ltr'><strong>illam</strong></span> <span class='ocrx_word' id='word_1_290' title='bbox 1274 3152 1337 3216; x_wconf 93' lang='lat' dir='ltr'><strong>que</strong></span> <span class='ocrx_word' id='word_1_291' title='bbox 1357 3128 1451 3193; x_wconf 91' lang='lat' dir='ltr'><strong>dicit:</strong></span> <span class='ocrx_word' id='word_1_292' title='bbox 1477 3133 1520 3193; x_wconf 85' lang='lat' dir='ltr'><strong>‘et</strong></span> <span class='ocrx_word' id='word_1_293' title='bbox 1537 3131 1599 3193; x_wconf 91' lang='lat' dir='ltr'><strong>erit</strong></span> <span class='ocrx_word' id='word_1_294' title='bbox 1614 3128 1821 3216; x_wconf 82' lang='lat' dir='ltr'><strong>sepulchrum</strong></span> <span class='ocrx_word' id='word_1_295' title='bbox 1838 3129 1907 3193; x_wconf 88' lang='lat' dir='ltr'><strong>eius</strong></span> <span class='ocrx_word' id='word_1_296' title='bbox 1924 3128 2131 3215; x_wconf 74' lang='lat' dir='ltr'><strong>gloriosum&#39;e</strong></span> <span class='ocrx_word' id='word_1_297' title='bbox 2147 3168 2191 3177; x_wconf 94' lang='lat'>-</span> 
     </span>
     <span class='ocr_line' id='line_1_26' title="bbox 534 3236 2232 3322; baseline -0.004 -19"><span class='ocrx_word' id='word_1_298' title='bbox 534 3238 744 3304; x_wconf 84' lang='lat' dir='ltr'><strong>concedimus</strong></span> <span class='ocrx_word' id='word_1_299' title='bbox 769 3236 810 3302; x_wconf 93' lang='lat' dir='ltr'><strong>ob</strong></span> <span class='ocrx_word' id='word_1_300' title='bbox 835 3249 944 3302; x_wconf 91' lang='lat' dir='ltr'><strong>nostre</strong></span> <span class='ocrx_word' id='word_1_301' title='bbox 969 3238 1077 3301; x_wconf 90' lang='lat' dir='ltr'><strong>anime</strong></span> <span class='ocrx_word' id='word_1_302' title='bbox 1101 3236 1238 3301; x_wconf 89' lang='lat' dir='ltr'><strong>salutem</strong></span> <span class='ocrx_word' id='word_1_303' title='bbox 1262 3248 1295 3300; x_wconf 92' lang='lat' dir='ltr'><strong>et</strong></span> <span class='ocrx_word' id='word_1_304' title='bbox 1318 3236 1547 3301; x_wconf 87' lang='lat' dir='ltr'><strong>confirmamus</strong></span> <span class='ocrx_word' id='word_1_305' title='bbox 1571 3258 1700 3300; x_wconf 90' lang='lat' dir='ltr'><strong>omnem</strong></span> <span class='ocrx_word' id='word_1_306' title='bbox 1723 3236 1943 3322; x_wconf 87' lang='lat' dir='ltr'><strong>integritatem</strong></span> <span class='ocrx_word' id='word_1_307' title='bbox 1966 3246 2062 3316; x_wconf 92' lang='lat' dir='ltr'><strong>terre,</strong></span> <span class='ocrx_word' id='word_1_308' title='bbox 2093 3258 2190 3322; x_wconf 88' lang='lat' dir='ltr'><strong>quam</strong></span> <span class='ocrx_word' id='word_1_309' title='bbox 2207 3256 2232 3297; x_wconf 75' lang='grc' dir='ltr'><strong>ιι</strong></span> 
     </span>
     <span class='ocr_line' id='line_1_27' title="bbox 533 3339 2190 3410; baseline -0.003 0"><span class='ocrx_word' id='word_1_310' title='bbox 533 3345 715 3410; x_wconf 87' lang='lat' dir='ltr'><strong>Rodericus</strong></span> <span class='ocrx_word' id='word_1_311' title='bbox 745 3342 943 3409; x_wconf 88' lang='lat' dir='ltr'><strong>venerabilis</strong></span> <span class='ocrx_word' id='word_1_312' title='bbox 974 3354 1179 3408; x_wconf 88' lang='lat' dir='ltr'><strong>constructor</strong></span> <span class='ocrx_word' id='word_1_313' title='bbox 1208 3342 1293 3407; x_wconf 90' lang='lat' dir='ltr'><strong>illius</strong></span> <span class='ocrx_word' id='word_1_314' title='bbox 1324 3342 1387 3407; x_wconf 91' lang='lat' dir='ltr'><strong>loci</strong></span> <span class='ocrx_word' id='word_1_315' title='bbox 1418 3353 1451 3406; x_wconf 90' lang='lat' dir='ltr'><strong>et</strong></span> <span class='ocrx_word' id='word_1_316' title='bbox 1480 3343 1608 3406; x_wconf 89' lang='lat' dir='ltr'><strong>noviter</strong></span> <span class='ocrx_word' id='word_1_317' title='bbox 1637 3365 1657 3405; x_wconf 92' lang='lat' dir='ltr'><strong>a</strong></span> <span class='ocrx_word' id='word_1_318' title='bbox 1687 3340 1781 3406; x_wconf 89' lang='lat' dir='ltr'><strong>nobis</strong></span> <span class='ocrx_word' id='word_1_319' title='bbox 1813 3339 1916 3406; x_wconf 88' lang='lat' dir='ltr'><strong>abbas</strong></span> <span class='ocrx_word' id='word_1_320' title='bbox 1946 3339 1992 3406; x_wconf 92' lang='lat' dir='ltr'><strong>ibi</strong></span> <span class='ocrx_word' id='word_1_321' title='bbox 2023 3340 2190 3406; x_wconf 83' lang='lat' dir='ltr'><strong>ordinatus</strong></span> 
     </span>
     <span class='ocr_line' id='line_1_28' title="bbox 533 3447 2191 3535; baseline -0.003 -19"><span class='ocrx_word' id='word_1_322' title='bbox 533 3450 656 3516; x_wconf 89' lang='lat' dir='ltr'><strong>habere</strong></span> <span class='ocrx_word' id='word_1_323' title='bbox 687 3462 719 3516; x_wconf 89' lang='lat' dir='ltr'><strong>et</strong></span> <span class='ocrx_word' id='word_1_324' title='bbox 748 3462 860 3515; x_wconf 88' lang='lat' dir='ltr'><strong>tenere</strong></span> <span class='ocrx_word' id='word_1_325' title='bbox 890 3450 934 3515; x_wconf 89' lang='lat' dir='ltr'><strong>ad</strong></span> <span class='ocrx_word' id='word_1_326' title='bbox 962 3450 1050 3514; x_wconf 89' lang='lat' dir='ltr'><strong>idem</strong></span> <span class='ocrx_word' id='word_1_327' title='bbox 1080 3449 1314 3514; x_wconf 90' lang='lat' dir='ltr'><strong>monasterium</strong></span> <span class='ocrx_word' id='word_1_328' title='bbox 1342 3450 1474 3513; x_wconf 87' lang='lat' dir='ltr'><strong>videtur</strong></span> <span class='ocrx_word' id='word_1_329' title='bbox 1495 3448 1549 3512; x_wconf 90' lang='lat' dir='ltr'><strong>vel</strong></span> <span class='ocrx_word' id='word_1_330' title='bbox 1578 3449 1650 3535; x_wconf 90' lang='lat' dir='ltr'><strong>ipse</strong></span> <span class='ocrx_word' id='word_1_331' title='bbox 1674 3457 1730 3512; x_wconf 91' lang='lat' dir='ltr'><strong>aut</strong></span> <span class='ocrx_word' id='word_1_332' title='bbox 1752 3447 1888 3513; x_wconf 86' lang='lat' dir='ltr'><strong>abbates</strong></span> <span class='ocrx_word' id='word_1_333' title='bbox 1912 3447 1975 3513; x_wconf 90' lang='lat' dir='ltr'><strong>sibi</strong></span> <span class='ocrx_word' id='word_1_334' title='bbox 1997 3449 2191 3535; x_wconf 82' lang='lat' dir='ltr'><strong>regulariter</strong></span> 
     </span>
     <span class='ocr_line' id='line_1_29' title="bbox 534 3553 2188 3642; baseline -0.002 -20"><span class='ocrx_word' id='word_1_335' title='bbox 534 3581 574 3622; x_wconf 89' lang='lat' dir='ltr'><strong>ac</strong></span> <span class='ocrx_word' id='word_1_336' title='bbox 598 3559 755 3622; x_wconf 89' lang='lat' dir='ltr'><strong>canonice</strong></span> <span class='ocrx_word' id='word_1_337' title='bbox 780 3559 964 3622; x_wconf 88' lang='lat' dir='ltr'><strong>successuri</strong></span> <span class='ocrx_word' id='word_1_338' title='bbox 988 3556 1095 3621; x_wconf 89' lang='lat' dir='ltr'><strong>eidem</strong></span> <span class='ocrx_word' id='word_1_339' title='bbox 1116 3556 1189 3620; x_wconf 89' lang='lat' dir='ltr'><strong>loco</strong></span> <span class='ocrx_word' id='word_1_340' title='bbox 1204 3557 1238 3619; x_wconf 92' lang='lat' dir='ltr'><strong>in</strong></span> <span class='ocrx_word' id='word_1_341' title='bbox 1254 3556 1398 3620; x_wconf 89' lang='lat' dir='ltr'><strong>futurum</strong></span> <span class='ocrx_word' id='word_1_342' title='bbox 1413 3555 1605 3642; x_wconf 88' lang='lat' dir='ltr'><strong>acquisituri</strong></span> <span class='ocrx_word' id='word_1_343' title='bbox 1622 3565 1706 3619; x_wconf 77' lang='lat' dir='ltr'><strong>sunt.</strong></span> <span class='ocrx_word' id='word_1_344' title='bbox 1744 3553 1876 3619; x_wconf 76' lang='lat' dir='ltr'><strong>Rebus‘l</strong></span> <span class='ocrx_word' id='word_1_345' title='bbox 1890 3578 1969 3619; x_wconf 87' lang='lat' dir='ltr'><strong>vero</strong></span> <span class='ocrx_word' id='word_1_346' title='bbox 1986 3566 2019 3619; x_wconf 90' lang='lat' dir='ltr'><strong>et</strong></span> <span class='ocrx_word' id='word_1_347' title='bbox 2034 3557 2188 3642; x_wconf 88' lang='lat' dir='ltr'><strong>possessi-</strong></span> 
     </span>
     <span class='ocr_line' id='line_1_30' title="bbox 534 3659 2189 3750; baseline -0.002 -20"><span class='ocrx_word' id='word_1_348' title='bbox 534 3663 651 3730; x_wconf 89' lang='lat' dir='ltr'><strong>onibus</strong></span> <span class='ocrx_word' id='word_1_349' title='bbox 675 3665 770 3729; x_wconf 89' lang='lat' dir='ltr'><strong>terris</strong></span> <span class='ocrx_word' id='word_1_350' title='bbox 793 3665 898 3728; x_wconf 84' lang='lat' dir='ltr'><strong>vineis</strong></span> <span class='ocrx_word' id='word_1_351' title='bbox 922 3664 1047 3750; x_wconf 89' lang='lat' dir='ltr'><strong>campis</strong></span> <span class='ocrx_word' id='word_1_352' title='bbox 1078 3664 1179 3750; x_wconf 88' lang='lat' dir='ltr'><strong>pratis</strong></span> <span class='ocrx_word' id='word_1_353' title='bbox 1208 3664 1366 3749; x_wconf 88' lang='lat' dir='ltr'><strong>pasquuis</strong></span> <span class='ocrx_word' id='word_1_354' title='bbox 1393 3661 1484 3726; x_wconf 91' lang='lat' dir='ltr'><strong>silvis</strong></span> <span class='ocrx_word' id='word_1_355' title='bbox 1509 3659 1680 3726; x_wconf 89' lang='lat' dir='ltr'><strong>arboribus</strong></span> <span class='ocrx_word' id='word_1_356' title='bbox 1703 3661 1879 3725; x_wconf 83' lang='lat' dir='ltr'><strong>fructiferis</strong></span> <span class='ocrx_word' id='word_1_357' title='bbox 1903 3661 1956 3726; x_wconf 91' lang='lat' dir='ltr'><strong>vel</strong></span> <span class='ocrx_word' id='word_1_358' title='bbox 1978 3661 2189 3727; x_wconf 81' lang='lat' dir='ltr'><strong>infructiferis</strong></span> 
     </span>
     <span class='ocr_line' id='line_1_31' title="bbox 533 3766 2231 3857; baseline 0 -21"><span class='ocrx_word' id='word_1_359' title='bbox 533 3773 628 3837; x_wconf 90' lang='lat' dir='ltr'><strong>terris</strong></span> <span class='ocrx_word' id='word_1_360' title='bbox 652 3771 746 3836; x_wconf 86' lang='lat' dir='ltr'><strong>cultis</strong></span> <span class='ocrx_word' id='word_1_361' title='bbox 771 3782 803 3836; x_wconf 92' lang='lat' dir='ltr'><strong>et</strong></span> <span class='ocrx_word' id='word_1_362' title='bbox 825 3768 956 3835; x_wconf 88' lang='lat' dir='ltr'><strong>incultis</strong></span> <span class='ocrx_word' id='word_1_363' title='bbox 980 3770 1074 3857; x_wconf 90' lang='lat' dir='ltr'><strong>aquis</strong></span> <span class='ocrx_word' id='word_1_364' title='bbox 1098 3792 1322 3857; x_wconf 86' lang='lat' dir='ltr'><strong>aquarumque</strong></span> <span class='ocrx_word' id='word_1_365' title='bbox 1345 3767 1538 3834; x_wconf 87' lang='lat' dir='ltr'><strong>decursibus</strong></span> <span class='ocrx_word' id='word_1_366' title='bbox 1561 3769 1709 3832; x_wconf 85' lang='lat' dir='ltr'><strong>oratoriis</strong></span> <span class='ocrx_word' id='word_1_367' title='bbox 1733 3767 1884 3833; x_wconf 89' lang='lat' dir='ltr'><strong>domibus</strong></span> <span class='ocrx_word' id='word_1_368' title='bbox 1905 3766 2044 3833; x_wconf 86' lang='lat' dir='ltr'><strong>edificiis</strong></span> <span class='ocrx_word' id='word_1_369' title='bbox 2068 3778 2101 3833; x_wconf 91' lang='lat' dir='ltr'><strong>et</strong></span> <span class='ocrx_word' id='word_1_370' title='bbox 2124 3792 2188 3833; x_wconf 93' lang='lat' dir='ltr'><strong>om·</strong></span> <span class='ocrx_word' id='word_1_371' title='bbox 2206 3797 2231 3836; x_wconf 84' lang='grc' dir='ltr'><strong>ιι</strong></span> 
     </span>
     <span class='ocr_line' id='line_1_32' title="bbox 531 3873 2188 3964; baseline -0.003 -20"><span class='ocrx_word' id='word_1_372' title='bbox 531 3877 629 3944; x_wconf 89' lang='lat' dir='ltr'><strong>nibus</strong></span> <span class='ocrx_word' id='word_1_373' title='bbox 653 3879 696 3943; x_wconf 90' lang='lat' dir='ltr'><strong>ad</strong></span> <span class='ocrx_word' id='word_1_374' title='bbox 718 3878 806 3943; x_wconf 89' lang='lat' dir='ltr'><strong>idem</strong></span> <span class='ocrx_word' id='word_1_375' title='bbox 829 3878 1062 3942; x_wconf 87' lang='lat' dir='ltr'><strong>monasterium</strong></span> <span class='ocrx_word' id='word_1_376' title='bbox 1086 3875 1324 3964; x_wconf 91' lang='lat' dir='ltr'><strong>pertinentibus</strong></span> <span class='ocrx_word' id='word_1_377' title='bbox 1353 3876 1400 3940; x_wconf 91' lang='lat' dir='ltr'><strong>ita</strong></span> <span class='ocrx_word' id='word_1_378' title='bbox 1429 3884 1538 3939; x_wconf 91' lang='lat' dir='ltr'><strong>nostre</strong></span> <span class='ocrx_word' id='word_1_379' title='bbox 1561 3873 1794 3939; x_wconf 91' lang='lat' dir='ltr'><strong>moderationis</strong></span> <span class='ocrx_word' id='word_1_380' title='bbox 1818 3875 1987 3939; x_wconf 87' lang='lat' dir='ltr'><strong>statuimus</strong></span> <span class='ocrx_word' id='word_1_381' title='bbox 2011 3875 2188 3957; x_wconf 83' lang='lat' dir='ltr'><strong>decretum,</strong></span> 
     </span>
     <span class='ocr_line' id='line_1_33' title="bbox 531 3979 2189 4070; baseline -0.004 -19"><span class='ocrx_word' id='word_1_382' title='bbox 531 3997 568 4052; x_wconf 88' lang='lat' dir='ltr'><strong>nt</strong></span> <span class='ocrx_word' id='word_1_383' title='bbox 591 3985 708 4050; x_wconf 91' lang='lat' dir='ltr'><strong>amodo</strong></span> <span class='ocrx_word' id='word_1_384' title='bbox 732 3986 866 4050; x_wconf 89' lang='lat' dir='ltr'><strong>inantea</strong></span> <span class='ocrx_word' id='word_1_385' title='bbox 888 3985 987 4049; x_wconf 89' lang='lat' dir='ltr'><strong>liceat</strong></span> <span class='ocrx_word' id='word_1_386' title='bbox 1009 3985 1111 4070; x_wconf 87' lang='lat' dir='ltr'><strong>ipsius</strong></span> <span class='ocrx_word' id='word_1_387' title='bbox 1134 3983 1324 4048; x_wconf 89' lang='lat' dir='ltr'><strong>monasterii</strong></span> <span class='ocrx_word' id='word_1_388' title='bbox 1353 3979 1683 4067; x_wconf 79' lang='lat' dir='ltr'><strong>congregationibus⁰</strong></span> <span class='ocrx_word' id='word_1_389' title='bbox 1706 4004 1766 4067; x_wconf 91' lang='lat' dir='ltr'><strong>per</strong></span> <span class='ocrx_word' id='word_1_390' title='bbox 1795 4003 1890 4045; x_wconf 89' lang='lat' dir='ltr'><strong>omne</strong></span> <span class='ocrx_word' id='word_1_391' title='bbox 1921 3991 2049 4068; x_wconf 89' lang='lat' dir='ltr'><strong>tempus</strong></span> <span class='ocrx_word' id='word_1_392' title='bbox 2079 3993 2189 4046; x_wconf 86' lang='lat' dir='ltr'><strong>nostra</strong></span> 
     </span>
     <span class='ocr_line' id='line_1_34' title="bbox 532 4087 2189 4176; baseline -0.003 -18"><span class='ocrx_word' id='word_1_393' title='bbox 532 4106 565 4158; x_wconf 89' lang='lat' dir='ltr'><strong>et</strong></span> <span class='ocrx_word' id='word_1_394' title='bbox 588 4115 813 4158; x_wconf 88' lang='lat' dir='ltr'><strong>suceessorum</strong></span> <span class='ocrx_word' id='word_1_395' title='bbox 836 4102 1020 4156; x_wconf 88' lang='lat' dir='ltr'><strong>nostrorum</strong></span> <span class='ocrx_word' id='word_1_396' title='bbox 1043 4091 1276 4176; x_wconf 90' lang='lat' dir='ltr'><strong>imperatorum</strong></span> <span class='ocrx_word' id='word_1_397' title='bbox 1298 4089 1435 4152; x_wconf 88' lang='lat' dir='ltr'><strong>tuitione</strong></span> <span class='ocrx_word' id='word_1_398' title='bbox 1459 4099 1492 4151; x_wconf 90' lang='lat' dir='ltr'><strong>et</strong></span> <span class='ocrx_word' id='word_1_399' title='bbox 1515 4087 1705 4151; x_wconf 90' lang='lat' dir='ltr'><strong>defensione</strong></span> <span class='ocrx_word' id='word_1_400' title='bbox 1729 4089 1838 4174; x_wconf 88' lang='lat' dir='ltr'><strong>quiete</strong></span> <span class='ocrx_word' id='word_1_401' title='bbox 1856 4089 1969 4153; x_wconf 87' lang='lat' dir='ltr'><strong>vivere</strong></span> <span class='ocrx_word' id='word_1_402' title='bbox 1991 4111 2030 4152; x_wconf 90' lang='lat' dir='ltr'><strong>ac</strong></span> <span class='ocrx_word' id='word_1_403' title='bbox 2052 4088 2189 4175; x_wconf 89' lang='lat' dir='ltr'><strong>pacifice</strong></span> 
     </span>
     <span class='ocr_line' id='line_1_35' title="bbox 532 4193 2188 4282; baseline -0.004 -17"><span class='ocrx_word' id='word_1_404' title='bbox 532 4212 565 4265; x_wconf 88' lang='lat' dir='ltr'><strong>et</strong></span> <span class='ocrx_word' id='word_1_405' title='bbox 587 4223 701 4265; x_wconf 88' lang='lat' dir='ltr'><strong>secure</strong></span> <span class='ocrx_word' id='word_1_406' title='bbox 726 4199 788 4264; x_wconf 89' lang='lat' dir='ltr'><strong>deo</strong></span> <span class='ocrx_word' id='word_1_407' title='bbox 813 4200 948 4281; x_wconf 87' lang='lat' dir='ltr'><strong>servire,</strong></span> <span class='ocrx_word' id='word_1_408' title='bbox 979 4198 1123 4261; x_wconf 90' lang='lat' dir='ltr'><strong>omnium</strong></span> <span class='ocrx_word' id='word_1_409' title='bbox 1146 4218 1359 4282; x_wconf 87' lang='lat' dir='ltr'><strong>personarum</strong></span> <span class='ocrx_word' id='word_1_410' title='bbox 1383 4196 1516 4258; x_wconf 88' lang='lat' dir='ltr'><strong>remotis</strong></span> <span class='ocrx_word' id='word_1_411' title='bbox 1540 4193 1716 4258; x_wconf 88' lang='lat' dir='ltr'><strong>obstaculis</strong></span> <span class='ocrx_word' id='word_1_412' title='bbox 1740 4194 2052 4259; x_wconf 86' lang='lat' dir='ltr'><strong>contradictionibus</strong></span> <span class='ocrx_word' id='word_1_413' title='bbox 2075 4206 2108 4259; x_wconf 89' lang='lat' dir='ltr'><strong>et</strong></span> <span class='ocrx_word' id='word_1_414' title='bbox 2131 4196 2188 4259; x_wconf 88' lang='lat' dir='ltr'><strong>im·</strong></span> 
     </span>
     <span class='ocr_line' id='line_1_36' title="bbox 530 4301 2231 4395; baseline -0.001 -24"><span class='ocrx_word' id='word_1_415' title='bbox 530 4308 738 4395; x_wconf 88' lang='lat' dir='ltr'><strong>pedimentis,</strong></span> <span class='ocrx_word' id='word_1_416' title='bbox 762 4328 821 4392; x_wconf 91' lang='lat' dir='ltr'><strong>pro</strong></span> <span class='ocrx_word' id='word_1_417' title='bbox 845 4304 942 4369; x_wconf 91' lang='lat' dir='ltr'><strong>laude</strong></span> <span class='ocrx_word' id='word_1_418' title='bbox 966 4316 999 4368; x_wconf 91' lang='lat' dir='ltr'><strong>et</strong></span> <span class='ocrx_word' id='word_1_419' title='bbox 1022 4301 1180 4389; x_wconf 88' lang='lat' dir='ltr'><strong>obsequio</strong></span> <span class='ocrx_word' id='word_1_420' title='bbox 1205 4302 1328 4366; x_wconf 89' lang='lat' dir='ltr'><strong>domini</strong></span> <span class='ocrx_word' id='word_1_421' title='bbox 1351 4301 1522 4365; x_wconf 87' lang='lat' dir='ltr'><strong>salvatoris</strong></span> <span class='ocrx_word' id='word_1_422' title='bbox 1545 4310 1578 4365; x_wconf 88' lang='lat' dir='ltr'><strong>et</strong></span> <span class='ocrx_word' id='word_1_423' title='bbox 1599 4315 1774 4381; x_wconf 75' lang='lat' dir='ltr'><strong>susceptione</strong></span> <span class='ocrx_word' id='word_1_424' title='bbox 1795 4316 1908 4381; x_wconf 81' lang='lat' dir='ltr'><strong>inopum</strong></span> <span class='ocrx_word' id='word_1_425' title='bbox 1928 4322 1955 4365; x_wconf 85' lang='lat' dir='ltr'><strong>et</strong></span> <span class='ocrx_word' id='word_1_426' title='bbox 1973 4316 2187 4382; x_wconf 80' lang='lat' dir='ltr'><strong>peregrinorum.</strong></span> <span class='ocrx_word' id='word_1_427' title='bbox 2205 4328 2231 4370; x_wconf 75' lang='lat' dir='ltr'><strong>u</strong></span> 
     </span>
     <span class='ocr_line' id='line_1_37' title="bbox 532 4406 2188 4500; baseline -0.005 -20"><span class='ocrx_word' id='word_1_428' title='bbox 532 4413 720 4480; x_wconf 86' lang='lat' dir='ltr'><strong>Statuentes</strong></span> <span class='ocrx_word' id='word_1_429' title='bbox 735 4423 888 4500; x_wconf 88' lang='lat' dir='ltr'><strong>preterea</strong></span> <span class='ocrx_word' id='word_1_430' title='bbox 903 4410 1132 4476; x_wconf 83' lang='lat' dir='ltr'><strong>confirmamus</strong></span> <span class='ocrx_word' id='word_1_431' title='bbox 1149 4409 1255 4473; x_wconf 91' lang='lat' dir='ltr'><strong>eidem</strong></span> <span class='ocrx_word' id='word_1_432' title='bbox 1271 4410 1467 4472; x_wconf 82' lang='lat' dir='ltr'><strong>monasterio</strong></span> <span class='ocrx_word' id='word_1_433' title='bbox 1485 4419 1517 4472; x_wconf 91' lang='lat' dir='ltr'><strong>et</strong></span> <span class='ocrx_word' id='word_1_434' title='bbox 1531 4406 1658 4495; x_wconf 90' lang='lat' dir='ltr'><strong>prefato</strong></span> <span class='ocrx_word' id='word_1_435' title='bbox 1675 4406 1787 4472; x_wconf 89' lang='lat' dir='ltr'><strong>abbati</strong></span> <span class='ocrx_word' id='word_1_436' title='bbox 1800 4408 1932 4494; x_wconf 91' lang='lat' dir='ltr'><strong>suisque</strong></span> <span class='ocrx_word' id='word_1_437' title='bbox 1945 4406 2188 4473; x_wconf 89' lang='lat' dir='ltr'><strong>successoribus</strong></span> 
     </span>
     <span class='ocr_line' id='line_1_38' title="bbox 531 4512 2188 4607; baseline -0.004 -22"><span class='ocrx_word' id='word_1_438' title='bbox 531 4522 772 4607; x_wconf 90' lang='lat' dir='ltr'><strong>imperpetuum</strong></span> <span class='ocrx_word' id='word_1_439' title='bbox 796 4518 905 4583; x_wconf 91' lang='lat' dir='ltr'><strong>omnia</strong></span> <span class='ocrx_word' id='word_1_440' title='bbox 928 4516 1045 4604; x_wconf 90' lang='lat' dir='ltr'><strong>predia</strong></span> <span class='ocrx_word' id='word_1_441' title='bbox 1067 4515 1121 4580; x_wconf 89' lang='lat' dir='ltr'><strong>vel</strong></span> <span class='ocrx_word' id='word_1_442' title='bbox 1144 4515 1315 4597; x_wconf 85' lang='lat' dir='ltr'><strong>beneficia,</strong></span> <span class='ocrx_word' id='word_1_443' title='bbox 1340 4537 1544 4601; x_wconf 87' lang='lat' dir='ltr'><strong>quecumque</strong></span> <span class='ocrx_word' id='word_1_444' title='bbox 1567 4515 1602 4577; x_wconf 90' lang='lat' dir='ltr'><strong>in</strong></span> <span class='ocrx_word' id='word_1_445' title='bbox 1625 4514 1719 4577; x_wconf 88' lang='lat' dir='ltr'><strong>terris</strong></span> <span class='ocrx_word' id='word_1_446' title='bbox 1743 4513 1796 4578; x_wconf 88' lang='lat' dir='ltr'><strong>vel</strong></span> <span class='ocrx_word' id='word_1_447' title='bbox 1814 4515 1907 4601; x_wconf 91' lang='lat' dir='ltr'><strong>aquis</strong></span> <span class='ocrx_word' id='word_1_448' title='bbox 1927 4515 1958 4578; x_wconf 91' lang='lat' dir='ltr'><strong>ei</strong></span> <span class='ocrx_word' id='word_1_449' title='bbox 1977 4512 2188 4579; x_wconf 71' lang='lat' dir='ltr'><strong>collata&#39;sunt</strong></span> 
     </span>
     <span class='ocr_line' id='line_1_39' title="bbox 531 4620 2187 4708; baseline -0.004 -17"><span class='ocrx_word' id='word_1_450' title='bbox 531 4625 586 4691; x_wconf 85' lang='lat' dir='ltr'><strong>vel</strong></span> <span class='ocrx_word' id='word_1_451' title='bbox 619 4649 639 4690; x_wconf 89' lang='lat' dir='ltr'><strong>a</strong></span> <span class='ocrx_word' id='word_1_452' title='bbox 671 4636 785 4690; x_wconf 91' lang='lat' dir='ltr'><strong>sancta</strong></span> <span class='ocrx_word' id='word_1_453' title='bbox 817 4624 895 4689; x_wconf 88' lang='lat' dir='ltr'><strong>sede</strong></span> <span class='ocrx_word' id='word_1_454' title='bbox 926 4624 1073 4688; x_wconf 88' lang='lat' dir='ltr'><strong>Romana</strong></span> <span class='ocrx_word' id='word_1_455' title='bbox 1105 4646 1163 4688; x_wconf 87' lang='lat' dir='ltr'><strong>sen</strong></span> <span class='ocrx_word' id='word_1_456' title='bbox 1196 4620 1238 4685; x_wconf 87' lang='lat' dir='ltr'><strong>ab</strong></span> <span class='ocrx_word' id='word_1_457' title='bbox 1269 4621 1380 4708; x_wconf 86' lang='lat' dir='ltr'><strong>aliqua</strong></span> <span class='ocrx_word' id='word_1_458' title='bbox 1409 4620 1550 4686; x_wconf 90' lang='lat' dir='ltr'><strong>ecclesia</strong></span> <span class='ocrx_word' id='word_1_459' title='bbox 1578 4620 1632 4684; x_wconf 87' lang='lat' dir='ltr'><strong>vel</strong></span> <span class='ocrx_word' id='word_1_460' title='bbox 1663 4642 1868 4706; x_wconf 87' lang='lat' dir='ltr'><strong>quocumque</strong></span> <span class='ocrx_word' id='word_1_461' title='bbox 1899 4620 2076 4686; x_wconf 84' lang='lat' dir='ltr'><strong>christiano</strong></span> <span class='ocrx_word' id='word_1_462' title='bbox 2099 4620 2187 4686; x_wconf 90' lang='lat' dir='ltr'><strong>fideli</strong></span> 
     </span>
     <span class='ocr_line' id='line_1_40' title="bbox 531 4726 2187 4819; baseline -0.003 -21"><span class='ocrx_word' id='word_1_463' title='bbox 531 4732 647 4819; x_wconf 87' lang='lat' dir='ltr'><strong>legalis</strong></span> <span class='ocrx_word' id='word_1_464' title='bbox 680 4732 865 4819; x_wconf 88' lang='lat' dir='ltr'><strong>scriptionis</strong></span> <span class='ocrx_word' id='word_1_465' title='bbox 898 4731 1076 4795; x_wconf 89' lang='lat' dir='ltr'><strong>munimine</strong></span> <span class='ocrx_word' id='word_1_466' title='bbox 1108 4741 1165 4794; x_wconf 88' lang='lat' dir='ltr'><strong>aut</strong></span> <span class='ocrx_word' id='word_1_467' title='bbox 1196 4727 1360 4816; x_wconf 87' lang='lat' dir='ltr'><strong>personali</strong></span> <span class='ocrx_word' id='word_1_468' title='bbox 1393 4728 1609 4792; x_wconf 83' lang='lat' dir='ltr'><strong>investitione.</strong></span> <span class='ocrx_word' id='word_1_469' title='bbox 1655 4726 1823 4814; x_wconf 90' lang='lat' dir='ltr'><strong>Imperiali</strong></span> <span class='ocrx_word' id='word_1_470' title='bbox 1853 4728 1964 4814; x_wconf 86' lang='lat' dir='ltr'><strong>itaque</strong></span> <span class='ocrx_word' id='word_1_471' title='bbox 1994 4729 2187 4793; x_wconf 84' lang='lat' dir='ltr'><strong>auctoritate</strong></span> 
     </span>
     <span class='ocr_line' id='line_1_41' title="bbox 532 4832 2230 4924; baseline -0.004 -19"><span class='ocrx_word' id='word_1_472' title='bbox 532 4840 703 4921; x_wconf 89' lang='lat' dir='ltr'><strong>edicimus,</strong></span> <span class='ocrx_word' id='word_1_473' title='bbox 734 4851 770 4903; x_wconf 92' lang='lat' dir='ltr'><strong>ut</strong></span> <span class='ocrx_word' id='word_1_474' title='bbox 799 4836 888 4902; x_wconf 90' lang='lat' dir='ltr'><strong>nullo</strong></span> <span class='ocrx_word' id='word_1_475' title='bbox 919 4859 1064 4924; x_wconf 89' lang='lat' dir='ltr'><strong>unquam</strong></span> <span class='ocrx_word' id='word_1_476' title='bbox 1094 4838 1128 4900; x_wconf 91' lang='lat' dir='ltr'><strong>in</strong></span> <span class='ocrx_word' id='word_1_477' title='bbox 1157 4846 1303 4922; x_wconf 91' lang='lat' dir='ltr'><strong>tempore</strong></span> <span class='ocrx_word' id='word_1_478' title='bbox 1334 4833 1437 4899; x_wconf 89' lang='lat' dir='ltr'><strong>abbas</strong></span> <span class='ocrx_word' id='word_1_479' title='bbox 1467 4833 1513 4898; x_wconf 90' lang='lat' dir='ltr'><strong>ibi</strong></span> <span class='ocrx_word' id='word_1_480' title='bbox 1537 4834 1705 4899; x_wconf 90' lang='lat' dir='ltr'><strong>ordinetur</strong></span> <span class='ocrx_word' id='word_1_481' title='bbox 1726 4832 1781 4897; x_wconf 87' lang='lat' dir='ltr'><strong>vel</strong></span> <span class='ocrx_word' id='word_1_482' title='bbox 1804 4833 1943 4919; x_wconf 83' lang='lat' dir='ltr'><strong>eligatur</strong></span> <span class='ocrx_word' id='word_1_483' title='bbox 1966 4844 2060 4898; x_wconf 85' lang='lat' dir='ltr'><strong>extra</strong></span> <span class='ocrx_word' id='word_1_484' title='bbox 2081 4835 2187 4921; x_wconf 88' lang='lat' dir='ltr'><strong>ipsam</strong></span> <span class='ocrx_word' id='word_1_485' title='bbox 2204 4863 2230 4903; x_wconf 77' lang='lat' dir='ltr'><strong>ro</strong></span> 
     </span>
     <span class='ocr_line' id='line_1_42' title="bbox 532 4939 2186 5033; baseline -0.004 -21"><span class='ocrx_word' id='word_1_486' title='bbox 532 4946 822 5033; x_wconf 90' lang='lat' dir='ltr'><strong>congregationem</strong></span> <span class='ocrx_word' id='word_1_487' title='bbox 855 4943 908 5008; x_wconf 90' lang='lat' dir='ltr'><strong>vel</strong></span> <span class='ocrx_word' id='word_1_488' title='bbox 941 4942 1067 5031; x_wconf 90' lang='lat' dir='ltr'><strong>absque</strong></span> <span class='ocrx_word' id='word_1_489' title='bbox 1100 4954 1181 5007; x_wconf 85' lang='lat' dir='ltr'><strong>nutu</strong></span> <span class='ocrx_word' id='word_1_490' title='bbox 1213 4953 1246 5006; x_wconf 90' lang='lat' dir='ltr'><strong>et</strong></span> <span class='ocrx_word' id='word_1_491' title='bbox 1277 4964 1439 5006; x_wconf 85' lang='lat' dir='ltr'><strong>consensu</strong></span> <span class='ocrx_word' id='word_1_492' title='bbox 1472 4941 1570 5005; x_wconf 70' lang='lat' dir='ltr'><strong>tonus</strong></span> <span class='ocrx_word' id='word_1_493' title='bbox 1604 4940 1880 5026; x_wconf 86' lang='lat' dir='ltr'><strong>congregationis,</strong></span> <span class='ocrx_word' id='word_1_494' title='bbox 1915 4940 1978 5003; x_wconf 90' lang='lat' dir='ltr'><strong>nisi</strong></span> <span class='ocrx_word' id='word_1_495' title='bbox 2012 4939 2096 5005; x_wconf 89' lang='lat' dir='ltr'><strong>forte</strong></span> <span class='ocrx_word' id='word_1_496' title='bbox 2127 4962 2186 5028; x_wconf 89' lang='lat' dir='ltr'><strong>pro</strong></span> 
     </span>
     <span class='ocr_line' id='line_1_43' title="bbox 529 5045 2185 5143; baseline -0.005 -24"><span class='ocrx_word' id='word_1_497' title='bbox 529 5055 678 5143; x_wconf 89' lang='lat' dir='ltr'><strong>peccatis</strong></span> <span class='ocrx_word' id='word_1_498' title='bbox 702 5054 749 5117; x_wconf 89' lang='lat' dir='ltr'><strong>sic</strong></span> <span class='ocrx_word' id='word_1_499' title='bbox 773 5053 906 5117; x_wconf 89' lang='lat' dir='ltr'><strong>evenire</strong></span> <span class='ocrx_word' id='word_1_500' title='bbox 930 5051 1107 5137; x_wconf 89' lang='lat' dir='ltr'><strong>contingat,</strong></span> <span class='ocrx_word' id='word_1_501' title='bbox 1131 5060 1167 5114; x_wconf 92' lang='lat' dir='ltr'><strong>ut</strong></span> <span class='ocrx_word' id='word_1_502' title='bbox 1190 5049 1224 5114; x_wconf 91' lang='lat' dir='ltr'><strong>in</strong></span> <span class='ocrx_word' id='word_1_503' title='bbox 1246 5050 1319 5136; x_wconf 89' lang='lat' dir='ltr'><strong>ipsa</strong></span> <span class='ocrx_word' id='word_1_504' title='bbox 1333 5049 1594 5134; x_wconf 80' lang='lat' dir='ltr'><strong>congregatione</strong></span> <span class='ocrx_word' id='word_1_505' title='bbox 1618 5046 1736 5133; x_wconf 86' lang='lat' dir='ltr'><strong>aliquis</strong></span> <span class='ocrx_word' id='word_1_506' title='bbox 1760 5045 1878 5133; x_wconf 87' lang='lat' dir='ltr'><strong>dignus</strong></span> <span class='ocrx_word' id='word_1_507' title='bbox 1901 5068 1967 5110; x_wconf 91' lang='lat' dir='ltr'><strong>non</strong></span> <span class='ocrx_word' id='word_1_508' title='bbox 1990 5048 2185 5133; x_wconf 81' lang='lat' dir='ltr'><strong>reperiatur3</strong></span> 
     </span>
     <span class='ocr_line' id='line_1_44' title="bbox 532 5152 2186 5249; baseline -0.005 -23"><span class='ocrx_word' id='word_1_509' title='bbox 532 5161 620 5249; x_wconf 91' lang='lat' dir='ltr'><strong>quod</strong></span> <span class='ocrx_word' id='word_1_510' title='bbox 644 5162 672 5224; x_wconf 93' lang='lat' dir='ltr'><strong>si</strong></span> <span class='ocrx_word' id='word_1_511' title='bbox 694 5160 802 5241; x_wconf 85' lang='lat' dir='ltr'><strong>fuerit,</strong></span> <span class='ocrx_word' id='word_1_512' title='bbox 828 5158 891 5224; x_wconf 87' lang='lat' dir='ltr'><strong>alio</strong></span> <span class='ocrx_word' id='word_1_513' title='bbox 915 5157 1130 5245; x_wconf 86' lang='lat' dir='ltr'><strong>requirendus</strong></span> <span class='ocrx_word' id='word_1_514' title='bbox 1154 5167 1204 5221; x_wconf 88' lang='lat' dir='ltr'><strong>est</strong></span> <span class='ocrx_word' id='word_1_515' title='bbox 1226 5155 1362 5220; x_wconf 88' lang='lat' dir='ltr'><strong>idoneus</strong></span> <span class='ocrx_word' id='word_1_516' title='bbox 1385 5167 1483 5242; x_wconf 90' lang='lat' dir='ltr'><strong>atque</strong></span> <span class='ocrx_word' id='word_1_517' title='bbox 1508 5153 1635 5239; x_wconf 88' lang='lat' dir='ltr'><strong>dignus,</strong></span> <span class='ocrx_word' id='word_1_518' title='bbox 1663 5175 1705 5216; x_wconf 89' lang='lat' dir='ltr'><strong>ne</strong></span> <span class='ocrx_word' id='word_1_519' title='bbox 1728 5175 1788 5239; x_wconf 91' lang='lat' dir='ltr'><strong>per</strong></span> <span class='ocrx_word' id='word_1_520' title='bbox 1811 5154 2024 5218; x_wconf 88' lang='lat' dir='ltr'><strong>simoniacam</strong></span> <span class='ocrx_word' id='word_1_521' title='bbox 2046 5152 2186 5218; x_wconf 91' lang='lat' dir='ltr'><strong>heresim</strong></span> 
     </span>
     <span class='ocr_line' id='line_1_45' title="bbox 530 5259 2185 5350; baseline -0.005 -17"><span class='ocrx_word' id='word_1_522' title='bbox 530 5267 585 5333; x_wconf 89' lang='lat' dir='ltr'><strong>vel</strong></span> <span class='ocrx_word' id='word_1_523' title='bbox 613 5268 774 5333; x_wconf 91' lang='lat' dir='ltr'><strong>divisione</strong></span> <span class='ocrx_word' id='word_1_524' title='bbox 804 5265 941 5331; x_wconf 88' lang='lat' dir='ltr'><strong>fratrum</strong></span> <span class='ocrx_word' id='word_1_525' title='bbox 971 5263 1025 5329; x_wconf 89' lang='lat' dir='ltr'><strong>vel</strong></span> <span class='ocrx_word' id='word_1_526' title='bbox 1056 5265 1155 5328; x_wconf 91' lang='lat' dir='ltr'><strong>etiam</strong></span> <span class='ocrx_word' id='word_1_527' title='bbox 1185 5262 1334 5350; x_wconf 85' lang='lat' dir='ltr'><strong>populari</strong></span> <span class='ocrx_word' id='word_1_528' title='bbox 1363 5262 1474 5325; x_wconf 90' lang='lat' dir='ltr'><strong>favore</strong></span> <span class='ocrx_word' id='word_1_529' title='bbox 1498 5260 1551 5324; x_wconf 88' lang='lat' dir='ltr'><strong>vel</strong></span> <span class='ocrx_word' id='word_1_530' title='bbox 1574 5261 1608 5324; x_wconf 92' lang='lat' dir='ltr'><strong>vi</strong></span> <span class='ocrx_word' id='word_1_531' title='bbox 1631 5270 1687 5324; x_wconf 91' lang='lat' dir='ltr'><strong>aut</strong></span> <span class='ocrx_word' id='word_1_532' title='bbox 1716 5259 1854 5324; x_wconf 89' lang='lat' dir='ltr'><strong>tumultu</strong></span> <span class='ocrx_word' id='word_1_533' title='bbox 1876 5259 2072 5347; x_wconf 90' lang='lat' dir='ltr'><strong>populorum</strong></span> <span class='ocrx_word' id='word_1_534' title='bbox 2101 5259 2185 5325; x_wconf 88' lang='lat' dir='ltr'><strong>ullus</strong></span> 
     </span>
     <span class='ocr_line' id='line_1_46' title="bbox 531 5365 2230 5458; baseline -0.003 -19"><span class='ocrx_word' id='word_1_535' title='bbox 531 5374 577 5439; x_wconf 90' lang='lat' dir='ltr'><strong>ibi</strong></span> <span class='ocrx_word' id='word_1_536' title='bbox 602 5376 827 5455; x_wconf 86' lang='lat' dir='ltr'><strong>constituatur,</strong></span> <span class='ocrx_word' id='word_1_537' title='bbox 852 5372 911 5436; x_wconf 90' lang='lat' dir='ltr'><strong>sed</strong></span> <span class='ocrx_word' id='word_1_538' title='bbox 935 5371 1004 5436; x_wconf 89' lang='lat' dir='ltr'><strong>sola</strong></span> <span class='ocrx_word' id='word_1_539' title='bbox 1027 5369 1187 5458; x_wconf 85' lang='lat' dir='ltr'><strong>imperiali</strong></span> <span class='ocrx_word' id='word_1_540' title='bbox 1206 5367 1420 5434; x_wconf 90' lang='lat' dir='ltr'><strong>subveniente</strong></span> <span class='ocrx_word' id='word_1_541' title='bbox 1441 5368 1582 5431; x_wconf 90' lang='lat' dir='ltr'><strong>dictione</strong></span> <span class='ocrx_word' id='word_1_542' title='bbox 1602 5366 1718 5430; x_wconf 89' lang='lat' dir='ltr'><strong>electio</strong></span> <span class='ocrx_word' id='word_1_543' title='bbox 1737 5365 1874 5430; x_wconf 88' lang='lat' dir='ltr'><strong>fratrum</strong></span> <span class='ocrx_word' id='word_1_544' title='bbox 1889 5367 1973 5431; x_wconf 89' lang='lat' dir='ltr'><strong>inste</strong></span> <span class='ocrx_word' id='word_1_545' title='bbox 1990 5377 2022 5431; x_wconf 92' lang='lat' dir='ltr'><strong>et</strong></span> <span class='ocrx_word' id='word_1_546' title='bbox 2036 5366 2186 5453; x_wconf 87' lang='lat' dir='ltr'><strong>legaliter</strong></span> <span class='ocrx_word' id='word_1_547' title='bbox 2202 5394 2230 5434; x_wconf 76' lang='lat' dir='ltr'><strong>rs</strong></span> 
     </span>
     <span class='ocr_line' id='line_1_47' title="bbox 531 5472 2185 5559; baseline -0.004 -16"><span class='ocrx_word' id='word_1_548' title='bbox 531 5480 618 5547; x_wconf 87' lang='lat' dir='ltr'><strong>facta</strong></span> <span class='ocrx_word' id='word_1_549' title='bbox 646 5481 854 5546; x_wconf 90' lang='lat' dir='ltr'><strong>confirmetur</strong></span> <span class='ocrx_word' id='word_1_550' title='bbox 876 5479 1041 5544; x_wconf 87' lang='lat' dir='ltr'><strong>muniatur</strong></span> <span class='ocrx_word' id='word_1_551' title='bbox 1064 5477 1259 5541; x_wconf 88' lang='lat' dir='ltr'><strong>investiatur</strong></span> <span class='ocrx_word' id='word_1_552' title='bbox 1281 5484 1314 5540; x_wconf 90' lang='lat' dir='ltr'><strong>et</strong></span> <span class='ocrx_word' id='word_1_553' title='bbox 1335 5473 1515 5538; x_wconf 88' lang='lat' dir='ltr'><strong>roboretur.</strong></span> <span class='ocrx_word' id='word_1_554' title='bbox 1563 5472 1599 5538; x_wconf 83' lang='lat' dir='ltr'><strong>si</strong></span> <span class='ocrx_word' id='word_1_555' title='bbox 1629 5482 1739 5538; x_wconf 89' lang='lat' dir='ltr'><strong>autem</strong></span> <span class='ocrx_word' id='word_1_556' title='bbox 1767 5474 1949 5559; x_wconf 82' lang='lat' dir='ltr'><strong>contigerit,</strong></span> <span class='ocrx_word' id='word_1_557' title='bbox 1980 5484 2015 5538; x_wconf 91' lang='lat' dir='ltr'><strong>ut</strong></span> <span class='ocrx_word' id='word_1_558' title='bbox 2045 5473 2109 5538; x_wconf 89' lang='lat' dir='ltr'><strong>duo</strong></span> <span class='ocrx_word' id='word_1_559' title='bbox 2139 5473 2185 5537; x_wconf 94' lang='lat' dir='ltr'><strong>ibi</strong></span> 
     </span>
    </p>
   </div>
   <div class='ocr_carea' id='block_1_4' title="bbox 601 5683 2187 5833">
    <p class='ocr_par' dir='ltr' id='par_1_4' title="bbox 601 5683 2187 5833">
     <span class='ocr_line' id='line_1_48' title="bbox 601 5683 2187 5765; baseline -0.008 -14"><span class='ocrx_word' id='word_1_560' title='bbox 601 5694 666 5751; x_wconf 72' lang='grc'><strong>869.</strong></span> <span class='ocrx_word' id='word_1_561' title='bbox 690 5693 797 5765; x_wconf 90' lang='lat' dir='ltr'><strong>[Bloch]</strong></span> <span class='ocrx_word' id='word_1_562' title='bbox 834 5695 861 5760; x_wconf 88' lang='lat' dir='ltr'><strong>a)</strong></span> <span class='ocrx_word' id='word_1_563' title='bbox 888 5698 1033 5761; x_wconf 84' lang='lat' dir='ltr'><strong>premonet</strong></span> <span class='ocrx_word' id='word_1_564' title='bbox 1050 5692 1081 5743; x_wconf 90' lang='lat' dir='ltr'><strong><em>N</em></strong></span> <span class='ocrx_word' id='word_1_565' title='bbox 1084 5692 1113 5745; x_wconf 84' lang='lat' dir='ltr'><strong>U.</strong></span> <span class='ocrx_word' id='word_1_566' title='bbox 1127 5690 1150 5744; x_wconf 89' lang='grc' dir='ltr'><strong>Ι.</strong></span> <span class='ocrx_word' id='word_1_567' title='bbox 1163 5689 1198 5741; x_wconf 89' lang='grc' dir='ltr'><strong>ΙΙ</strong></span> <span class='ocrx_word' id='word_1_568' title='bbox 1209 5714 1240 5732; x_wconf 92' lang='lat'>=</span> <span class='ocrx_word' id='word_1_569' title='bbox 1255 5689 1289 5741; x_wconf 98' lang='grc' dir='ltr'><em>Μ</em></span> <span class='ocrx_word' id='word_1_570' title='bbox 1356 5687 1386 5752; x_wconf 88' lang='lat' dir='ltr'><strong>b)</strong></span> <span class='ocrx_word' id='word_1_571' title='bbox 1409 5686 1434 5738; x_wconf 87' lang='grc' dir='ltr'><strong><em>Β</em></strong></span> <span class='ocrx_word' id='word_1_572' title='bbox 1449 5711 1479 5729; x_wconf 88' lang='lat'>=</span> <span class='ocrx_word' id='word_1_573' title='bbox 1494 5686 1524 5737; x_wconf 89' lang='lat' dir='ltr'><em>N</em></span> <span class='ocrx_word' id='word_1_574' title='bbox 1529 5686 1558 5740; x_wconf 86' lang='lat' dir='ltr'><strong>U.</strong></span> <span class='ocrx_word' id='word_1_575' title='bbox 1572 5686 1595 5740; x_wconf 91' lang='grc' dir='ltr'><strong>Ι,</strong></span> <span class='ocrx_word' id='word_1_576' title='bbox 1609 5686 1644 5737; x_wconf 83' lang='grc' dir='ltr'><strong>ΙΙ</strong></span> <span class='ocrx_word' id='word_1_577' title='bbox 1644 5703 1653 5746; x_wconf 85' lang='grc'><strong><em>;</em></strong></span> <span class='ocrx_word' id='word_1_578' title='bbox 1670 5683 1810 5762; x_wconf 71' lang='lat' dir='ltr'><strong>pertinent</strong></span> <span class='ocrx_word' id='word_1_579' title='bbox 1822 5686 1856 5738; x_wconf 98' lang='grc' dir='ltr'><em>Μ</em></span> <span class='ocrx_word' id='word_1_580' title='bbox 1924 5686 1950 5757; x_wconf 86' lang='lat' dir='ltr'><strong>c)</strong></span> <span class='ocrx_word' id='word_1_581' title='bbox 1974 5687 2077 5739; x_wconf 70' lang='lat' dir='ltr'><strong>[mins</strong></span> <span class='ocrx_word' id='word_1_582' title='bbox 2094 5690 2187 5755; x_wconf 83' lang='lat'><strong><em>11,10</em></strong></span> 
     </span>
     <span class='ocr_line' id='line_1_49' title="bbox 691 5756 1813 5833; baseline -0.006 -16"><span class='ocrx_word' id='word_1_583' title='bbox 691 5765 720 5833; x_wconf 84' lang='lat' dir='ltr'><strong>d)</strong></span> <span class='ocrx_word' id='word_1_584' title='bbox 741 5766 766 5818; x_wconf 87' lang='grc' dir='ltr'><strong><em>Β</em></strong></span> <span class='ocrx_word' id='word_1_585' title='bbox 781 5790 812 5809; x_wconf 93' lang='lat'>=</span> <span class='ocrx_word' id='word_1_586' title='bbox 826 5766 889 5820; x_wconf 85' lang='lat' dir='ltr'><strong>NU.</strong></span> <span class='ocrx_word' id='word_1_587' title='bbox 902 5764 926 5819; x_wconf 87' lang='lat' dir='ltr'><strong>I.</strong></span> <span class='ocrx_word' id='word_1_588' title='bbox 938 5764 985 5825; x_wconf 86' lang='lat'><strong>11,·</strong></span> <span class='ocrx_word' id='word_1_589' title='bbox 1007 5762 1042 5816; x_wconf 90' lang='lat' dir='ltr'><strong>de</strong></span> <span class='ocrx_word' id='word_1_590' title='bbox 1060 5762 1142 5815; x_wconf 87' lang='lat' dir='ltr'><strong>rebus</strong></span> <span class='ocrx_word' id='word_1_591' title='bbox 1160 5761 1194 5812; x_wconf 91' lang='grc' dir='ltr'><em>Μ</em></span> <span class='ocrx_word' id='word_1_592' title='bbox 1263 5760 1289 5827; x_wconf 87' lang='lat' dir='ltr'><strong>e)</strong></span> <span class='ocrx_word' id='word_1_593' title='bbox 1305 5759 1370 5812; x_wconf 77' lang='grc' dir='ltr'><strong>ΝΠ.</strong></span> <span class='ocrx_word' id='word_1_594' title='bbox 1383 5758 1407 5812; x_wconf 92' lang='grc' dir='ltr'><strong>Ι.</strong></span> <span class='ocrx_word' id='word_1_595' title='bbox 1420 5758 1455 5809; x_wconf 83' lang='grc' dir='ltr'><strong>ΙΙ</strong></span> <span class='ocrx_word' id='word_1_596' title='bbox 1467 5783 1497 5800; x_wconf 92' lang='lat'>=</span> <span class='ocrx_word' id='word_1_597' title='bbox 1512 5758 1557 5817; x_wconf 89' lang='grc' dir='ltr'><strong>Μ,·</strong></span> <span class='ocrx_word' id='word_1_598' title='bbox 1577 5756 1775 5826; x_wconf 80' lang='lat' dir='ltr'><strong>congregation</strong></span> <span class='ocrx_word' id='word_1_599' title='bbox 1788 5758 1813 5810; x_wconf 91' lang='lat' dir='ltr'><em>B</em></span> 
     </span>
    </p>
   </div>
   <div class='ocr_carea' id='block_1_5' title="bbox 0 0 2404 6486">
    <p class='ocr_par' dir='ltr' id='par_1_5' title="bbox 0 0 2404 6486">
     <span class='ocr_line' id='line_1_50' title="bbox 0 0 2404 6486; baseline 0 1"><span class='ocrx_word' id='word_1_600' title='bbox 0 0 2404 6486; x_wconf 95' lang='lat' dir='ltr'><strong> </strong></span> 
     </span>
    </p>
   </div>
  </div>
 </body>
</html>
