4836 6492
537 428 603 491 600
1138 433 1604 492 KAISERURKUNDEN.

536 628 636 689 edicto,
663 634 693 679 ut
718 627 811 679 nullus
837 629 891 679 dux
917 628 1038 680 marchio
1064 630 1212 695 spiscopus
1238 645 1330 679 comes
1357 630 1511 679 vicecomes
1536 627 1581 679 vel
1609 626 1710 692 aliquis
1738 620 1816 693 regi¹²
1840 625 1953 694 publice
1981 634 2095 679 exactor
2121 629 2192 679 hanc

534 741 655 786 nostram
673 736 844 786 sanctionem
863 736 965 787 audeat
987 736 1135 801 infringere
1159 750 1335 801 corrumpere
1355 734 1398 786 vel
1418 734 1524 787 violare
1550 736 1579 785 in
1603 733 1710 800 atiquo.
1724 750 1827 794 eorum,
1854 749 1925 800 quae
1951 740 2103 785 statuentes
2128 751 2193 786 cen·

494 864 499 874 ·
533 843 646 892 suimus.
677 842 706 893 Si
726 844 788 907 quis
806 858 882 902 vero,
901 843 975 908 quod
994 859 1049 894 non
1068 842 1213 903 credimus,
1232 844 1261 893 in
1280 841 1374 908 aliquo
1393 841 1515 894 violator
1533 840 1576 892 vel
1597 843 1785 893 contradictor
1803 842 1932 901 extiterit,
1951 843 2026 892 omni
2044 843 2192 893 occasione

533 950 696 1015 postposita,
713 956 825 1000 centum
843 948 925 1000 libres
942 951 1002 1000 anri
1020 955 1175 1016 componat,
1194 944 1392 1014 [medietatleur
1409 965 1516 1000 camere
1533 955 1625 1001 nostro
1641 956 1669 999 et
1682 949 1857 999 medietatem
1873 962 1891 995 r
1908 950 2050 1000 nominato
2064 949 2191 1000 cenobio.

534 1057 615 1117 Quod
634 1062 664 1106 ut
683 1058 774 1107 verius
793 1057 922 1108 credatur
940 1055 1157 1123 diligentiusque
1177 1057 1211 1107 ab
1230 1056 1356 1107 omnibus
1374 1057 1544 1115 observetur,
1564 1072 1645 1107 uranu
1661 1056 1774 1122 propria
1790 1056 1950 1108 roberantes
1966 1050 2075 1122 sigillo¹
2094 1062 2190 1107 nostro
2213 1064 2229 1105 u

531 1164 646 1215 inferius
664 1165 795 1214 iussimus
813 1165 947 1229 insigniri.

637 1281 816 1372 tsigmrm
847 1282 958 1350 domni
980 1283 1128 1349 Heinrici
1153 1282 1373 1348 Remanonnn
1403 1283 1609 1370 imperatoris
1639 1283 1761 1347 cesaris
1786 1290 1851 1361 (bl.)
1879 1305 2009 1370 semper
2030 1283 2190 1369 invictifi

637 1423 654 1514 il
678 1425 901 1491 Theodericus
917 1425 1131 1491 cancellarius
1147 1427 1221 1490 rice
1236 1425 1397 1491 Euerardi
1414 1428 1561 1514 episcopi
1577 1438 1610 1491 et
1625 1425 1880 1513 archicapellani
1894 1423 2047 1515 notari}
2068 1430 2125 1507 (SI.
2136 1431 2189 1508 D.)

636 1568 725 1633 Data
748 1591 834 1633 anno
858 1568 1020 1635 dominice
1044 1569 1278 1634 incarnationis
1301 1568 1473 1635 millesime
1491 1584 1577 1651 XXII,
1600 1569 1779 1635 indictione
1798 1584 1832 1651 v,
1856 1569 1950 1655 regni
1973 1590 2051 1633 vere
2074 1567 2187 1633 domni

528 1674 678 1740 Heinrici
708 1674 770 1741 dee
800 1676 941 1763 propitio
963 1690 1038 1759 xxl,
1068 1677 1198 1763 imperii
1221 1698 1300 1741 vere
1318 1690 1414 1759 VIIII,
1446 1687 1556 1741 actum
1578 1698 1657 1741 vere
1680 1675 1885 1759 Beneuent03
1915 1674 2055 1740 feliciter
2077 1697 2184 1740 amen.
2205 1702 2233 1741 n

1309 1975 1401 2063 471.

527 2138 706 2213 Heinrich
731 2138 884 2213 aerleius
908 2137 988 2214 den
1014 2138 1163 2214 Klester
1188 2138 1255 2213 der
1279 2137 1314 2213 h.
1336 2135 1480 2238 Sophia
1503 2164 1549 2214 cn
1573 2138 1759 2214 Benceent
1782 2137 1850 2213 dus
1876 2136 2090 2213 Wohlrecdt.

1656 2294 1801 2355 mmet
1824 2295 1906 2357 1022
1928 2324 1973 2333 —
1994 2295 2084 2370 nst
2106 2296 2134 2355 9.

631 2455 800 2531 mentm
828 2474 852 2516 s.
873 2455 997 2531 snare
1025 2475 1090 2515 vom
1112 2456 1144 2517 J.
1167 2457 1250 2526 1119,
1273 2454 1346 2531 jan
1370 2455 1775 2528 ostunensem
1803 2456 1856 2516 nr
1882 2455 2098 2515 venenam
2125 2456 2180 2515 er-

632 2563 755 2623 izena
776 2582 812 2623 a
834 2563 912 2623 eom
930 2563 1001 2631 (e).
2200 2575 2225 2615 s

637 2706 747 2781 Upbclli
766 2705 859 2766 Italia
875 2725 962 2766 suern
980 2707 1023 2766 ed.
1041 2706 1068 2765 1.
1085 2709 1116 2777 8,
1133 2707 1191 2765 671
1210 2724 1264 2765 nus
1281 2706 1312 2765 B
1328 2707 1382 2766 mit
1400 2725 1429 2765 a.
1445 2708 1506 2765 inc.
1527 2709 1623 2777 1072,
1641 2708 1717 2782 imp.
1735 2706 1756 2765 8
1775 2726 1818 2753 =
1837 2706 1879 2765 ed.
1900 2704 1946 2765 II.
1964 2697 2032 2777 10⁸,
2046 2707 2119 2766 488.
2136 2737 2180 2745 -

631 2812 756 2888 Stampf
768 2813 840 2890 Req.
861 2814 947 2873 1783.

636 2955 769 3028 Versusst
791 2958 865 3016 nuel
882 2957 973 3016 einen
993 2957 1289 3029 elterenfonnnler.
1328 2955 1394 3016 Das
1411 2956 1597 3017 Esmutokoll
1618 2957 1776 3031 entsprt‘cltt
1797 2957 1962 3033 &meamet
1983 2957 2033 3017 des
2054 2957 2116 3016 TA.
2136 2986 2180 2995 -

630 3062 694 3121 Zur
723 3062 888 3138 Detiernnp
920 3064 977 3139 apl.
1009 3064 1241 3139 minumum
1270 3064 1421 3123 Absctmtt
1443 3062 1515 3136 III,·
1548 3082 1601 3123 znr
1631 3062 1721 3123 Sacis
1749 3064 1804 3123 das
1831 3063 2020 3140 plectendus
2048 3062 2180 3139 Pisum

631 3169 783 3229 Benedicts
800 3169 888 3229 VIII.
909 3170 1053 3244 June-L.
1074 3170 1145 3246 Rep.
1162 3171 1251 3232 4037.
2196 3182 2224 3221 ὓ

630 3355 669 3418 ln
702 3356 833 3420 nemine
866 3368 979 3420 sancte
1011 3368 1045 3421 et
1076 3356 1245 3422 individue
1275 3357 1437 3423 trinitatis.
1484 3357 1660 3422 Heinricns
1692 3357 1805 3422 divina
1836 3357 1967 3422 favente
2000 3357 2179 3422 clemencia

524 3463 742 3527 Romanorum
776 3464 952 3550 imperator
984 3475 1152 3550 augustus.
1277 3463 1437 3529 Ecclesiis
1470 3463 1558 3529 cultu
1592 3463 1703 3529 diuino
1736 3466 1950 3529 constructis²
1982 3487 2041 3528 seu
2073 3466 2177 3529 eciam

523 3570 728 3634 monasteriis
751 3569 895 3657 regulari
919 3570 1092 3657 disciplina
1115 3572 1299 3636 constrictis
1326 3572 1353 3635 si
1377 3593 1476 3658 quarn
1500 3571 1711 3658 diligenciam
1734 3583 1790 3636 aut
1813 3594 1924 3636 curam
1947 3570 2176 3657 impendimus,

524 3676 694 3763 imperiale
717 3676 818 3743 decus
841 3688 988 3744 nestrum
1011 3679 1072 3744 hec
1096 3679 1279 3745 condecere
1307 3680 1505 3761 estimamus,
1537 3681 1671 3766 insuper
1694 3680 1799 3744 eciam
1829 3678 1943 3744 divina
1971 3679 2096 3765 premia
2118 3700 2176 3744 nos

524 3783 600 3848 inde
630 3784 767 3871 adipisci
800 3808 979 3872 speramus.
1028 3785 1172 3851 Proinde
1205 3784 1354 3851 omnibus
1386 3785 1440 3851 dei
1471 3785 1688 3874 fidelibusque
1720 3787 1840 3851 nestris
1871 3797 1938 3852 tam
1971 3784 2176 3872 presentibus
2193 3812 2221 3852 ss

523 3914 621 3978 quam
651 3893 768 3958 futrrris
797 3903 908 3958 netum
939 3893 1008 3958 fore
1039 3893 1197 3980 cupimus,
1231 3893 1371 3981 qualiter
1400 3916 1459 3958 nos
1486 3891 1529 3958 eb
1552 3895 1749 3980 peticionem
1772 3904 1806 3958 et
1828 3916 1938 3958 caram
1962 3892 2176 3958 dileccionem

524 3997 652 4063 abbatis
676 4001 778 4064 nostri
802 3999 954 4087 Gregorii
977 4001 1175 4067 monasterio
1197 4002 1232 4065 in
1256 4001 1447 4066 Beneuento
1475 4004 1650 4066 constituto
1674 4000 1762 4087 qued
1785 3999 1827 4065 ad
1850 4011 1998 4065 sanctam
2021 3999 2177 4087 Sophiam

524 4107 718 4189 nominatur,
743 4108 796 4172 cui
819 4107 889 4194 ipse
913 4131 1045 4194 preesse
1069 4107 1209 4191 videtur,
1241 4107 1361 4173 exhinc
1384 4110 1474 4173 etin
1496 4108 1639 4173 futurem
1663 4107 1883 4190 concedimus,
1913 4117 1950 4172 ut
1972 4108 2036 4194 ipsi
2059 4106 2176 4171 fratres

524 4212 605 4277 inibi
629 4212 690 4277 seb
713 4213 905 4279 monachico
929 4212 1040 4279 abitub
1064 4227 1097 4280 et
1120 4212 1315 4280 obediencia
1341 4215 1518 4297 constituti,
1548 4215 1610 4280 hec
1639 4216 1711 4301 ipse
1743 4213 1862 4280 abbate
1892 4224 2070 4280 memorate
2095 4212 2175 4279 Gre-

522 4321 614 4405 gorio
638 4320 834 4407 quandoque
858 4332 984 4387 mortue
1009 4345 1066 4386 seu
1086 4321 1159 4386 aliis
1178 4319 1352 4387 abbatibus
1371 4321 1434 4386 sibi
1454 4320 1706 4387 succedentibus
1724 4321 1862 4387 eandem
1882 4323 1970 4386 viam
1988 4322 2174 4408 ingressus
2193 4349 2220 4388 re

523 4427 647 4513 eligant
678 4426 740 4493 sibi
768 4429 853 4494 inter
883 4452 917 4493 se
946 4426 1109 4510 abbatem,
1141 4452 1368 4515 quemcunque
1395 4428 1507 4510 velint,
1539 4451 1635 4515 quem
1664 4430 1735 4494 eius
1765 4428 1915 4494 honerisb
1938 4440 1995 4492 aut
2023 4428 2174 4493 honorisl

523 4533 658 4619 dignum
682 4559 754 4600 esse
778 4537 1000 4622 cognoverint.
1048 4535 1165 4617 Quod*
1189 4538 1227 4618 si,
1251 4536 1339 4623 qued
1362 4534 1457 4618 absit,
1482 4536 1555 4600 talis
1579 4537 1664 4600 inter
1687 4559 1743 4601 ees
1766 4536 1907 4601 inveniri
1931 4537 2054 4623 nequit,
2078 4557 2176 4623 quem

523 4643 704 4706 communis
729 4642 850 4708 eleccio
874 4643 1010 4708 fratrum
1035 4643 1169 4730 dignum
1193 4643 1397 4726 iudicaverit,
1428 4641 1565 4708 hberam
1595 4644 1643 4708 eis
1674 4642 1883 4707 concedimus
1905 4652 2110 4730 potestatem,
2140 4652 2175 4706 ut

523 4772 565 4813 cx
596 4748 668 4813 aliis
698 4750 903 4814 monasteriis
933 4749 1133 4837 spontaneeb
1164 4749 1227 4814 sihi
1260 4749 1382 4836 eligant
1413 4748 1578 4815 abbatem.
1623 4750 1668 4815 Et
1698 4761 1735 4815 ut
1765 4751 1826 4837 hee
1859 4750 2034 4815 auotoritas
2065 4760 2174 4815 nostre

523 4856 711 4942 largicionis
733 4879 794 4943 per
817 4867 936 4922 cuncta
959 4856 1069 4922 futura
1091 4856 1203 4922 secula
1225 4859 1258 4922 in
1283 4857 1337 4921 dci
1360 4859 1490 4922 nemine
1512 4859 1657 4945 optineat
1679 4856 1899 4939 stabilitatem,
1922 4880 2022 4922 manu
2044 4858 2175 4944 propria
2192 4880 2218 4921 rs

523 4974 634 5028 nestra
657 4961 770 5028 subter
792 4986 864 5027 eam
889 4964 1152 5029 confirmavimus
1177 4976 1209 5028 et
1232 4964 1330 5050 sigilli
1353 4967 1455 5029 nostri
1478 4966 1680 5053 inpressione
1703 4965 1856 5029 iussimus
1879 4964 2038 5051 insigniri.

631 5106 855 5172 Theodericus
894 5106 1108 5171 cancellarius
1146 5108 1219 5172 vice
1253 5106 1416 5171 Eherardi
1451 5106 1726 5194 Pepebergiensis
1765 5105 1904 5195 ecclesie
1942 5106 2109 5193 episcopib
2143 5116 2174 5171 et

523 5213 799 5302 archicappellani
823 5215 944 5278 notavi.

629 5359 720 5424 Data
742 5373 776 5422 v.
801 5357 845 5422 id.
870 5356 1002 5444 aprilis⁰
1026 5357 1209 5423 indiccione
1232 5373 1265 5440 v,
1297 5380 1382 5422 anne
1413 5356 1575 5423 dominice
1606 5357 1845 5421 incarnacionis
1875 5355 2067 5422 millesime‘
2090 5370 2172 5435 XXII,

523 5491 607 5532 anno
624 5466 735 5531 domni
751 5465 900 5531 Heinrici
916 5466 1083 5551 regnantis
1100 5464 1234 5529 secundi
1250 5480 1307 5547 xx,
1326 5465 1456 5552 imperii
1471 5487 1549 5530 vere
1561 5478 1659 5547 VIIII3
1679 5473 1788 5529 actum
1802 5463 2009 5547 Beneuente;
2025 5462 2172 5529 feliciter.
2189 5486 2217 5526 rc

594 5696 911 5766 transsuere
981 5696 1002 5765 i)
1023 5714 1040 5750 o
1058 5713 1129 5751 corr.
1147 5714 1199 5750 arse
1217 5702 1243 5752 u.

594 5797 659 5853 Ill.
686 5794 794 5867 [Bloch]
831 5798 859 5864 a)
876 5795 1060 5849 constratisB
1131 5794 1161 5861 b)
1182 5795 1208 5848 Β
1279 5796 1306 5862 c)
1327 5794 1482 5865 ingressiB
1552 5793 1581 5863 d)
1600 5792 1705 5863 quidB
1783 5795 1810 5862 e)
1828 5792 1966 5863 aprelisB
2038 5792 2065 5860 f)
2086 5791 2172 5846 ifle.
