<?xml version="1.0" encoding="UTF-8"?>
<!DOCTYPE html PUBLIC "-//W3C//DTD XHTML 1.0 Transitional//EN"
    "http://www.w3.org/TR/xhtml1/DTD/xhtml1-transitional.dtd">
<html xmlns="http://www.w3.org/1999/xhtml" xml:lang="en" lang="en">
 <head>
  <title>
</title>
<meta http-equiv="Content-Type" content="text/html;charset=utf-8" />
  <meta name='ocr-system' content='tesseract 3.04.00' />
  <meta name='ocr-capabilities' content='ocr_page ocr_carea ocr_par ocr_line ocrx_word'/>
</head>
<body>
  <div class='ocr_page' id='page_1' title='image "./monumentagerman01gescgoog_0527.png"; bbox 0 0 4798 6486; ppageno 0'>
   <div class='ocr_carea' id='block_1_1' title="bbox 516 398 1582 462">
    <p class='ocr_par' dir='ltr' id='par_1_1' title="bbox 516 398 1582 462">
     <span class='ocr_line' id='line_1_1' title="bbox 516 398 1582 462; baseline -0.003 0"><span class='ocrx_word' id='word_1_1' title='bbox 516 398 582 462; x_wconf 81' lang='grc'><strong>492</strong></span> <span class='ocrx_word' id='word_1_2' title='bbox 1118 404 1582 462; x_wconf 81' lang='lat' dir='ltr'>KAISERUBKUNDEN.</span> 
     </span>
    </p>
   </div>
   <div class='ocr_carea' id='block_1_2' title="bbox 470 589 2221 4723">
    <p class='ocr_par' dir='ltr' id='par_1_2' title="bbox 624 589 2173 679">
     <span class='ocr_line' id='line_1_2' title="bbox 624 589 2173 679; baseline -0.001 -24"><span class='ocrx_word' id='word_1_3' title='bbox 624 599 683 671; x_wconf 84' lang='lat' dir='ltr'><strong>(C.)</strong></span> <span class='ocrx_word' id='word_1_4' title='bbox 707 589 724 679; x_wconf 63' lang='grc' dir='ltr'><strong><em>ξ</em></strong></span> <span class='ocrx_word' id='word_1_5' title='bbox 746 591 786 655; x_wconf 89' lang='lat' dir='ltr'><strong>In</strong></span> <span class='ocrx_word' id='word_1_6' title='bbox 815 592 947 656; x_wconf 91' lang='lat' dir='ltr'><strong>nomine</strong></span> <span class='ocrx_word' id='word_1_7' title='bbox 979 601 1110 657; x_wconf 86' lang='lat' dir='ltr'><strong>sanctae</strong></span> <span class='ocrx_word' id='word_1_8' title='bbox 1142 602 1175 656; x_wconf 92' lang='lat' dir='ltr'><strong>et</strong></span> <span class='ocrx_word' id='word_1_9' title='bbox 1204 590 1358 656; x_wconf 81' lang='lat' dir='ltr'><strong>indiuae⁸</strong></span> <span class='ocrx_word' id='word_1_10' title='bbox 1387 590 1551 657; x_wconf 73' lang='lat' dir='ltr'><strong>trinitatis.</strong></span> <span class='ocrx_word' id='word_1_11' title='bbox 1601 589 1777 655; x_wconf 88' lang='lat' dir='ltr'><strong>Heinricus</strong></span> <span class='ocrx_word' id='word_1_12' title='bbox 1807 589 1920 654; x_wconf 84' lang='lat' dir='ltr'><strong>divina</strong></span> <span class='ocrx_word' id='word_1_13' title='bbox 1948 589 2080 654; x_wconf 80' lang='lat' dir='ltr'><strong>favente</strong></span> <span class='ocrx_word' id='word_1_14' title='bbox 2110 589 2173 654; x_wconf 93' lang='lat' dir='ltr'><strong>cle·</strong></span> 
     </span>
    </p>

    <p class='ocr_par' dir='ltr' id='par_1_3' title="bbox 470 693 2221 4723">
     <span class='ocr_line' id='line_1_3' title="bbox 470 693 2173 786; baseline -0.002 -24"><span class='ocrx_word' id='word_1_15' title='bbox 470 771 473 774; x_wconf 13' lang='lat'><strong>⁴</strong></span> <span class='ocrx_word' id='word_1_16' title='bbox 516 699 639 763; x_wconf 88' lang='lat' dir='ltr'><strong>mentia</strong></span> <span class='ocrx_word' id='word_1_17' title='bbox 660 697 881 762; x_wconf 89' lang='lat' dir='ltr'><strong>Romanorum</strong></span> <span class='ocrx_word' id='word_1_18' title='bbox 904 699 1083 784; x_wconf 89' lang='lat' dir='ltr'><strong>imperator</strong></span> <span class='ocrx_word' id='word_1_19' title='bbox 1105 696 1307 786; x_wconf 54' lang='lat' dir='ltr'><strong>augustana</strong></span> <span class='ocrx_word' id='word_1_20' title='bbox 1408 696 1617 783; x_wconf 77' lang='lat' dir='ltr'><strong>Ubicumque</strong></span> <span class='ocrx_word' id='word_1_21' title='bbox 1639 695 1786 761; x_wconf 88' lang='lat' dir='ltr'><strong>locorum</strong></span> <span class='ocrx_word' id='word_1_22' title='bbox 1808 694 1986 761; x_wconf 75' lang='lat' dir='ltr'><strong>aecclesias</strong></span> <span class='ocrx_word' id='word_1_23' title='bbox 2010 719 2031 760; x_wconf 90' lang='lat' dir='ltr'><strong>a</strong></span> <span class='ocrx_word' id='word_1_24' title='bbox 2053 693 2173 761; x_wconf 82' lang='lat' dir='ltr'><strong>Christi</strong></span> 
     </span>
     <span class='ocr_line' id='line_1_4' title="bbox 516 801 2172 891; baseline -0.001 -24"><span class='ocrx_word' id='word_1_25' title='bbox 516 803 668 868; x_wconf 89' lang='lat' dir='ltr'><strong>fidelibus</strong></span> <span class='ocrx_word' id='word_1_26' title='bbox 699 806 893 869; x_wconf 88' lang='lat' dir='ltr'><strong>constitutas</strong></span> <span class='ocrx_word' id='word_1_27' title='bbox 922 804 975 868; x_wconf 88' lang='lat' dir='ltr'><strong>vel</strong></span> <span class='ocrx_word' id='word_1_28' title='bbox 1006 803 1130 891; x_wconf 90' lang='lat' dir='ltr'><strong>aliquid</strong></span> <span class='ocrx_word' id='word_1_29' title='bbox 1159 803 1312 868; x_wconf 88' lang='lat' dir='ltr'><strong>addendo</strong></span> <span class='ocrx_word' id='word_1_30' title='bbox 1341 804 1395 869; x_wconf 89' lang='lat' dir='ltr'><strong>vel</strong></span> <span class='ocrx_word' id='word_1_31' title='bbox 1425 803 1539 868; x_wconf 91' lang='lat' dir='ltr'><strong>addita</strong></span> <span class='ocrx_word' id='word_1_32' title='bbox 1568 802 1790 868; x_wconf 86' lang='lat' dir='ltr'><strong>confirmando</strong></span> <span class='ocrx_word' id='word_1_33' title='bbox 1819 803 1986 883; x_wconf 74' lang='lat' dir='ltr'><strong>iuramus,</strong></span> <span class='ocrx_word' id='word_1_34' title='bbox 2016 801 2110 867; x_wconf 90' lang='lat' dir='ltr'><strong>nobis</strong></span> <span class='ocrx_word' id='word_1_35' title='bbox 2138 801 2172 866; x_wconf 95' lang='lat' dir='ltr'><strong>id</strong></span> 
     </span>
     <span class='ocr_line' id='line_1_5' title="bbox 517 908 2172 999; baseline -0.001 -26"><span class='ocrx_word' id='word_1_36' title='bbox 517 911 676 996; x_wconf 85' lang='lat' dir='ltr'><strong>regnique</strong></span> <span class='ocrx_word' id='word_1_37' title='bbox 704 909 709 999; x_wconf 77' lang='grc' dir='ltr'>Ι</span> <span class='ocrx_word' id='word_1_38' title='bbox 736 912 838 975; x_wconf 88' lang='lat' dir='ltr'><strong>nostri</strong></span> <span class='ocrx_word' id='word_1_39' title='bbox 869 909 1038 975; x_wconf 75' lang='lat' dir='ltr'><strong>stabilitati</strong></span> <span class='ocrx_word' id='word_1_40' title='bbox 1068 909 1225 996; x_wconf 85' lang='lat' dir='ltr'><strong>prodesse</strong></span> <span class='ocrx_word' id='word_1_41' title='bbox 1259 932 1326 974; x_wconf 89' lang='lat' dir='ltr'><strong>non</strong></span> <span class='ocrx_word' id='word_1_42' title='bbox 1356 908 1553 974; x_wconf 86' lang='lat' dir='ltr'><strong>dubitamus.</strong></span> <span class='ocrx_word' id='word_1_43' title='bbox 1606 908 1816 996; x_wconf 75' lang='lat' dir='ltr'><strong>Quapropter</strong></span> <span class='ocrx_word' id='word_1_44' title='bbox 1848 910 1978 973; x_wconf 86' lang='lat' dir='ltr'><strong>noverit</strong></span> <span class='ocrx_word' id='word_1_45' title='bbox 2011 909 2172 973; x_wconf 56' lang='lat' dir='ltr'><strong>omnium*</strong></span> 
     </span>
     <span class='ocr_line' id='line_1_6' title="bbox 517 1014 2211 1103; baseline 0.001 -23"><span class='ocrx_word' id='word_1_46' title='bbox 517 1015 663 1081; x_wconf 90' lang='lat' dir='ltr'><strong>fidelium</strong></span> <span class='ocrx_word' id='word_1_47' title='bbox 685 1026 935 1103; x_wconf 88' lang='lat' dir='ltr'><strong>nostrorumque</strong></span> <span class='ocrx_word' id='word_1_48' title='bbox 958 1017 1166 1099; x_wconf 85' lang='lat' dir='ltr'><strong>universitas,</strong></span> <span class='ocrx_word' id='word_1_49' title='bbox 1198 1016 1338 1103; x_wconf 86' lang='lat' dir='ltr'><strong>qualiter</strong></span> <span class='ocrx_word' id='word_1_50' title='bbox 1359 1038 1420 1080; x_wconf 92' lang='lat' dir='ltr'><strong>nos</strong></span> <span class='ocrx_word' id='word_1_51' title='bbox 1442 1038 1502 1103; x_wconf 91' lang='lat' dir='ltr'><strong>pro</strong></span> <span class='ocrx_word' id='word_1_52' title='bbox 1525 1014 1671 1079; x_wconf 92' lang='lat' dir='ltr'><strong>remedio</strong></span> <span class='ocrx_word' id='word_1_53' title='bbox 1700 1016 1808 1101; x_wconf 74' lang='lat' dir='ltr'><strong>anime</strong></span> <span class='ocrx_word' id='word_1_54' title='bbox 1837 1026 1946 1079; x_wconf 88' lang='lat' dir='ltr'><strong>nostre</strong></span> <span class='ocrx_word' id='word_1_55' title='bbox 1973 1016 2172 1102; x_wconf 86' lang='lat' dir='ltr'><strong>seniorisque</strong></span> <span class='ocrx_word' id='word_1_56' title='bbox 2195 1043 2211 1082; x_wconf 83' lang='lat' dir='ltr'><strong>s</strong></span> 
     </span>
     <span class='ocr_line' id='line_1_7' title="bbox 517 1121 2173 1209; baseline -0.001 -22"><span class='ocrx_word' id='word_1_57' title='bbox 517 1133 552 1188; x_wconf 88' lang='lat' dir='ltr'><strong>et</strong></span> <span class='ocrx_word' id='word_1_58' title='bbox 574 1123 703 1209; x_wconf 86' lang='lat' dir='ltr'><strong>nepotis</strong></span> <span class='ocrx_word' id='word_1_59' title='bbox 732 1123 835 1187; x_wconf 92' lang='lat' dir='ltr'><strong>nostri</strong></span> <span class='ocrx_word' id='word_1_60' title='bbox 865 1123 953 1188; x_wconf 86' lang='lat' dir='ltr'><strong>tertii</strong></span> <span class='ocrx_word' id='word_1_61' title='bbox 981 1122 1137 1187; x_wconf 80' lang='lat' dir='ltr'><strong>videlicet</strong></span> <span class='ocrx_word' id='word_1_62' title='bbox 1161 1122 1290 1188; x_wconf 90' lang='lat' dir='ltr'><strong>Ottouis</strong></span> <span class='ocrx_word' id='word_1_63' title='bbox 1322 1123 1528 1209; x_wconf 87' lang='lat' dir='ltr'><strong>imperatoris</strong></span> <span class='ocrx_word' id='word_1_64' title='bbox 1559 1122 1699 1207; x_wconf 84' lang='lat' dir='ltr'><strong>augusti,</strong></span> <span class='ocrx_word' id='word_1_65' title='bbox 1731 1122 1787 1208; x_wconf 91' lang='lat' dir='ltr'><strong>qui</strong></span> <span class='ocrx_word' id='word_1_66' title='bbox 1816 1121 1923 1209; x_wconf 89' lang='lat' dir='ltr'><strong>ipsum</strong></span> <span class='ocrx_word' id='word_1_67' title='bbox 1952 1121 2173 1187; x_wconf 85' lang='lat' dir='ltr'><strong>venerabilem</strong></span> 
     </span>
     <span class='ocr_line' id='line_1_8' title="bbox 517 1228 2174 1315; baseline -0.001 -21"><span class='ocrx_word' id='word_1_68' title='bbox 517 1229 625 1294; x_wconf 90' lang='lat' dir='ltr'><strong>locum</strong></span> <span class='ocrx_word' id='word_1_69' title='bbox 656 1229 698 1293; x_wconf 93' lang='lat' dir='ltr'><strong>ad</strong></span> <span class='ocrx_word' id='word_1_70' title='bbox 729 1228 783 1293; x_wconf 94' lang='lat' dir='ltr'><strong>dei</strong></span> <span class='ocrx_word' id='word_1_71' title='bbox 813 1230 982 1294; x_wconf 83' lang='lat' dir='ltr'><strong>servitium</strong></span> <span class='ocrx_word' id='word_1_72' title='bbox 1011 1228 1059 1293; x_wconf 93' lang='lat' dir='ltr'><strong>ibi</strong></span> <span class='ocrx_word' id='word_1_73' title='bbox 1090 1228 1349 1294; x_wconf 88' lang='lat' dir='ltr'><strong>confirmandum</strong></span> <span class='ocrx_word' id='word_1_74' title='bbox 1379 1230 1412 1293; x_wconf 91' lang='lat' dir='ltr'><strong>in</strong></span> <span class='ocrx_word' id='word_1_75' title='bbox 1443 1230 1615 1293; x_wconf 87' lang='lat' dir='ltr'><strong>tuitionem</strong></span> <span class='ocrx_word' id='word_1_76' title='bbox 1643 1252 1701 1315; x_wconf 74' lang='lat' dir='ltr'><strong>sue</strong></span> <span class='ocrx_word' id='word_1_77' title='bbox 1734 1230 1942 1315; x_wconf 71' lang='lat' dir='ltr'><strong>imperatorie</strong></span> <span class='ocrx_word' id='word_1_78' title='bbox 1975 1230 2174 1293; x_wconf 86' lang='lat' dir='ltr'><strong>auctoritatis</strong></span> 
     </span>
     <span class='ocr_line' id='line_1_9' title="bbox 518 1332 2173 1424; baseline -0.001 -25"><span class='ocrx_word' id='word_1_79' title='bbox 518 1337 671 1422; x_wconf 87' lang='lat' dir='ltr'><strong>suscepit,</strong></span> <span class='ocrx_word' id='word_1_80' title='bbox 691 1337 878 1400; x_wconf 66' lang='lat' dir='ltr'><strong>interuentu</strong></span> <span class='ocrx_word' id='word_1_81' title='bbox 894 1336 992 1400; x_wconf 90' lang='lat' dir='ltr'><strong>etiam</strong></span> <span class='ocrx_word' id='word_1_82' title='bbox 1008 1335 1177 1400; x_wconf 89' lang='lat' dir='ltr'><strong>Reinharii</strong></span> <span class='ocrx_word' id='word_1_83' title='bbox 1196 1336 1324 1401; x_wconf 88' lang='lat' dir='ltr'><strong>comitis</strong></span> <span class='ocrx_word' id='word_1_84' title='bbox 1342 1334 1425 1424; x_wconf 67' lang='grc' dir='ltr'><strong>[66]ο</strong></span> <span class='ocrx_word' id='word_1_85' title='bbox 1442 1336 1599 1421; x_wconf 89' lang='lat' dir='ltr'><strong>petitione</strong></span> <span class='ocrx_word' id='word_1_86' title='bbox 1616 1333 1758 1399; x_wconf 85' lang='lat' dir='ltr'><strong>Gerardi</strong></span> <span class='ocrx_word' id='word_1_87' title='bbox 1774 1332 2021 1400; x_wconf 82' lang='lat' dir='ltr'><strong>Cameracensis</strong></span> <span class='ocrx_word' id='word_1_88' title='bbox 2037 1334 2173 1400; x_wconf 83' lang='lat' dir='ltr'><strong>ecclesie</strong></span> 
     </span>
     <span class='ocr_line' id='line_1_10' title="bbox 517 1440 2173 1529; baseline -0.001 -23"><span class='ocrx_word' id='word_1_89' title='bbox 517 1441 699 1506; x_wconf 85' lang='lat' dir='ltr'><strong>venerandi</strong></span> <span class='ocrx_word' id='word_1_90' title='bbox 728 1441 867 1529; x_wconf 87' lang='lat' dir='ltr'><strong>presulis</strong></span> <span class='ocrx_word' id='word_1_91' title='bbox 898 1444 1036 1528; x_wconf 89' lang='lat' dir='ltr'><strong>pauperi</strong></span> <span class='ocrx_word' id='word_1_92' title='bbox 1066 1443 1262 1508; x_wconf 89' lang='lat' dir='ltr'><strong>monasterio</strong></span> <span class='ocrx_word' id='word_1_93' title='bbox 1292 1444 1328 1507; x_wconf 91' lang='lat' dir='ltr'><strong>in</strong></span> <span class='ocrx_word' id='word_1_94' title='bbox 1358 1443 1480 1507; x_wconf 88' lang='lat' dir='ltr'><strong>honore</strong></span> <span class='ocrx_word' id='word_1_95' title='bbox 1512 1443 1617 1506; x_wconf 89' lang='lat' dir='ltr'><strong>sancti</strong></span> <span class='ocrx_word' id='word_1_96' title='bbox 1646 1441 1737 1506; x_wconf 91' lang='lat' dir='ltr'><strong>Petri</strong></span> <span class='ocrx_word' id='word_1_97' title='bbox 1769 1440 1989 1528; x_wconf 88' lang='lat' dir='ltr'><strong>apostolorum</strong></span> <span class='ocrx_word' id='word_1_98' title='bbox 2020 1442 2173 1529; x_wconf 92' lang='lat' dir='ltr'><strong>principis</strong></span> 
     </span>
     <span class='ocr_line' id='line_1_11' title="bbox 518 1546 2221 1635; baseline 0.001 -22"><span class='ocrx_word' id='word_1_99' title='bbox 518 1558 715 1631; x_wconf 89' lang='lat' dir='ltr'><strong>constmcto,</strong></span> <span class='ocrx_word' id='word_1_100' title='bbox 739 1548 796 1613; x_wconf 94' lang='lat' dir='ltr'><strong>ubi</strong></span> <span class='ocrx_word' id='word_1_101' title='bbox 819 1550 988 1635; x_wconf 87' lang='lat' dir='ltr'><strong>preciosus</strong></span> <span class='ocrx_word' id='word_1_102' title='bbox 1012 1548 1180 1614; x_wconf 87' lang='lat' dir='ltr'><strong>confessor</strong></span> <span class='ocrx_word' id='word_1_103' title='bbox 1203 1548 1327 1614; x_wconf 82' lang='lat' dir='ltr'><strong>Christi</strong></span> <span class='ocrx_word' id='word_1_104' title='bbox 1351 1547 1505 1613; x_wconf 86' lang='lat' dir='ltr'><strong>Gislenus</strong></span> <span class='ocrx_word' id='word_1_105' title='bbox 1530 1547 1743 1634; x_wconf 88' lang='lat' dir='ltr'><strong>corporaliter</strong></span> <span class='ocrx_word' id='word_1_106' title='bbox 1764 1549 1872 1611; x_wconf 89' lang='lat' dir='ltr'><strong>iacere</strong></span> <span class='ocrx_word' id='word_1_107' title='bbox 1895 1547 2035 1629; x_wconf 85' lang='lat' dir='ltr'><strong>videtur,</strong></span> <span class='ocrx_word' id='word_1_108' title='bbox 2062 1546 2175 1634; x_wconf 86' lang='lat' dir='ltr'><strong>predia</strong></span> <span class='ocrx_word' id='word_1_109' title='bbox 2193 1575 2221 1615; x_wconf 84' lang='grc' dir='ltr'><strong>ιο</strong></span> 
     </span>
     <span class='ocr_line' id='line_1_12' title="bbox 518 1653 2173 1741; baseline -0.001 -22"><span class='ocrx_word' id='word_1_110' title='bbox 518 1679 539 1719; x_wconf 90' lang='lat' dir='ltr'><strong>a</strong></span> <span class='ocrx_word' id='word_1_111' title='bbox 562 1653 684 1720; x_wconf 83' lang='lat' dir='ltr'><strong>Christi</strong></span> <span class='ocrx_word' id='word_1_112' title='bbox 707 1654 860 1719; x_wconf 89' lang='lat' dir='ltr'><strong>fidelibus</strong></span> <span class='ocrx_word' id='word_1_113' title='bbox 891 1677 1049 1720; x_wconf 91' lang='lat' dir='ltr'><strong>concessa</strong></span> <span class='ocrx_word' id='word_1_114' title='bbox 1077 1655 1132 1719; x_wconf 86' lang='lat' dir='ltr'><strong>vel</strong></span> <span class='ocrx_word' id='word_1_115' title='bbox 1162 1655 1269 1720; x_wconf 90' lang='lat' dir='ltr'><strong>adhuc</strong></span> <span class='ocrx_word' id='word_1_116' title='bbox 1301 1653 1524 1735; x_wconf 89' lang='lat' dir='ltr'><strong>concedenda,</strong></span> <span class='ocrx_word' id='word_1_117' title='bbox 1555 1656 1758 1741; x_wconf 76' lang='lat' dir='ltr'><strong>procinctum</strong></span> <span class='ocrx_word' id='word_1_118' title='bbox 1788 1655 1887 1719; x_wconf 89' lang='lat' dir='ltr'><strong>etiam</strong></span> <span class='ocrx_word' id='word_1_119' title='bbox 1916 1653 1980 1720; x_wconf 93' lang='lat' dir='ltr'><strong>loci</strong></span> <span class='ocrx_word' id='word_1_120' title='bbox 2010 1655 2112 1740; x_wconf 89' lang='lat' dir='ltr'><strong>ipsius</strong></span> <span class='ocrx_word' id='word_1_121' title='bbox 2141 1654 2173 1717; x_wconf 91' lang='lat' dir='ltr'><strong>in</strong></span> 
     </span>
     <span class='ocr_line' id='line_1_13' title="bbox 518 1759 2174 1849; baseline -0.001 -24"><span class='ocrx_word' id='word_1_122' title='bbox 518 1784 600 1848; x_wconf 88' lang='lat' dir='ltr'><strong>gyro</strong></span> <span class='ocrx_word' id='word_1_123' title='bbox 625 1784 645 1826; x_wconf 89' lang='lat' dir='ltr'><strong>a</strong></span> <span class='ocrx_word' id='word_1_124' title='bbox 667 1760 800 1826; x_wconf 90' lang='lat' dir='ltr'><strong>flumine</strong></span> <span class='ocrx_word' id='word_1_125' title='bbox 824 1762 979 1826; x_wconf 84' lang='lat' dir='ltr'><strong>videlicet</strong></span> <span class='ocrx_word' id='word_1_126' title='bbox 994 1762 1139 1826; x_wconf 74' lang='lat' dir='ltr'><strong>Wamii‘1</strong></span> <span class='ocrx_word' id='word_1_127' title='bbox 1162 1785 1266 1849; x_wconf 90' lang='lat' dir='ltr'><strong>usque</strong></span> <span class='ocrx_word' id='word_1_128' title='bbox 1290 1762 1455 1843; x_wconf 79' lang='lat' dir='ltr'><strong>adriam,</strong></span> <span class='ocrx_word' id='word_1_129' title='bbox 1478 1759 1536 1827; x_wconf 93' lang='lat' dir='ltr'><strong>ubi</strong></span> <span class='ocrx_word' id='word_1_130' title='bbox 1559 1782 1678 1846; x_wconf 87' lang='lat' dir='ltr'><strong>magna</strong></span> <span class='ocrx_word' id='word_1_131' title='bbox 1708 1782 1791 1825; x_wconf 79' lang='lat' dir='ltr'><strong>critx</strong></span> <span class='ocrx_word' id='word_1_132' title='bbox 1820 1772 1940 1824; x_wconf 91' lang='lat' dir='ltr'><strong>statuta</strong></span> <span class='ocrx_word' id='word_1_133' title='bbox 1962 1770 2021 1841; x_wconf 89' lang='lat' dir='ltr'><strong>est,</strong></span> <span class='ocrx_word' id='word_1_134' title='bbox 2045 1770 2078 1824; x_wconf 92' lang='lat' dir='ltr'><strong>et</strong></span> <span class='ocrx_word' id='word_1_135' title='bbox 2100 1760 2174 1824; x_wconf 91' lang='lat' dir='ltr'><strong>inde</strong></span> 
     </span>
     <span class='ocr_line' id='line_1_14' title="bbox 519 1866 2175 1955; baseline -0.001 -23"><span class='ocrx_word' id='word_1_136' title='bbox 519 1867 562 1932; x_wconf 89' lang='lat' dir='ltr'><strong>ad</strong></span> <span class='ocrx_word' id='word_1_137' title='bbox 586 1867 724 1932; x_wconf 89' lang='lat' dir='ltr'><strong>alterum</strong></span> <span class='ocrx_word' id='word_1_138' title='bbox 747 1866 913 1933; x_wconf 80' lang='lat' dir='ltr'><strong>fluviolum</strong></span> <span class='ocrx_word' id='word_1_139' title='bbox 939 1869 996 1954; x_wconf 91' lang='lat' dir='ltr'><strong>qui</strong></span> <span class='ocrx_word' id='word_1_140' title='bbox 1018 1868 1173 1933; x_wconf 89' lang='lat' dir='ltr'><strong>Haneton</strong></span> <span class='ocrx_word' id='word_1_141' title='bbox 1196 1868 1388 1955; x_wconf 88' lang='lat' dir='ltr'><strong>appellatur,</strong></span> <span class='ocrx_word' id='word_1_142' title='bbox 1419 1880 1452 1932; x_wconf 91' lang='lat' dir='ltr'><strong>et</strong></span> <span class='ocrx_word' id='word_1_143' title='bbox 1481 1880 1517 1932; x_wconf 93' lang='lat' dir='ltr'><strong>ut</strong></span> <span class='ocrx_word' id='word_1_144' title='bbox 1540 1869 1647 1954; x_wconf 90' lang='lat' dir='ltr'><strong>ipsum</strong></span> <span class='ocrx_word' id='word_1_145' title='bbox 1670 1868 1873 1953; x_wconf 81' lang='lat' dir='ltr'><strong>procinctum</strong></span> <span class='ocrx_word' id='word_1_146' title='bbox 1894 1868 1929 1930; x_wconf 89' lang='lat' dir='ltr'><strong>in</strong></span> <span class='ocrx_word' id='word_1_147' title='bbox 1953 1868 2090 1931; x_wconf 88' lang='lat' dir='ltr'><strong>circuitu</strong></span> <span class='ocrx_word' id='word_1_148' title='bbox 2112 1866 2175 1931; x_wconf 93' lang='lat' dir='ltr'><strong>loci</strong></span> 
     </span>
     <span class='ocr_line' id='line_1_15' title="bbox 519 1972 2175 2061; baseline -0.001 -22"><span class='ocrx_word' id='word_1_149' title='bbox 519 1985 621 2039; x_wconf 87' lang='lat' dir='ltr'><strong>toturn</strong></span> <span class='ocrx_word' id='word_1_150' title='bbox 646 1984 763 2045; x_wconf 91' lang='lat' dir='ltr'><strong>&lt;cum</strong></span> <span class='ocrx_word' id='word_1_151' title='bbox 793 1974 940 2039; x_wconf 90' lang='lat' dir='ltr'><strong>districto</strong></span> <span class='ocrx_word' id='word_1_152' title='bbox 971 1986 1004 2039; x_wconf 92' lang='lat' dir='ltr'><strong>et</strong></span> <span class='ocrx_word' id='word_1_153' title='bbox 1034 1976 1231 2050; x_wconf 89' lang='lat' dir='ltr'><strong>comitatu&gt;</strong></span> <span class='ocrx_word' id='word_1_154' title='bbox 1255 1987 1375 2057; x_wconf 89' lang='lat' dir='ltr'><strong>teneat,</strong></span> <span class='ocrx_word' id='word_1_155' title='bbox 1406 1996 1575 2061; x_wconf 87' lang='lat' dir='ltr'><strong>quousque</strong></span> <span class='ocrx_word' id='word_1_156' title='bbox 1605 1973 1649 2038; x_wconf 90' lang='lat' dir='ltr'><strong>ad</strong></span> <span class='ocrx_word' id='word_1_157' title='bbox 1676 1972 1798 2038; x_wconf 89' lang='lat' dir='ltr'><strong>fiumen</strong></span> <span class='ocrx_word' id='word_1_158' title='bbox 1828 1995 1982 2060; x_wconf 87' lang='lat' dir='ltr'><strong>maguum</strong></span> <span class='ocrx_word' id='word_1_159' title='bbox 2005 1973 2175 2059; x_wconf 70' lang='lat' dir='ltr'><strong>Hagnam‘</strong></span> 
     </span>
     <span class='ocr_line' id='line_1_16' title="bbox 519 2079 2220 2169; baseline 0 -24"><span class='ocrx_word' id='word_1_160' title='bbox 519 2081 724 2167; x_wconf 73' lang='lat' dir='ltr'><strong>perveniat0,</strong></span> <span class='ocrx_word' id='word_1_161' title='bbox 754 2081 788 2144; x_wconf 92' lang='lat' dir='ltr'><strong>in</strong></span> <span class='ocrx_word' id='word_1_162' title='bbox 811 2080 891 2144; x_wconf 87' lang='lat' dir='ltr'><strong>villa</strong></span> <span class='ocrx_word' id='word_1_163' title='bbox 914 2080 1063 2164; x_wconf 88' lang='lat' dir='ltr'><strong>Homud,</strong></span> <span class='ocrx_word' id='word_1_164' title='bbox 1095 2105 1158 2168; x_wconf 74' lang='lat' dir='ltr'><strong>que</strong></span> <span class='ocrx_word' id='word_1_165' title='bbox 1182 2082 1268 2146; x_wconf 88' lang='lat' dir='ltr'><strong>infra</strong></span> <span class='ocrx_word' id='word_1_166' title='bbox 1297 2083 1500 2169; x_wconf 88' lang='lat' dir='ltr'><strong>precinctum</strong></span> <span class='ocrx_word' id='word_1_167' title='bbox 1531 2080 1672 2145; x_wconf 90' lang='lat' dir='ltr'><strong>eundem</strong></span> <span class='ocrx_word' id='word_1_168' title='bbox 1702 2102 1774 2144; x_wconf 89' lang='lat' dir='ltr'><strong>esse</strong></span> <span class='ocrx_word' id='word_1_169' title='bbox 1804 2079 1999 2161; x_wconf 88' lang='lat' dir='ltr'><strong>dinoscitur,</strong></span> <span class='ocrx_word' id='word_1_170' title='bbox 2034 2092 2066 2155; x_wconf 94' lang='lat'>&lt;</span> <span class='ocrx_word' id='word_1_171' title='bbox 2079 2101 2175 2166; x_wconf 88' lang='lat' dir='ltr'><strong>quarn</strong></span> <span class='ocrx_word' id='word_1_172' title='bbox 2195 2107 2220 2145; x_wconf 74' lang='lat' dir='ltr'><strong>rs</strong></span> 
     </span>
     <span class='ocr_line' id='line_1_17' title="bbox 519 2185 2176 2275; baseline -0.001 -24"><span class='ocrx_word' id='word_1_173' title='bbox 519 2186 717 2275; x_wconf 70' lang='lat' dir='ltr'><strong>llarg]itione</strong></span> <span class='ocrx_word' id='word_1_174' title='bbox 748 2186 933 2273; x_wconf 86' lang='lat' dir='ltr'><strong>Dagoberti</strong></span> <span class='ocrx_word' id='word_1_175' title='bbox 963 2189 1051 2273; x_wconf 88' lang='lat' dir='ltr'><strong>regis</strong></span> <span class='ocrx_word' id='word_1_176' title='bbox 1081 2186 1197 2252; x_wconf 90' lang='lat' dir='ltr'><strong>beatus</strong></span> <span class='ocrx_word' id='word_1_177' title='bbox 1229 2187 1383 2252; x_wconf 88' lang='lat' dir='ltr'><strong>Gislenus</strong></span> <span class='ocrx_word' id='word_1_178' title='bbox 1412 2199 1570 2274; x_wconf 92' lang='lat' dir='ltr'><strong>perpetuo</strong></span> <span class='ocrx_word' id='word_1_179' title='bbox 1601 2186 1804 2273; x_wconf 70' lang='lat' dir='ltr'><strong>possidet&gt;</strong></span> <span class='ocrx_word' id='word_1_180' title='bbox 1835 2186 1922 2250; x_wconf 88' lang='lat' dir='ltr'><strong>omni</strong></span> <span class='ocrx_word' id='word_1_181' title='bbox 1952 2196 2067 2272; x_wconf 89' lang='lat' dir='ltr'><strong>quarta</strong></span> <span class='ocrx_word' id='word_1_182' title='bbox 2095 2185 2176 2249; x_wconf 88' lang='lat' dir='ltr'><strong>feria</strong></span> 
     </span>
     <span class='ocr_line' id='line_1_18' title="bbox 519 2293 2174 2380; baseline -0.001 -23"><span class='ocrx_word' id='word_1_183' title='bbox 519 2305 698 2358; x_wconf 90' lang='lat' dir='ltr'><strong>mercatum</strong></span> <span class='ocrx_word' id='word_1_184' title='bbox 729 2316 801 2358; x_wconf 92' lang='lat' dir='ltr'><strong>esse</strong></span> <span class='ocrx_word' id='word_1_185' title='bbox 831 2316 891 2380; x_wconf 88' lang='lat' dir='ltr'><strong>per</strong></span> <span class='ocrx_word' id='word_1_186' title='bbox 919 2294 1005 2358; x_wconf 89' lang='lat' dir='ltr'><strong>hanc</strong></span> <span class='ocrx_word' id='word_1_187' title='bbox 1035 2304 1179 2359; x_wconf 88' lang='lat' dir='ltr'><strong>nostram</strong></span> <span class='ocrx_word' id='word_1_188' title='bbox 1210 2294 1411 2380; x_wconf 86' lang='lat' dir='ltr'><strong>imperialem</strong></span> <span class='ocrx_word' id='word_1_189' title='bbox 1435 2294 1589 2380; x_wconf 88' lang='lat' dir='ltr'><strong>paginam</strong></span> <span class='ocrx_word' id='word_1_190' title='bbox 1614 2293 1842 2357; x_wconf 88' lang='lat' dir='ltr'><strong>confirmamus</strong></span> <span class='ocrx_word' id='word_1_191' title='bbox 1866 2304 1894 2360; x_wconf 96' lang='lat'>&lt;</span> <span class='ocrx_word' id='word_1_192' title='bbox 1906 2314 1967 2357; x_wconf 90' lang='lat' dir='ltr'><strong>nec</strong></span> <span class='ocrx_word' id='word_1_193' title='bbox 1990 2314 2057 2356; x_wconf 89' lang='lat' dir='ltr'><strong>non</strong></span> <span class='ocrx_word' id='word_1_194' title='bbox 2079 2293 2174 2355; x_wconf 89' lang='lat' dir='ltr'><strong>etiam</strong></span> 
     </span>
     <span class='ocr_line' id='line_1_19' title="bbox 519 2398 2175 2487; baseline -0.002 -23"><span class='ocrx_word' id='word_1_195' title='bbox 519 2399 616 2465; x_wconf 85' lang='lat' dir='ltr'><strong>villae</strong></span> <span class='ocrx_word' id='word_1_196' title='bbox 647 2399 838 2464; x_wconf 88' lang='lat' dir='ltr'><strong>Alemannis</strong></span> <span class='ocrx_word' id='word_1_197' title='bbox 869 2399 951 2464; x_wconf 88' lang='lat' dir='ltr'><strong>duaa</strong></span> <span class='ocrx_word' id='word_1_198' title='bbox 981 2411 1101 2487; x_wconf 91' lang='lat' dir='ltr'><strong>partes,</strong></span> <span class='ocrx_word' id='word_1_199' title='bbox 1132 2423 1195 2486; x_wconf 91' lang='lat' dir='ltr'><strong>que</strong></span> <span class='ocrx_word' id='word_1_200' title='bbox 1225 2402 1288 2465; x_wconf 89' lang='lat' dir='ltr'><strong>sita</strong></span> <span class='ocrx_word' id='word_1_201' title='bbox 1318 2414 1367 2465; x_wconf 89' lang='lat' dir='ltr'><strong>est</strong></span> <span class='ocrx_word' id='word_1_202' title='bbox 1396 2401 1430 2463; x_wconf 92' lang='lat' dir='ltr'><strong>in</strong></span> <span class='ocrx_word' id='word_1_203' title='bbox 1459 2401 1622 2465; x_wconf 85' lang='lat' dir='ltr'><strong>territorio</strong></span> <span class='ocrx_word' id='word_1_204' title='bbox 1654 2398 1861 2479; x_wconf 86' lang='lat' dir='ltr'><strong>Suessonico,</strong></span> <span class='ocrx_word' id='word_1_205' title='bbox 1891 2400 1925 2462; x_wconf 92' lang='lat' dir='ltr'><strong>in</strong></span> <span class='ocrx_word' id='word_1_206' title='bbox 1954 2398 2104 2463; x_wconf 91' lang='lat' dir='ltr'><strong>omnibus</strong></span> <span class='ocrx_word' id='word_1_207' title='bbox 2133 2398 2175 2462; x_wconf 90' lang='lat' dir='ltr'><strong>ad</strong></span> 
     </span>
     <span class='ocr_line' id='line_1_20' title="bbox 520 2504 2175 2593; baseline -0.001 -23"><span class='ocrx_word' id='word_1_208' title='bbox 520 2505 658 2571; x_wconf 91' lang='lat' dir='ltr'><strong>eandem</strong></span> <span class='ocrx_word' id='word_1_209' title='bbox 681 2506 793 2570; x_wconf 85' lang='lat' dir='ltr'><strong>villain</strong></span> <span class='ocrx_word' id='word_1_210' title='bbox 817 2507 1032 2593; x_wconf 86' lang='lat' dir='ltr'><strong>pertinentiis,</strong></span> <span class='ocrx_word' id='word_1_211' title='bbox 1056 2506 1213 2571; x_wconf 84' lang='lat' dir='ltr'><strong>videlicet</strong></span> <span class='ocrx_word' id='word_1_212' title='bbox 1236 2508 1383 2571; x_wconf 88' lang='lat' dir='ltr'><strong>interris</strong></span> <span class='ocrx_word' id='word_1_213' title='bbox 1403 2506 1498 2571; x_wconf 89' lang='lat' dir='ltr'><strong>cultis</strong></span> <span class='ocrx_word' id='word_1_214' title='bbox 1518 2505 1709 2587; x_wconf 75' lang='lat' dir='ltr'><strong>etincultiS,</strong></span> <span class='ocrx_word' id='word_1_215' title='bbox 1732 2506 1768 2569; x_wconf 93' lang='lat' dir='ltr'><strong>in</strong></span> <span class='ocrx_word' id='word_1_216' title='bbox 1785 2506 1927 2591; x_wconf 90' lang='lat' dir='ltr'><strong>pascuis,</strong></span> <span class='ocrx_word' id='word_1_217' title='bbox 1950 2506 1985 2568; x_wconf 92' lang='lat' dir='ltr'><strong>in</strong></span> <span class='ocrx_word' id='word_1_218' title='bbox 2004 2504 2175 2592; x_wconf 89' lang='lat' dir='ltr'><strong>paludibus</strong></span> 
     </span>
     <span class='ocr_line' id='line_1_21' title="bbox 519 2611 2219 2699; baseline -0.001 -23"><span class='ocrx_word' id='word_1_219' title='bbox 519 2613 614 2698; x_wconf 87' lang='lat' dir='ltr'><strong>aquis</strong></span> <span class='ocrx_word' id='word_1_220' title='bbox 633 2615 735 2699; x_wconf 88' lang='lat' dir='ltr'><strong>pratis</strong></span> <span class='ocrx_word' id='word_1_221' title='bbox 755 2612 856 2694; x_wconf 86' lang='lat' dir='ltr'><strong>silvis,</strong></span> <span class='ocrx_word' id='word_1_222' title='bbox 881 2615 915 2676; x_wconf 91' lang='lat' dir='ltr'><strong>iu</strong></span> <span class='ocrx_word' id='word_1_223' title='bbox 934 2612 1116 2677; x_wconf 87' lang='lat' dir='ltr'><strong>redditibus</strong></span> <span class='ocrx_word' id='word_1_224' title='bbox 1135 2614 1315 2695; x_wconf 88' lang='lat' dir='ltr'><strong>vinearum,</strong></span> <span class='ocrx_word' id='word_1_225' title='bbox 1340 2613 1421 2678; x_wconf 91' lang='lat' dir='ltr'><strong>duos</strong></span> <span class='ocrx_word' id='word_1_226' title='bbox 1439 2612 1622 2699; x_wconf 78' lang='lat' dir='ltr'><strong>maniptdos</strong></span> <span class='ocrx_word' id='word_1_227' title='bbox 1641 2614 1740 2676; x_wconf 91' lang='lat' dir='ltr'><strong>totius</strong></span> <span class='ocrx_word' id='word_1_228' title='bbox 1759 2612 1906 2677; x_wconf 85' lang='lat' dir='ltr'><strong>decimae</strong></span> <span class='ocrx_word' id='word_1_229' title='bbox 1926 2612 2072 2676; x_wconf 90' lang='lat' dir='ltr'><strong>eiusdem</strong></span> <span class='ocrx_word' id='word_1_230' title='bbox 2088 2611 2173 2699; x_wconf 74' lang='lat' dir='ltr'><strong>ville,</strong></span> <span class='ocrx_word' id='word_1_231' title='bbox 2192 2640 2219 2677; x_wconf 78' lang='lat' dir='ltr'><strong>n</strong></span> 
     </span>
     <span class='ocr_line' id='line_1_22' title="bbox 520 2718 2174 2806; baseline -0.001 -22"><span class='ocrx_word' id='word_1_232' title='bbox 520 2720 613 2784; x_wconf 88' lang='lat' dir='ltr'><strong>cuius</strong></span> <span class='ocrx_word' id='word_1_233' title='bbox 636 2720 767 2784; x_wconf 90' lang='lat' dir='ltr'><strong>termini</strong></span> <span class='ocrx_word' id='word_1_234' title='bbox 789 2721 986 2806; x_wconf 90' lang='lat' dir='ltr'><strong>perveniunt</strong></span> <span class='ocrx_word' id='word_1_235' title='bbox 1008 2742 1112 2806; x_wconf 84' lang='lat' dir='ltr'><strong>usque</strong></span> <span class='ocrx_word' id='word_1_236' title='bbox 1136 2720 1179 2784; x_wconf 92' lang='lat' dir='ltr'><strong>ad</strong></span> <span class='ocrx_word' id='word_1_237' title='bbox 1202 2720 1330 2785; x_wconf 89' lang='lat' dir='ltr'><strong>bunnas</strong></span> <span class='ocrx_word' id='word_1_238' title='bbox 1354 2720 1394 2784; x_wconf 99' lang='grc'><strong>(16</strong></span> <span class='ocrx_word' id='word_1_239' title='bbox 1419 2721 1514 2783; x_wconf 80' lang='lat' dir='ltr'><strong>terris</strong></span> <span class='ocrx_word' id='word_1_240' title='bbox 1538 2721 1642 2785; x_wconf 90' lang='lat' dir='ltr'><strong>sancti</strong></span> <span class='ocrx_word' id='word_1_241' title='bbox 1661 2718 1813 2783; x_wconf 82' lang='lat' dir='ltr'><strong>Audoeni</strong></span> <span class='ocrx_word' id='word_1_242' title='bbox 1836 2730 1869 2783; x_wconf 92' lang='lat' dir='ltr'><strong>et</strong></span> <span class='ocrx_word' id='word_1_243' title='bbox 1890 2742 1911 2783; x_wconf 90' lang='lat' dir='ltr'><strong>a</strong></span> <span class='ocrx_word' id='word_1_244' title='bbox 1933 2718 2052 2783; x_wconf 83' lang='lat' dir='ltr'><strong>bunnia</strong></span> <span class='ocrx_word' id='word_1_245' title='bbox 2073 2720 2174 2783; x_wconf 89' lang='lat' dir='ltr'><strong>sancti</strong></span> 
     </span>
     <span class='ocr_line' id='line_1_23' title="bbox 519 2824 2176 2912; baseline -0.001 -22"><span class='ocrx_word' id='word_1_246' title='bbox 519 2825 672 2890; x_wconf 85' lang='lat' dir='ltr'><strong>Audoeni</strong></span> <span class='ocrx_word' id='word_1_247' title='bbox 683 2848 786 2912; x_wconf 92' lang='lat' dir='ltr'><strong>usque</strong></span> <span class='ocrx_word' id='word_1_248' title='bbox 800 2826 841 2890; x_wconf 91' lang='lat' dir='ltr'><strong>ad</strong></span> <span class='ocrx_word' id='word_1_249' title='bbox 854 2826 1013 2891; x_wconf 84' lang='lat' dir='ltr'><strong>fossatum</strong></span> <span class='ocrx_word' id='word_1_250' title='bbox 1024 2827 1190 2891; x_wconf 88' lang='lat' dir='ltr'><strong>furcamm</strong></span> <span class='ocrx_word' id='word_1_251' title='bbox 1202 2828 1235 2890; x_wconf 93' lang='lat' dir='ltr'><strong>in</strong></span> <span class='ocrx_word' id='word_1_252' title='bbox 1245 2827 1400 2891; x_wconf 89' lang='lat' dir='ltr'><strong>Frutecto</strong></span> <span class='ocrx_word' id='word_1_253' title='bbox 1413 2838 1446 2891; x_wconf 91' lang='lat' dir='ltr'><strong>et</strong></span> <span class='ocrx_word' id='word_1_254' title='bbox 1458 2826 1498 2891; x_wconf 93' lang='lat' dir='ltr'><strong>de</strong></span> <span class='ocrx_word' id='word_1_255' title='bbox 1509 2827 1663 2890; x_wconf 86' lang='lat' dir='ltr'><strong>Frutecto</strong></span> <span class='ocrx_word' id='word_1_256' title='bbox 1675 2847 1779 2911; x_wconf 90' lang='lat' dir='ltr'><strong>usque</strong></span> <span class='ocrx_word' id='word_1_257' title='bbox 1791 2825 1834 2889; x_wconf 91' lang='lat' dir='ltr'><strong>ad</strong></span> <span class='ocrx_word' id='word_1_258' title='bbox 1846 2836 1949 2889; x_wconf 89' lang='lat' dir='ltr'><strong>terras</strong></span> <span class='ocrx_word' id='word_1_259' title='bbox 1962 2824 2002 2889; x_wconf 93' lang='lat' dir='ltr'><strong>de</strong></span> <span class='ocrx_word' id='word_1_260' title='bbox 2010 2825 2176 2889; x_wconf 88' lang='lat' dir='ltr'><strong>Valdesun</strong></span> 
     </span>
     <span class='ocr_line' id='line_1_24' title="bbox 520 2931 2176 3019; baseline -0.001 -23"><span class='ocrx_word' id='word_1_261' title='bbox 520 2942 554 2996; x_wconf 94' lang='lat' dir='ltr'><strong>et</strong></span> <span class='ocrx_word' id='word_1_262' title='bbox 572 2933 613 2997; x_wconf 96' lang='grc'><strong>(16</strong></span> <span class='ocrx_word' id='word_1_263' title='bbox 631 2931 798 2996; x_wconf 88' lang='lat' dir='ltr'><strong>Valdesun</strong></span> <span class='ocrx_word' id='word_1_264' title='bbox 816 2956 920 3019; x_wconf 91' lang='lat' dir='ltr'><strong>usque</strong></span> <span class='ocrx_word' id='word_1_265' title='bbox 940 2932 983 2997; x_wconf 94' lang='lat' dir='ltr'><strong>ad</strong></span> <span class='ocrx_word' id='word_1_266' title='bbox 1001 2946 1105 2997; x_wconf 90' lang='lat' dir='ltr'><strong>terras</strong></span> <span class='ocrx_word' id='word_1_267' title='bbox 1125 2932 1166 2997; x_wconf 91' lang='lat' dir='ltr'><strong>de</strong></span> <span class='ocrx_word' id='word_1_268' title='bbox 1185 2934 1302 3019; x_wconf 88' lang='lat' dir='ltr'><strong>Pynou</strong></span> <span class='ocrx_word' id='word_1_269' title='bbox 1322 2946 1354 2997; x_wconf 95' lang='lat' dir='ltr'><strong>et</strong></span> <span class='ocrx_word' id='word_1_270' title='bbox 1373 2932 1413 2998; x_wconf 92' lang='lat' dir='ltr'><strong>de</strong></span> <span class='ocrx_word' id='word_1_271' title='bbox 1431 2934 1549 3019; x_wconf 87' lang='lat' dir='ltr'><strong>Pynon</strong></span> <span class='ocrx_word' id='word_1_272' title='bbox 1568 2954 1670 3018; x_wconf 92' lang='lat' dir='ltr'><strong>usque</strong></span> <span class='ocrx_word' id='word_1_273' title='bbox 1690 2931 1733 2995; x_wconf 88' lang='lat' dir='ltr'><strong>ad</strong></span> <span class='ocrx_word' id='word_1_274' title='bbox 1756 2942 1859 2996; x_wconf 89' lang='lat' dir='ltr'><strong>terras</strong></span> <span class='ocrx_word' id='word_1_275' title='bbox 1882 2931 1924 2995; x_wconf 92' lang='lat' dir='ltr'><strong>de</strong></span> <span class='ocrx_word' id='word_1_276' title='bbox 1941 2932 2122 2996; x_wconf 90' lang='lat' dir='ltr'><strong>Buirunual</strong></span> <span class='ocrx_word' id='word_1_277' title='bbox 2144 2943 2176 2996; x_wconf 89' lang='lat' dir='ltr'><strong>et</strong></span> 
     </span>
     <span class='ocr_line' id='line_1_25' title="bbox 520 3037 2174 3124; baseline 0 -23"><span class='ocrx_word' id='word_1_278' title='bbox 520 3060 625 3124; x_wconf 91' lang='lat' dir='ltr'><strong>usque</strong></span> <span class='ocrx_word' id='word_1_279' title='bbox 656 3037 699 3102; x_wconf 91' lang='lat' dir='ltr'><strong>ad</strong></span> <span class='ocrx_word' id='word_1_280' title='bbox 730 3050 833 3102; x_wconf 90' lang='lat' dir='ltr'><strong>terras</strong></span> <span class='ocrx_word' id='word_1_281' title='bbox 865 3038 905 3103; x_wconf 91' lang='lat' dir='ltr'><strong>de</strong></span> <span class='ocrx_word' id='word_1_282' title='bbox 933 3039 1112 3103; x_wconf 88' lang='lat' dir='ltr'><strong>Mairecurt</strong></span> <span class='ocrx_word' id='word_1_283' title='bbox 1134 3078 1179 3086; x_wconf 91' lang='lat'>-</span> <span class='ocrx_word' id='word_1_284' title='bbox 1201 3039 1287 3103; x_wconf 90' lang='lat' dir='ltr'><strong>hauc</strong></span> <span class='ocrx_word' id='word_1_285' title='bbox 1310 3039 1501 3104; x_wconf 89' lang='lat' dir='ltr'><strong>Alemannis</strong></span> <span class='ocrx_word' id='word_1_286' title='bbox 1532 3061 1574 3103; x_wconf 85' lang='lat' dir='ltr'><strong>ex</strong></span> <span class='ocrx_word' id='word_1_287' title='bbox 1605 3038 1779 3103; x_wconf 86' lang='lat' dir='ltr'><strong>donatione</strong></span> <span class='ocrx_word' id='word_1_288' title='bbox 1809 3038 2001 3124; x_wconf 85' lang='lat' dir='ltr'><strong>Elephantis</strong></span> <span class='ocrx_word' id='word_1_289' title='bbox 2032 3038 2174 3103; x_wconf 87' lang='lat' dir='ltr'><strong>eiusdem</strong></span> 
     </span>
     <span class='ocr_line' id='line_1_26' title="bbox 520 3143 2217 3232; baseline 0.001 -24"><span class='ocrx_word' id='word_1_290' title='bbox 520 3143 585 3209; x_wconf 91' lang='lat' dir='ltr'><strong>loci</strong></span> <span class='ocrx_word' id='word_1_291' title='bbox 608 3143 747 3226; x_wconf 89' lang='lat' dir='ltr'><strong>abbatis,</strong></span> <span class='ocrx_word' id='word_1_292' title='bbox 772 3146 828 3230; x_wconf 93' lang='lat' dir='ltr'><strong>qui</strong></span> <span class='ocrx_word' id='word_1_293' title='bbox 847 3145 908 3210; x_wconf 87' lang='lat' dir='ltr'><strong>fuit</strong></span> <span class='ocrx_word' id='word_1_294' title='bbox 926 3148 1129 3232; x_wconf 88' lang='lat' dir='ltr'><strong>propinquus</strong></span> <span class='ocrx_word' id='word_1_295' title='bbox 1149 3146 1263 3210; x_wconf 88' lang='lat' dir='ltr'><strong>Karoli</strong></span> <span class='ocrx_word' id='word_1_296' title='bbox 1283 3148 1380 3231; x_wconf 85' lang='lat' dir='ltr'><strong>regis,</strong></span> <span class='ocrx_word' id='word_1_297' title='bbox 1405 3145 1447 3210; x_wconf 89' lang='lat' dir='ltr'><strong>ab</strong></span> <span class='ocrx_word' id='word_1_298' title='bbox 1467 3147 1601 3232; x_wconf 89' lang='lat' dir='ltr'><strong>antiqno</strong></span> <span class='ocrx_word' id='word_1_299' title='bbox 1620 3145 1766 3231; x_wconf 89' lang='lat' dir='ltr'><strong>possidet</strong></span> <span class='ocrx_word' id='word_1_300' title='bbox 1784 3144 1982 3209; x_wconf 90' lang='lat' dir='ltr'><strong>hereditario</strong></span> <span class='ocrx_word' id='word_1_301' title='bbox 2001 3146 2072 3209; x_wconf 89' lang='lat' dir='ltr'><strong>iure</strong></span> <span class='ocrx_word' id='word_1_302' title='bbox 2089 3145 2174 3209; x_wconf 90' lang='lat' dir='ltr'><strong>idem</strong></span> <span class='ocrx_word' id='word_1_303' title='bbox 2192 3171 2217 3209; x_wconf 74' lang='lat' dir='ltr'><strong>a</strong></span> 
     </span>
     <span class='ocr_line' id='line_1_27' title="bbox 521 3251 2175 3338; baseline 0.001 -24"><span class='ocrx_word' id='word_1_304' title='bbox 521 3262 653 3314; x_wconf 87' lang='lat' dir='ltr'><strong>sauctus</strong></span> <span class='ocrx_word' id='word_1_305' title='bbox 676 3290 731 3332; x_wconf 95' lang='lat'><strong>-,</strong></span> <span class='ocrx_word' id='word_1_306' title='bbox 762 3252 795 3313; x_wconf 92' lang='lat' dir='ltr'><strong>in</strong></span> <span class='ocrx_word' id='word_1_307' title='bbox 818 3251 935 3315; x_wconf 86' lang='lat' dir='ltr'><strong>Dvrno</strong></span> <span class='ocrx_word' id='word_1_308' title='bbox 966 3251 1159 3316; x_wconf 84' lang='lat' dir='ltr'><strong>aecclesiam</strong></span> <span class='ocrx_word' id='word_1_309' title='bbox 1189 3275 1288 3315; x_wconf 89' lang='lat' dir='ltr'><strong>unam</strong></span> <span class='ocrx_word' id='word_1_310' title='bbox 1319 3275 1393 3316; x_wconf 92' lang='lat' dir='ltr'><strong>cum</strong></span> <span class='ocrx_word' id='word_1_311' title='bbox 1423 3252 1592 3317; x_wconf 76' lang='lat' dir='ltr'><strong>decimiisr</strong></span> <span class='ocrx_word' id='word_1_312' title='bbox 1623 3251 1665 3316; x_wconf 90' lang='lat' dir='ltr'><strong>ab</strong></span> <span class='ocrx_word' id='word_1_313' title='bbox 1695 3252 1837 3338; x_wconf 90' lang='lat' dir='ltr'><strong>antiquis</strong></span> <span class='ocrx_word' id='word_1_314' title='bbox 1867 3251 1983 3317; x_wconf 89' lang='lat' dir='ltr'><strong>diebus</strong></span> <span class='ocrx_word' id='word_1_315' title='bbox 2009 3274 2112 3338; x_wconf 90' lang='lat' dir='ltr'><strong>usque</strong></span> <span class='ocrx_word' id='word_1_316' title='bbox 2142 3253 2175 3315; x_wconf 91' lang='lat' dir='ltr'><strong>in</strong></span> 
     </span>
     <span class='ocr_line' id='line_1_28' title="bbox 521 3355 2176 3445; baseline 0.002 -26"><span class='ocrx_word' id='word_1_317' title='bbox 521 3367 706 3442; x_wconf 89' lang='lat' dir='ltr'><strong>presentem</strong></span> <span class='ocrx_word' id='word_1_318' title='bbox 737 3355 783 3420; x_wconf 94' lang='lat' dir='ltr'><strong>ibi</strong></span> <span class='ocrx_word' id='word_1_319' title='bbox 814 3357 1048 3442; x_wconf 84' lang='lat' dir='ltr'><strong>aspicientibus</strong></span> <span class='ocrx_word' id='word_1_320' title='bbox 1075 3358 1229 3422; x_wconf 89' lang='lat' dir='ltr'><strong>videlicet</strong></span> <span class='ocrx_word' id='word_1_321' title='bbox 1253 3358 1402 3423; x_wconf 86' lang='lat' dir='ltr'><strong>Offineiis</strong></span> <span class='ocrx_word' id='word_1_322' title='bbox 1427 3358 1522 3422; x_wconf 88' lang='lat' dir='ltr'><strong>etde</strong></span> <span class='ocrx_word' id='word_1_323' title='bbox 1547 3359 1659 3445; x_wconf 89' lang='lat' dir='ltr'><strong>Slogia</strong></span> <span class='ocrx_word' id='word_1_324' title='bbox 1688 3358 1857 3422; x_wconf 90' lang='lat' dir='ltr'><strong>dimidiam</strong></span> <span class='ocrx_word' id='word_1_325' title='bbox 1886 3370 2013 3445; x_wconf 90' lang='lat' dir='ltr'><strong>partem</strong></span> <span class='ocrx_word' id='word_1_326' title='bbox 2040 3359 2116 3443; x_wconf 74' lang='lat' dir='ltr'><strong>ville</strong></span> <span class='ocrx_word' id='word_1_327' title='bbox 2145 3370 2176 3422; x_wconf 90' lang='lat' dir='ltr'><strong>et</strong></span> 
     </span>
     <span class='ocr_line' id='line_1_29' title="bbox 521 3462 2175 3552; baseline 0.002 -26"><span class='ocrx_word' id='word_1_328' title='bbox 521 3473 623 3527; x_wconf 91' lang='lat' dir='ltr'><strong>totam</strong></span> <span class='ocrx_word' id='word_1_329' title='bbox 643 3462 803 3527; x_wconf 89' lang='lat' dir='ltr'><strong>decimam</strong></span> <span class='ocrx_word' id='word_1_330' title='bbox 825 3465 968 3527; x_wconf 90' lang='lat' dir='ltr'><strong>omnium</strong></span> <span class='ocrx_word' id='word_1_331' title='bbox 990 3465 1159 3529; x_wconf 87' lang='lat' dir='ltr'><strong>feodorum</strong></span> <span class='ocrx_word' id='word_1_332' title='bbox 1179 3464 1222 3529; x_wconf 93' lang='lat' dir='ltr'><strong>ad</strong></span> <span class='ocrx_word' id='word_1_333' title='bbox 1246 3465 1385 3530; x_wconf 89' lang='lat' dir='ltr'><strong>eandem</strong></span> <span class='ocrx_word' id='word_1_334' title='bbox 1403 3465 1514 3529; x_wconf 84' lang='lat' dir='ltr'><strong>villam</strong></span> <span class='ocrx_word' id='word_1_335' title='bbox 1538 3467 1779 3552; x_wconf 91' lang='lat' dir='ltr'><strong>pertinentium,</strong></span> <span class='ocrx_word' id='word_1_336' title='bbox 1803 3466 1837 3529; x_wconf 94' lang='lat' dir='ltr'><strong>in</strong></span> <span class='ocrx_word' id='word_1_337' title='bbox 1855 3466 2175 3531; x_wconf 63' lang='grc' dir='ltr'><strong>116666616666666ί</strong></span> 
     </span>
     <span class='ocr_line' id='line_1_30' title="bbox 521 3569 2176 3661; baseline 0.002 -29"><span class='ocrx_word' id='word_1_338' title='bbox 521 3583 545 3632; x_wconf 84' lang='lat' dir='ltr'>x</span> <span class='ocrx_word' id='word_1_339' title='bbox 580 3581 612 3633; x_wconf 90' lang='lat' dir='ltr'><strong>et</strong></span> <span class='ocrx_word' id='word_1_340' title='bbox 646 3569 834 3652; x_wconf 85' lang='lat' dir='ltr'><strong>dimidium,</strong></span> <span class='ocrx_word' id='word_1_341' title='bbox 869 3571 954 3634; x_wconf 88' lang='lat' dir='ltr'><strong>inter</strong></span> <span class='ocrx_word' id='word_1_342' title='bbox 983 3571 1178 3636; x_wconf 86' lang='lat' dir='ltr'><strong>Dereineias</strong></span> <span class='ocrx_word' id='word_1_343' title='bbox 1214 3584 1246 3636; x_wconf 89' lang='lat' dir='ltr'><strong>et</strong></span> <span class='ocrx_word' id='word_1_344' title='bbox 1274 3571 1533 3661; x_wconf 70' lang='lat' dir='ltr'><strong>Blralntlineilas</strong></span> <span class='ocrx_word' id='word_1_345' title='bbox 1569 3584 1601 3636; x_wconf 89' lang='lat' dir='ltr'><strong>et</strong></span> <span class='ocrx_word' id='word_1_346' title='bbox 1636 3572 1793 3637; x_wconf 87' lang='lat' dir='ltr'><strong>Offineias</strong></span> <span class='ocrx_word' id='word_1_347' title='bbox 1828 3583 1861 3636; x_wconf 88' lang='lat' dir='ltr'><strong>et</strong></span> <span class='ocrx_word' id='word_1_348' title='bbox 1895 3571 2111 3636; x_wconf 81' lang='lat' dir='ltr'><strong>Condurnum</strong></span> <span class='ocrx_word' id='word_1_349' title='bbox 2145 3584 2176 3636; x_wconf 88' lang='lat' dir='ltr'><strong>ct</strong></span> 
     </span>
     <span class='ocr_line' id='line_1_31' title="bbox 521 3675 2218 3761; baseline 0 -22"><span class='ocrx_word' id='word_1_350' title='bbox 521 3675 685 3761; x_wconf 84' lang='lat' dir='ltr'><strong>Blelgeias</strong></span> <span class='ocrx_word' id='word_1_351' title='bbox 710 3688 742 3739; x_wconf 90' lang='lat' dir='ltr'><strong>ct</strong></span> <span class='ocrx_word' id='word_1_352' title='bbox 765 3677 953 3741; x_wconf 88' lang='lat' dir='ltr'><strong>Hereanam</strong></span> <span class='ocrx_word' id='word_1_353' title='bbox 977 3700 1107 3741; x_wconf 89' lang='lat' dir='ltr'><strong>mansos</strong></span> <span class='ocrx_word' id='word_1_354' title='bbox 1131 3693 1255 3761; x_wconf 78' lang='lat' dir='ltr'><strong>XXVIII,</strong></span> <span class='ocrx_word' id='word_1_355' title='bbox 1285 3680 1320 3742; x_wconf 93' lang='lat' dir='ltr'><strong>in</strong></span> <span class='ocrx_word' id='word_1_356' title='bbox 1343 3679 1511 3742; x_wconf 89' lang='lat' dir='ltr'><strong>Lismonte</strong></span> <span class='ocrx_word' id='word_1_357' title='bbox 1543 3679 1716 3759; x_wconf 72' lang='lat' dir='ltr'><strong>eeclesiam</strong></span> <span class='ocrx_word' id='word_1_358' title='bbox 1746 3702 1844 3742; x_wconf 90' lang='lat' dir='ltr'><strong>unam</strong></span> <span class='ocrx_word' id='word_1_359' title='bbox 1872 3701 1946 3743; x_wconf 87' lang='lat' dir='ltr'><strong>curn</strong></span> <span class='ocrx_word' id='word_1_360' title='bbox 1975 3679 2111 3743; x_wconf 91' lang='lat' dir='ltr'><strong>decimis</strong></span> <span class='ocrx_word' id='word_1_361' title='bbox 2134 3677 2175 3742; x_wconf 89' lang='lat' dir='ltr'><strong>ab</strong></span> <span class='ocrx_word' id='word_1_362' title='bbox 2193 3700 2218 3738; x_wconf 85' lang='lat' dir='ltr'><strong>so</strong></span> 
     </span>
     <span class='ocr_line' id='line_1_32' title="bbox 522 3781 2175 3874; baseline 0.001 -28"><span class='ocrx_word' id='word_1_363' title='bbox 522 3783 665 3869; x_wconf 88' lang='lat' dir='ltr'><strong>antiquis</strong></span> <span class='ocrx_word' id='word_1_364' title='bbox 695 3781 742 3846; x_wconf 93' lang='lat' dir='ltr'><strong>ibi</strong></span> <span class='ocrx_word' id='word_1_365' title='bbox 773 3782 1007 3869; x_wconf 85' lang='lat' dir='ltr'><strong>aspicientibus</strong></span> <span class='ocrx_word' id='word_1_366' title='bbox 1036 3784 1192 3848; x_wconf 89' lang='lat' dir='ltr'><strong>videlicet</strong></span> <span class='ocrx_word' id='word_1_367' title='bbox 1222 3785 1263 3849; x_wconf 89' lang='lat' dir='ltr'><strong>de</strong></span> <span class='ocrx_word' id='word_1_368' title='bbox 1294 3785 1449 3871; x_wconf 86' lang='lat' dir='ltr'><strong>Blelgeiis</strong></span> <span class='ocrx_word' id='word_1_369' title='bbox 1480 3796 1512 3849; x_wconf 89' lang='lat' dir='ltr'><strong>et</strong></span> <span class='ocrx_word' id='word_1_370' title='bbox 1542 3785 1582 3849; x_wconf 90' lang='lat' dir='ltr'><strong>de</strong></span> <span class='ocrx_word' id='word_1_371' title='bbox 1607 3786 1762 3850; x_wconf 84' lang='lat' dir='ltr'><strong>Hercana</strong></span> <span class='ocrx_word' id='word_1_372' title='bbox 1792 3798 1824 3850; x_wconf 90' lang='lat' dir='ltr'><strong>et</strong></span> <span class='ocrx_word' id='word_1_373' title='bbox 1853 3785 1894 3849; x_wconf 90' lang='lat' dir='ltr'><strong>de</strong></span> <span class='ocrx_word' id='word_1_374' title='bbox 1921 3784 2095 3874; x_wconf 87' lang='lat' dir='ltr'><strong>Asti[c]es,</strong></span> <span class='ocrx_word' id='word_1_375' title='bbox 2130 3784 2175 3873; x_wconf 86' lang='lat' dir='ltr'><strong>i[n</strong></span> 
     </span>
     <span class='ocr_line' id='line_1_33' title="bbox 522 3888 2175 3981; baseline 0.002 -28"><span class='ocrx_word' id='word_1_376' title='bbox 522 3888 758 3977; x_wconf 75' lang='lat' dir='ltr'><strong>Qu]aternione</strong></span> <span class='ocrx_word' id='word_1_377' title='bbox 783 3889 956 3976; x_wconf 71' lang='lat' dir='ltr'><strong>ecclesiam</strong></span> <span class='ocrx_word' id='word_1_378' title='bbox 975 3914 1074 3954; x_wconf 89' lang='lat' dir='ltr'><strong>unam</strong></span> <span class='ocrx_word' id='word_1_379' title='bbox 1093 3891 1127 3954; x_wconf 92' lang='lat' dir='ltr'><strong>in</strong></span> <span class='ocrx_word' id='word_1_380' title='bbox 1146 3890 1268 3955; x_wconf 88' lang='lat' dir='ltr'><strong>honore</strong></span> <span class='ocrx_word' id='word_1_381' title='bbox 1290 3892 1438 3972; x_wconf 78' lang='lat' dir='ltr'><strong>Quintini</strong></span> <span class='ocrx_word' id='word_1_382' title='bbox 1457 3893 1609 3978; x_wconf 76' lang='lat' dir='ltr'><strong>martyris</strong></span> <span class='ocrx_word' id='word_1_383' title='bbox 1629 3892 1762 3978; x_wconf 88' lang='lat' dir='ltr'><strong>gloriosi</strong></span> <span class='ocrx_word' id='word_1_384' title='bbox 1781 3903 1813 3956; x_wconf 93' lang='lat' dir='ltr'><strong>et</strong></span> <span class='ocrx_word' id='word_1_385' title='bbox 1831 3892 1912 3957; x_wconf 92' lang='lat' dir='ltr'><strong>duos</strong></span> <span class='ocrx_word' id='word_1_386' title='bbox 1931 3915 2061 3957; x_wconf 89' lang='lat' dir='ltr'><strong>mansos</strong></span> <span class='ocrx_word' id='word_1_387' title='bbox 2081 3904 2175 3981; x_wconf 70' lang='lat' dir='ltr'><strong>terre,</strong></span> 
     </span>
     <span class='ocr_line' id='line_1_34' title="bbox 522 3995 2175 4084; baseline 0.003 -26"><span class='ocrx_word' id='word_1_388' title='bbox 522 3996 555 4058; x_wconf 94' lang='lat' dir='ltr'><strong>in</strong></span> <span class='ocrx_word' id='word_1_389' title='bbox 577 3995 700 4059; x_wconf 89' lang='lat' dir='ltr'><strong>Villare</strong></span> <span class='ocrx_word' id='word_1_390' title='bbox 733 3996 905 4083; x_wconf 70' lang='lat' dir='ltr'><strong>ecclesiam</strong></span> <span class='ocrx_word' id='word_1_391' title='bbox 936 4020 1011 4060; x_wconf 91' lang='lat' dir='ltr'><strong>cum</strong></span> <span class='ocrx_word' id='word_1_392' title='bbox 1041 3996 1168 4062; x_wconf 91' lang='lat' dir='ltr'><strong>duobus</strong></span> <span class='ocrx_word' id='word_1_393' title='bbox 1198 4000 1320 4062; x_wconf 90' lang='lat' dir='ltr'><strong>mansis</strong></span> <span class='ocrx_word' id='word_1_394' title='bbox 1351 4010 1384 4061; x_wconf 90' lang='lat' dir='ltr'><strong>ct</strong></span> <span class='ocrx_word' id='word_1_395' title='bbox 1414 3998 1610 4084; x_wconf 85' lang='lat' dir='ltr'><strong>appenditiis</strong></span> <span class='ocrx_word' id='word_1_396' title='bbox 1641 4000 1718 4081; x_wconf 89' lang='lat' dir='ltr'><strong>suis,</strong></span> <span class='ocrx_word' id='word_1_397' title='bbox 1749 3999 1972 4080; x_wconf 85' lang='lat' dir='ltr'><strong>Harminiaco,</strong></span> <span class='ocrx_word' id='word_1_398' title='bbox 2001 3999 2175 4064; x_wconf 87' lang='lat' dir='ltr'><strong>Bawineis.</strong></span> 
     </span>
     <span class='ocr_line' id='line_1_35' title="bbox 520 4101 2174 4194; baseline 0.003 -30"><span class='ocrx_word' id='word_1_399' title='bbox 520 4101 593 4165; x_wconf 88' lang='lat' dir='ltr'><strong>Hec</strong></span> <span class='ocrx_word' id='word_1_400' title='bbox 624 4123 702 4187; x_wconf 89' lang='lat' dir='ltr'><strong>ergo</strong></span> <span class='ocrx_word' id='word_1_401' title='bbox 722 4116 750 4174; x_wconf 92' lang='lat'>&gt;</span> <span class='ocrx_word' id='word_1_402' title='bbox 783 4103 911 4166; x_wconf 73' lang='lat' dir='ltr'><strong>omniag</strong></span> <span class='ocrx_word' id='word_1_403' title='bbox 941 4125 1031 4167; x_wconf 88' lang='lat' dir='ltr'><strong>more</strong></span> <span class='ocrx_word' id='word_1_404' title='bbox 1062 4116 1304 4168; x_wconf 85' lang='lat' dir='ltr'><strong>antecessorum</strong></span> <span class='ocrx_word' id='word_1_405' title='bbox 1334 4115 1517 4168; x_wconf 88' lang='lat' dir='ltr'><strong>nostrorum</strong></span> <span class='ocrx_word' id='word_1_406' title='bbox 1543 4107 1577 4168; x_wconf 93' lang='lat' dir='ltr'><strong>in</strong></span> <span class='ocrx_word' id='word_1_407' title='bbox 1600 4118 1744 4170; x_wconf 86' lang='lat' dir='ltr'><strong>nostram</strong></span> <span class='ocrx_word' id='word_1_408' title='bbox 1768 4106 1936 4170; x_wconf 90' lang='lat' dir='ltr'><strong>tuitionem</strong></span> <span class='ocrx_word' id='word_1_409' title='bbox 1960 4104 2174 4194; x_wconf 85' lang='lat' dir='ltr'><strong>acc[ip]imus.</strong></span> 
     </span>
     <span class='ocr_line' id='line_1_36' title="bbox 519 4208 2220 4299; baseline 0.001 -28"><span class='ocrx_word' id='word_1_410' title='bbox 519 4208 737 4295; x_wconf 89' lang='lat' dir='ltr'><strong>Precipiendo</strong></span> <span class='ocrx_word' id='word_1_411' title='bbox 761 4209 871 4294; x_wconf 88' lang='lat' dir='ltr'><strong>itaque</strong></span> <span class='ocrx_word' id='word_1_412' title='bbox 895 4211 1104 4295; x_wconf 89' lang='lat' dir='ltr'><strong>precipimus,</strong></span> <span class='ocrx_word' id='word_1_413' title='bbox 1130 4220 1165 4274; x_wconf 94' lang='lat' dir='ltr'><strong>ut</strong></span> <span class='ocrx_word' id='word_1_414' title='bbox 1186 4211 1292 4274; x_wconf 89' lang='lat' dir='ltr'><strong>nullus</strong></span> <span class='ocrx_word' id='word_1_415' title='bbox 1312 4211 1380 4274; x_wconf 88' lang='lat' dir='ltr'><strong>dux</strong></span> <span class='ocrx_word' id='word_1_416' title='bbox 1399 4212 1544 4275; x_wconf 88' lang='lat' dir='ltr'><strong>marchio</strong></span> <span class='ocrx_word' id='word_1_417' title='bbox 1564 4234 1672 4277; x_wconf 87' lang='lat' dir='ltr'><strong>comes</strong></span> <span class='ocrx_word' id='word_1_418' title='bbox 1692 4214 1761 4276; x_wconf 80' lang='lat' dir='ltr'><strong>sive</strong></span> <span class='ocrx_word' id='word_1_419' title='bbox 1781 4213 1891 4299; x_wconf 88' lang='lat' dir='ltr'><strong>aliqua</strong></span> <span class='ocrx_word' id='word_1_420' title='bbox 1909 4214 2012 4277; x_wconf 88' lang='lat' dir='ltr'><strong>maior</strong></span> <span class='ocrx_word' id='word_1_421' title='bbox 2029 4214 2175 4277; x_wconf 87' lang='lat' dir='ltr'><strong>minorve</strong></span> <span class='ocrx_word' id='word_1_422' title='bbox 2194 4232 2220 4272; x_wconf 77' lang='lat' dir='ltr'><strong>a</strong></span> 
     </span>
     <span class='ocr_line' id='line_1_37' title="bbox 520 4314 2175 4405; baseline 0.004 -28"><span class='ocrx_word' id='word_1_423' title='bbox 520 4314 694 4378; x_wconf 81' lang='lat' dir='ltr'><strong>iudiciaria</strong></span> <span class='ocrx_word' id='word_1_424' title='bbox 715 4336 856 4400; x_wconf 86' lang='lat' dir='ltr'><strong>persona</strong></span> <span class='ocrx_word' id='word_1_425' title='bbox 879 4316 986 4401; x_wconf 91' lang='lat' dir='ltr'><strong>ipsum</strong></span> <span class='ocrx_word' id='word_1_426' title='bbox 1010 4318 1242 4380; x_wconf 88' lang='lat' dir='ltr'><strong>monasterium</strong></span> <span class='ocrx_word' id='word_1_427' title='bbox 1261 4318 1443 4404; x_wconf 88' lang='lat' dir='ltr'><strong>inquietare</strong></span> <span class='ocrx_word' id='word_1_428' title='bbox 1464 4331 1519 4381; x_wconf 92' lang='lat' dir='ltr'><strong>aut</strong></span> <span class='ocrx_word' id='word_1_429' title='bbox 1538 4318 1662 4404; x_wconf 90' lang='lat' dir='ltr'><strong>aliquid</strong></span> <span class='ocrx_word' id='word_1_430' title='bbox 1682 4317 1839 4383; x_wconf 90' lang='lat' dir='ltr'><strong>derebus</strong></span> <span class='ocrx_word' id='word_1_431' title='bbox 1859 4318 1921 4383; x_wconf 90' lang='lat' dir='ltr'><strong>sibi</strong></span> <span class='ocrx_word' id='word_1_432' title='bbox 1939 4317 2175 4405; x_wconf 88' lang='lat' dir='ltr'><strong>pertinentibus</strong></span> 
     </span>
     <span class='ocr_line' id='line_1_38' title="bbox 521 4420 2173 4512; baseline 0.003 -28"><span class='ocrx_word' id='word_1_433' title='bbox 521 4420 650 4485; x_wconf 85' lang='lat' dir='ltr'><strong>auferre</strong></span> <span class='ocrx_word' id='word_1_434' title='bbox 674 4432 848 4506; x_wconf 88' lang='lat' dir='ltr'><strong>presumat.</strong></span> <span class='ocrx_word' id='word_1_435' title='bbox 890 4421 934 4484; x_wconf 86' lang='lat' dir='ltr'><strong>Et</strong></span> <span class='ocrx_word' id='word_1_436' title='bbox 959 4422 1012 4485; x_wconf 78' lang='lat' dir='ltr'><strong>uth</strong></span> <span class='ocrx_word' id='word_1_437' title='bbox 1035 4434 1145 4486; x_wconf 85' lang='lat' dir='ltr'><strong>nostre</strong></span> <span class='ocrx_word' id='word_1_438' title='bbox 1169 4424 1380 4508; x_wconf 85' lang='lat' dir='ltr'><strong>ingenuitatis</strong></span> <span class='ocrx_word' id='word_1_439' title='bbox 1404 4425 1580 4488; x_wconf 82' lang='lat' dir='ltr'><strong>auctoritas</strong></span> <span class='ocrx_word' id='word_1_440' title='bbox 1606 4423 1772 4512; x_wconf 84' lang='lat' dir='ltr'><strong>[st]abilis¹</strong></span> <span class='ocrx_word' id='word_1_441' title='bbox 1799 4437 1831 4489; x_wconf 92' lang='lat' dir='ltr'><strong>et</strong></span> <span class='ocrx_word' id='word_1_442' title='bbox 1854 4425 2047 4490; x_wconf 86' lang='lat' dir='ltr'><strong>inconvulsa</strong></span> <span class='ocrx_word' id='word_1_443' title='bbox 2069 4425 2173 4489; x_wconf 67' lang='lat' dir='ltr'><strong>omnil</strong></span> 
     </span>
     <span class='ocr_line' id='line_1_39' title="bbox 522 4525 2175 4618; baseline 0.004 -28"><span class='ocrx_word' id='word_1_444' title='bbox 522 4525 715 4615; x_wconf 75' lang='lat' dir='ltr'><strong>[po]sthinc¹</strong></span> <span class='ocrx_word' id='word_1_445' title='bbox 742 4539 933 4612; x_wconf 88' lang='lat' dir='ltr'><strong>permaneat</strong></span> <span class='ocrx_word' id='word_1_446' title='bbox 955 4538 1111 4614; x_wconf 86' lang='lat' dir='ltr'><strong>ternpore,</strong></span> <span class='ocrx_word' id='word_1_447' title='bbox 1143 4530 1204 4593; x_wconf 92' lang='lat' dir='ltr'><strong>hoc</strong></span> <span class='ocrx_word' id='word_1_448' title='bbox 1227 4542 1419 4617; x_wconf 89' lang='lat' dir='ltr'><strong>preceptum</strong></span> <span class='ocrx_word' id='word_1_449' title='bbox 1442 4531 1518 4594; x_wconf 89' lang='lat' dir='ltr'><strong>inde</strong></span> <span class='ocrx_word' id='word_1_450' title='bbox 1543 4533 1763 4617; x_wconf 87' lang='lat' dir='ltr'><strong>conscriptum</strong></span> <span class='ocrx_word' id='word_1_451' title='bbox 1786 4555 1885 4596; x_wconf 91' lang='lat' dir='ltr'><strong>mauu</strong></span> <span class='ocrx_word' id='word_1_452' title='bbox 1907 4534 2040 4618; x_wconf 84' lang='lat' dir='ltr'><strong>propria</strong></span> <span class='ocrx_word' id='word_1_453' title='bbox 2062 4531 2175 4596; x_wconf 90' lang='lat' dir='ltr'><strong>confir·</strong></span> 
     </span>
     <span class='ocr_line' id='line_1_40' title="bbox 519 4632 1642 4723; baseline 0.004 -27"><span class='ocrx_word' id='word_1_454' title='bbox 519 4654 647 4696; x_wconf 88' lang='lat' dir='ltr'><strong>mamus</strong></span> <span class='ocrx_word' id='word_1_455' title='bbox 672 4632 724 4695; x_wconf 69' lang='lat' dir='ltr'><strong>etl</strong></span> <span class='ocrx_word' id='word_1_456' title='bbox 747 4632 844 4717; x_wconf 83' lang='lat' dir='ltr'><strong>sigilli</strong></span> <span class='ocrx_word' id='word_1_457' title='bbox 868 4635 971 4697; x_wconf 89' lang='lat' dir='ltr'><strong>nostri</strong></span> <span class='ocrx_word' id='word_1_458' title='bbox 995 4636 1207 4720; x_wconf 88' lang='lat' dir='ltr'><strong>impressione</strong></span> <span class='ocrx_word' id='word_1_459' title='bbox 1232 4637 1456 4723; x_wconf 88' lang='lat' dir='ltr'><strong>precepimus¹</strong></span> <span class='ocrx_word' id='word_1_460' title='bbox 1483 4638 1642 4722; x_wconf 89' lang='lat' dir='ltr'><strong>insigniri.</strong></span> 
     </span>
    </p>
   </div>
   <div class='ocr_carea' id='block_1_3' title="bbox 627 4950 2176 5048">
    <p class='ocr_par' dir='ltr' id='par_1_4' title="bbox 627 4950 2176 5048">
     <span class='ocr_line' id='line_1_41' title="bbox 627 4950 2176 5048; baseline 0.006 -32"><span class='ocrx_word' id='word_1_461' title='bbox 627 4950 644 5040; x_wconf 58' lang='grc' dir='ltr'>ᾗ</span> <span class='ocrx_word' id='word_1_462' title='bbox 668 4951 870 5017; x_wconf 82' lang='lat' dir='ltr'><strong>Guntherius</strong></span> <span class='ocrx_word' id='word_1_463' title='bbox 895 4954 1108 5018; x_wconf 87' lang='lat' dir='ltr'><strong>cancellarius</strong></span> <span class='ocrx_word' id='word_1_464' title='bbox 1131 4956 1205 5019; x_wconf 79' lang='lat' dir='ltr'><strong>vice</strong></span> <span class='ocrx_word' id='word_1_465' title='bbox 1228 4954 1430 5020; x_wconf 85' lang='lat' dir='ltr'><strong>Ercanbaldi</strong></span> <span class='ocrx_word' id='word_1_466' title='bbox 1454 4958 1729 5044; x_wconf 86' lang='lat' dir='ltr'><strong>archicappellani</strong></span> <span class='ocrx_word' id='word_1_467' title='bbox 1752 4958 1989 5048; x_wconf 64' lang='lat' dir='ltr'><strong>recognovit}</strong></span> <span class='ocrx_word' id='word_1_468' title='bbox 2059 4965 2116 5042; x_wconf 88' lang='lat' dir='ltr'><strong>(SI.</strong></span> <span class='ocrx_word' id='word_1_469' title='bbox 2134 4966 2176 5043; x_wconf 85' lang='lat'><strong>3.)</strong></span> 
     </span>
    </p>
   </div>
   <div class='ocr_carea' id='block_1_4' title="bbox 591 5173 2218 5815">
    <p class='ocr_par' dir='ltr' id='par_1_5' title="bbox 591 5173 2218 5815">
     <span class='ocr_line' id='line_1_42' title="bbox 591 5173 2174 5248; baseline 0.006 -22"><span class='ocrx_word' id='word_1_470' title='bbox 591 5174 656 5230; x_wconf 75' lang='grc'><strong>386.</strong></span> <span class='ocrx_word' id='word_1_471' title='bbox 683 5173 829 5244; x_wconf 85' lang='lat' dir='ltr'><strong>[Bresslau]</strong></span> <span class='ocrx_word' id='word_1_472' title='bbox 867 5177 894 5241; x_wconf 83' lang='lat' dir='ltr'><strong>a)</strong></span> <span class='ocrx_word' id='word_1_473' title='bbox 916 5177 950 5240; x_wconf 80' lang='grc' dir='ltr'><strong>Α,</strong></span> <span class='ocrx_word' id='word_1_474' title='bbox 971 5177 1020 5241; x_wconf 74' lang='lat' dir='ltr'><strong>apl.</strong></span> <span class='ocrx_word' id='word_1_475' title='bbox 1037 5177 1094 5231; x_wconf 87' lang='lat' dir='ltr'><strong>DO.</strong></span> <span class='ocrx_word' id='word_1_476' title='bbox 1108 5177 1131 5231; x_wconf 89' lang='lat' dir='ltr'><strong>I.</strong></span> <span class='ocrx_word' id='word_1_477' title='bbox 1145 5181 1198 5229; x_wconf 75' lang='lat'><strong>447</strong></span> <span class='ocrx_word' id='word_1_478' title='bbox 1287 5177 1317 5237; x_wconf 77' lang='lat' dir='ltr'><strong>b)</strong></span> <span class='ocrx_word' id='word_1_479' title='bbox 1345 5179 1471 5230; x_wconf 79' lang='lat' dir='ltr'><strong>duhinta·</strong></span> <span class='ocrx_word' id='word_1_480' title='bbox 1496 5183 1531 5232; x_wconf 74' lang='lat' dir='ltr'><strong>ist</strong></span> <span class='ocrx_word' id='word_1_481' title='bbox 1556 5179 1599 5232; x_wconf 90' lang='grc'><strong>(161</strong></span> <span class='ocrx_word' id='word_1_482' title='bbox 1626 5182 1804 5247; x_wconf 77' lang='lat' dir='ltr'><strong>auspefallaa,</strong></span> <span class='ocrx_word' id='word_1_483' title='bbox 1831 5182 1882 5248; x_wconf 72' lang='grc'><strong>661,</strong></span> <span class='ocrx_word' id='word_1_484' title='bbox 1901 5182 1936 5236; x_wconf 86' lang='lat' dir='ltr'><strong>D.</strong></span> <span class='ocrx_word' id='word_1_485' title='bbox 1953 5185 2007 5234; x_wconf 83' lang='grc'><strong>378</strong></span> <span class='ocrx_word' id='word_1_486' title='bbox 2030 5184 2088 5235; x_wconf 77' lang='lat' dir='ltr'><strong>aad</strong></span> <span class='ocrx_word' id='word_1_487' title='bbox 2112 5183 2174 5236; x_wconf 73' lang='grc' dir='ltr'><strong>ΝΠ.</strong></span> 
     </span>
     <span class='ocr_line' id='line_1_43' title="bbox 682 5247 2175 5321; baseline 0.007 -25"><span class='ocrx_word' id='word_1_488' title='bbox 682 5247 796 5313; x_wconf 75' lang='lat' dir='ltr'><strong>Stumpf</strong></span> <span class='ocrx_word' id='word_1_489' title='bbox 812 5247 962 5311; x_wconf 69' lang='grc'><strong>11662059</strong></span> <span class='ocrx_word' id='word_1_490' title='bbox 1046 5251 1072 5313; x_wconf 87' lang='lat' dir='ltr'><strong>c)</strong></span> <span class='ocrx_word' id='word_1_491' title='bbox 1099 5249 1168 5300; x_wconf 71' lang='grc'><strong>(11666</strong></span> <span class='ocrx_word' id='word_1_492' title='bbox 1193 5250 1250 5299; x_wconf 83' lang='lat' dir='ltr'><strong>aad</strong></span> <span class='ocrx_word' id='word_1_493' title='bbox 1275 5251 1318 5301; x_wconf 79' lang='lat' dir='ltr'><strong>die</strong></span> <span class='ocrx_word' id='word_1_494' title='bbox 1343 5251 1482 5316; x_wconf 60' lang='lat' dir='ltr'><strong>folgenden</strong></span> <span class='ocrx_word' id='word_1_495' title='bbox 1508 5251 1709 5318; x_wconf 74' lang='lat' dir='ltr'><strong>Erpdnzuaqea</strong></span> <span class='ocrx_word' id='word_1_496' title='bbox 1734 5269 1785 5303; x_wconf 79' lang='lat' dir='ltr'><strong>aas</strong></span> <span class='ocrx_word' id='word_1_497' title='bbox 1809 5253 1835 5304; x_wconf 90' lang='lat' dir='ltr'><em>B</em></span> <span class='ocrx_word' id='word_1_498' title='bbox 1915 5251 1944 5321; x_wconf 93' lang='lat' dir='ltr'><strong>d)</strong></span> <span class='ocrx_word' id='word_1_499' title='bbox 1964 5250 2095 5306; x_wconf 88' lang='lat' dir='ltr'><strong>Wauium</strong></span> <span class='ocrx_word' id='word_1_500' title='bbox 2115 5254 2175 5306; x_wconf 82' lang='lat' dir='ltr'><strong>NU.</strong></span> 
     </span>
     <span class='ocr_line' id='line_1_44' title="bbox 681 5316 2174 5393; baseline 0.005 -24"><span class='ocrx_word' id='word_1_501' title='bbox 681 5318 707 5381; x_wconf 87' lang='grc'><strong>6)</strong></span> <span class='ocrx_word' id='word_1_502' title='bbox 726 5316 856 5384; x_wconf 81' lang='lat' dir='ltr'><strong>liugnam</strong></span> <span class='ocrx_word' id='word_1_503' title='bbox 876 5316 1019 5384; x_wconf 85' lang='lat' dir='ltr'><strong>perveniat</strong></span> <span class='ocrx_word' id='word_1_504' title='bbox 1037 5320 1092 5381; x_wconf 81' lang='lat' dir='ltr'><strong>auf</strong></span> <span class='ocrx_word' id='word_1_505' title='bbox 1107 5322 1180 5371; x_wconf 84' lang='lat' dir='ltr'><strong>einer</strong></span> <span class='ocrx_word' id='word_1_506' title='bbox 1197 5323 1305 5371; x_wconf 74' lang='lat' dir='ltr'><strong>aweitea</strong></span> <span class='ocrx_word' id='word_1_507' title='bbox 1323 5322 1424 5385; x_wconf 74' lang='lat' dir='ltr'><strong>Hester,</strong></span> <span class='ocrx_word' id='word_1_508' title='bbox 1452 5323 1540 5373; x_wconf 71' lang='lat' dir='ltr'><strong>tndem</strong></span> <span class='ocrx_word' id='word_1_509' title='bbox 1565 5323 1625 5374; x_wconf 73' lang='lat' dir='ltr'><strong>hier·</strong></span> <span class='ocrx_word' id='word_1_510' title='bbox 1642 5324 1690 5375; x_wconf 83' lang='lat' dir='ltr'><strong>der</strong></span> <span class='ocrx_word' id='word_1_511' title='bbox 1707 5325 1764 5388; x_wconf 74' lang='lat' dir='ltr'><strong>auf</strong></span> <span class='ocrx_word' id='word_1_512' title='bbox 1777 5324 1872 5376; x_wconf 70' lang='lat' dir='ltr'><strong>amr</strong></span> <span class='ocrx_word' id='word_1_513' title='bbox 1889 5325 1934 5375; x_wconf 80' lang='lat' dir='ltr'><strong>das</strong></span> <span class='ocrx_word' id='word_1_514' title='bbox 1952 5325 2174 5393; x_wconf 67' lang='lat' dir='ltr'><strong>urrprdnpls‘abea</strong></span> 
     </span>
     <span class='ocr_line' id='line_1_45' title="bbox 681 5388 2218 5461; baseline 0.008 -24"><span class='ocrx_word' id='word_1_515' title='bbox 681 5388 804 5455; x_wconf 80' lang='lat' dir='ltr'><strong>Diploma</strong></span> <span class='ocrx_word' id='word_1_516' title='bbox 820 5389 941 5441; x_wconf 77' lang='lat' dir='ltr'><strong>atclscada</strong></span> <span class='ocrx_word' id='word_1_517' title='bbox 958 5389 1024 5439; x_wconf 76' lang='lat' dir='ltr'><strong>Tert</strong></span> <span class='ocrx_word' id='word_1_518' title='bbox 1040 5389 1177 5442; x_wconf 71' lang='grc'><strong>6661666616</strong></span> <span class='ocrx_word' id='word_1_519' title='bbox 1193 5393 1321 5456; x_wconf 71' lang='lat' dir='ltr'><strong>pedadcrt</strong></span> <span class='ocrx_word' id='word_1_520' title='bbox 1340 5393 1430 5444; x_wconf 68' lang='grc'><strong>(666616</strong></span> <span class='ocrx_word' id='word_1_521' title='bbox 1484 5392 1509 5457; x_wconf 85' lang='grc'><strong>1)</strong></span> <span class='ocrx_word' id='word_1_522' title='bbox 1531 5396 1557 5445; x_wconf 77' lang='grc' dir='ltr'><em>Α</em></span> <span class='ocrx_word' id='word_1_523' title='bbox 1612 5396 1641 5461; x_wconf 68' lang='grc'><strong>6)</strong></span> <span class='ocrx_word' id='word_1_524' title='bbox 1661 5397 1698 5446; x_wconf 80' lang='lat' dir='ltr'><strong>im</strong></span> <span class='ocrx_word' id='word_1_525' title='bbox 1712 5394 1839 5461; x_wconf 75' lang='lat' dir='ltr'><strong>Oripiaal</strong></span> <span class='ocrx_word' id='word_1_526' title='bbox 1849 5396 1943 5459; x_wconf 67' lang='lat' dir='ltr'><strong>darfu</strong></span> <span class='ocrx_word' id='word_1_527' title='bbox 1955 5396 2015 5448; x_wconf 74' lang='lat' dir='ltr'><strong>hier</strong></span> <span class='ocrx_word' id='word_1_528' title='bbox 2026 5399 2115 5448; x_wconf 71' lang='grc'><strong>(6166(</strong></span> <span class='ocrx_word' id='word_1_529' title='bbox 2128 5396 2175 5448; x_wconf 79' lang='lat' dir='ltr'><strong>der</strong></span> <span class='ocrx_word' id='word_1_530' title='bbox 2191 5411 2218 5450; x_wconf 70' lang='lat' dir='ltr'><strong>aa</strong></span> 
     </span>
     <span class='ocr_line' id='line_1_46' title="bbox 680 5458 2173 5533; baseline 0.005 -23"><span class='ocrx_word' id='word_1_531' title='bbox 680 5460 708 5510; x_wconf 92' lang='grc' dir='ltr'><em>Ν</em></span> <span class='ocrx_word' id='word_1_532' title='bbox 713 5459 743 5512; x_wconf 88' lang='lat' dir='ltr'><strong>U.</strong></span> <span class='ocrx_word' id='word_1_533' title='bbox 758 5462 839 5525; x_wconf 88' lang='lat' dir='ltr'><strong>atque</strong></span> <span class='ocrx_word' id='word_1_534' title='bbox 852 5458 942 5527; x_wconf 88' lang='lat' dir='ltr'><strong>ipsum</strong></span> <span class='ocrx_word' id='word_1_535' title='bbox 956 5459 1048 5511; x_wconf 90' lang='lat' dir='ltr'><strong>locum</strong></span> <span class='ocrx_word' id='word_1_536' title='bbox 1061 5460 1206 5528; x_wconf 87' lang='lat' dir='ltr'><strong>omniaque</strong></span> <span class='ocrx_word' id='word_1_537' title='bbox 1219 5461 1272 5513; x_wconf 91' lang='lat' dir='ltr'><strong>sibi</strong></span> <span class='ocrx_word' id='word_1_538' title='bbox 1284 5462 1451 5529; x_wconf 86' lang='lat' dir='ltr'><strong>pertinentia</strong></span> <span class='ocrx_word' id='word_1_539' title='bbox 1461 5466 1604 5529; x_wconf 74' lang='lat' dir='ltr'><strong>pcatoadea</strong></span> <span class='ocrx_word' id='word_1_540' title='bbox 1617 5465 1701 5518; x_wconf 78' lang='lat' dir='ltr'><strong>habea</strong></span> <span class='ocrx_word' id='word_1_541' title='bbox 1737 5464 1766 5531; x_wconf 81' lang='lat' dir='ltr'><strong>h)</strong></span> <span class='ocrx_word' id='word_1_542' title='bbox 1780 5466 1907 5518; x_wconf 74' lang='lat' dir='ltr'><strong>dalla&#39;mr</strong></span> <span class='ocrx_word' id='word_1_543' title='bbox 1918 5464 1987 5519; x_wconf 87' lang='lat' dir='ltr'><strong>hacc</strong></span> <span class='ocrx_word' id='word_1_544' title='bbox 1999 5467 2173 5533; x_wconf 69' lang='lat' dir='ltr'><strong>asapefollaa,</strong></span> 
     </span>
     <span class='ocr_line' id='line_1_47' title="bbox 681 5529 2175 5605; baseline 0.007 -24"><span class='ocrx_word' id='word_1_545' title='bbox 681 5531 729 5594; x_wconf 75' lang='grc'><strong>661,</strong></span> <span class='ocrx_word' id='word_1_546' title='bbox 743 5531 786 5582; x_wconf 73' lang='lat' dir='ltr'><strong>dte</strong></span> <span class='ocrx_word' id='word_1_547' title='bbox 798 5531 861 5581; x_wconf 72' lang='lat' dir='ltr'><strong>NG.</strong></span> <span class='ocrx_word' id='word_1_548' title='bbox 918 5530 937 5591; x_wconf 92' lang='lat' dir='ltr'><strong>i)</strong></span> <span class='ocrx_word' id='word_1_549' title='bbox 959 5529 1064 5582; x_wconf 89' lang='lat' dir='ltr'><strong>stabilis</strong></span> <span class='ocrx_word' id='word_1_550' title='bbox 1082 5533 1139 5582; x_wconf 83' lang='lat' dir='ltr'><strong>aad</strong></span> <span class='ocrx_word' id='word_1_551' title='bbox 1157 5532 1232 5584; x_wconf 89' lang='lat' dir='ltr'><strong>omni</strong></span> <span class='ocrx_word' id='word_1_552' title='bbox 1250 5533 1376 5600; x_wconf 89' lang='lat' dir='ltr'><strong>posthinc</strong></span> <span class='ocrx_word' id='word_1_553' title='bbox 1393 5536 1478 5586; x_wconf 80' lang='lat' dir='ltr'><strong>luascu</strong></span> <span class='ocrx_word' id='word_1_554' title='bbox 1490 5537 1547 5586; x_wconf 76' lang='lat' dir='ltr'><strong>ss&#39;ch</strong></span> <span class='ocrx_word' id='word_1_555' title='bbox 1559 5536 1627 5587; x_wconf 77' lang='lat' dir='ltr'><strong>noch</strong></span> <span class='ocrx_word' id='word_1_556' title='bbox 1638 5537 1680 5587; x_wconf 87' lang='lat' dir='ltr'><strong>als</strong></span> <span class='ocrx_word' id='word_1_557' title='bbox 1691 5537 1886 5590; x_wconf 76' lang='lat' dir='ltr'><strong>Bestaadtheilc</strong></span> <span class='ocrx_word' id='word_1_558' title='bbox 1896 5538 1941 5591; x_wconf 75' lang='lat' dir='ltr'><strong>das</strong></span> <span class='ocrx_word' id='word_1_559' title='bbox 1952 5539 2175 5605; x_wconf 66' lang='lat' dir='ltr'><strong>urspranqltaa</strong></span> 
     </span>
     <span class='ocr_line' id='line_1_48' title="bbox 685 5601 2174 5675; baseline 0.007 -24"><span class='ocrx_word' id='word_1_560' title='bbox 685 5601 779 5653; x_wconf 71' lang='lat' dir='ltr'><strong>Teates</strong></span> <span class='ocrx_word' id='word_1_561' title='bbox 802 5602 975 5661; x_wconf 68' lang='lat' dir='ltr'><strong>auctoratam,</strong></span> <span class='ocrx_word' id='word_1_562' title='bbox 1001 5602 1049 5665; x_wconf 75' lang='lat' dir='ltr'><strong>apl.</strong></span> <span class='ocrx_word' id='word_1_563' title='bbox 1075 5604 1118 5653; x_wconf 81' lang='lat' dir='ltr'><strong>dic</strong></span> <span class='ocrx_word' id='word_1_564' title='bbox 1143 5604 1358 5671; x_wconf 72' lang='lat' dir='ltr'><strong>Vorbamerlaap</strong></span> <span class='ocrx_word' id='word_1_565' title='bbox 1429 5605 1458 5663; x_wconf 83' lang='lat' dir='ltr'><strong>k)</strong></span> <span class='ocrx_word' id='word_1_566' title='bbox 1481 5608 1667 5672; x_wconf 63' lang='lat' dir='ltr'><strong>aetam-eamn</strong></span> <span class='ocrx_word' id='word_1_567' title='bbox 1685 5609 1733 5661; x_wconf 79' lang='lat' dir='ltr'><strong>der</strong></span> <span class='ocrx_word' id='word_1_568' title='bbox 1750 5609 1781 5659; x_wconf 80' lang='lat' dir='ltr'><strong><em>N</em></strong></span> <span class='ocrx_word' id='word_1_569' title='bbox 1785 5608 1815 5663; x_wconf 87' lang='lat' dir='ltr'><strong>U.</strong></span> <span class='ocrx_word' id='word_1_570' title='bbox 1835 5610 1892 5661; x_wconf 82' lang='lat' dir='ltr'><strong>aad</strong></span> <span class='ocrx_word' id='word_1_571' title='bbox 1908 5610 2174 5675; x_wconf 60' lang='lat' dir='ltr'><strong>maurannetus„</strong></span> 
     </span>
     <span class='ocr_line' id='line_1_49' title="bbox 680 5672 2173 5747; baseline 0.007 -25"><span class='ocrx_word' id='word_1_572' title='bbox 680 5672 917 5739; x_wconf 73' lang='lat' dir='ltr'><strong>Sprachpcbraach</strong></span> <span class='ocrx_word' id='word_1_573' title='bbox 935 5675 980 5723; x_wconf 75' lang='lat' dir='ltr'><strong>&lt;Ias</strong></span> <span class='ocrx_word' id='word_1_574' title='bbox 1002 5673 1052 5724; x_wconf 76' lang='grc' dir='ltr'><strong>ΘΒ</strong></span> <span class='ocrx_word' id='word_1_575' title='bbox 1069 5674 1162 5738; x_wconf 72' lang='lat' dir='ltr'><strong>darfte</strong></span> <span class='ocrx_word' id='word_1_576' title='bbox 1180 5676 1217 5725; x_wconf 74' lang='lat' dir='ltr'><strong>im</strong></span> <span class='ocrx_word' id='word_1_577' title='bbox 1237 5676 1364 5739; x_wconf 61' lang='grc'><strong>06661661</strong></span> <span class='ocrx_word' id='word_1_578' title='bbox 1382 5675 1574 5729; x_wconf 86' lang='lat' dir='ltr'><strong>confirmantes</strong></span> <span class='ocrx_word' id='word_1_579' title='bbox 1592 5685 1656 5730; x_wconf 80' lang='lat' dir='ltr'><strong>stoa</strong></span> <span class='ocrx_word' id='word_1_580' title='bbox 1674 5677 1867 5732; x_wconf 82' lang='lat' dir='ltr'><strong>confirmamus</strong></span> <span class='ocrx_word' id='word_1_581' title='bbox 1886 5684 1914 5732; x_wconf 87' lang='lat' dir='ltr'><strong>et</strong></span> <span class='ocrx_word' id='word_1_582' title='bbox 1930 5680 2072 5747; x_wconf 65' lang='grc'><strong>6661666166</strong></span> <span class='ocrx_word' id='word_1_583' title='bbox 2089 5681 2173 5733; x_wconf 69' lang='lat' dir='ltr'><strong>tata</strong></span> 
     </span>
     <span class='ocr_line' id='line_1_50' title="bbox 681 5741 2217 5815; baseline 0.009 -23"><span class='ocrx_word' id='word_1_584' title='bbox 681 5741 701 5809; x_wconf 90' lang='grc'><strong>1)</strong></span> <span class='ocrx_word' id='word_1_585' title='bbox 722 5741 847 5795; x_wconf 87' lang='lat' dir='ltr'><strong>iussimus</strong></span> <span class='ocrx_word' id='word_1_586' title='bbox 867 5746 896 5795; x_wconf 86' lang='lat' dir='ltr'><em>N</em></span> <span class='ocrx_word' id='word_1_587' title='bbox 900 5745 945 5803; x_wconf 78' lang='lat' dir='ltr'><strong>U.,·</strong></span> <span class='ocrx_word' id='word_1_588' title='bbox 967 5744 1034 5794; x_wconf 78' lang='lat' dir='ltr'><strong>doch</strong></span> <span class='ocrx_word' id='word_1_589' title='bbox 1052 5746 1197 5810; x_wconf 80' lang='lat' dir='ltr'><strong>catapricltt</strong></span> <span class='ocrx_word' id='word_1_590' title='bbox 1215 5746 1284 5797; x_wconf 76' lang='lat' dir='ltr'><strong>auch</strong></span> <span class='ocrx_word' id='word_1_591' title='bbox 1302 5746 1476 5815; x_wconf 89' lang='lat' dir='ltr'><strong>precepimus</strong></span> <span class='ocrx_word' id='word_1_592' title='bbox 1494 5748 1551 5800; x_wconf 81' lang='lat' dir='ltr'><strong>dem</strong></span> <span class='ocrx_word' id='word_1_593' title='bbox 1570 5749 1694 5802; x_wconf 63' lang='lat' dir='ltr'><strong>araucas</strong></span> <span class='ocrx_word' id='word_1_594' title='bbox 1711 5751 1756 5802; x_wconf 77' lang='grc'><strong>(166</strong></span> <span class='ocrx_word' id='word_1_595' title='bbox 1775 5752 1826 5803; x_wconf 86' lang='lat' dir='ltr'><strong>GB</strong></span> <span class='ocrx_word' id='word_1_596' title='bbox 2190 5767 2217 5806; x_wconf 84' lang='lat' dir='ltr'><strong>to</strong></span> 
     </span>
    </p>
   </div>
   <div class='ocr_carea' id='block_1_5' title="bbox 0 0 2413 6484">
    <p class='ocr_par' dir='ltr' id='par_1_6' title="bbox 0 0 2413 6484">
     <span class='ocr_line' id='line_1_51' title="bbox 0 0 2413 6484; baseline 0 0"><span class='ocrx_word' id='word_1_597' title='bbox 0 0 2413 6484; x_wconf 95' lang='lat' dir='ltr'><strong> </strong></span> 
     </span>
    </p>
   </div>
  </div>
 </body>
</html>
