4760 6512
555 467 619 529 342
1149 468 1615 527 KAISERURKUNDEN.

554 665 698 714 contencio
718 664 752 712 de
766 664 852 713 servis
866 662 910 712 vel
928 664 960 712 de
975 661 1030 713 alia
1043 678 1217 727 quacumque
1230 678 1259 712 re
1273 664 1363 712 inter·
1378 661 1499 725 aliquem
1513 662 1633 710 vicinum
1647 675 1726 710 snum
1739 675 1790 709 scu
1802 658 2047 724 qualemcumque¹
2064 660 2208 719 bominem,

554 768 636 819 liceat
656 771 696 819 eis
715 785 743 818 so
761 758 919 827 defendere,
945 770 1019 818 sicut
1043 770 1133 834 prisca
1159 768 1333 819 cousuetudo
1359 768 1421 827 init,
1446 783 1495 833 per
1521 768 1661 816 scariones
1688 766 1810 816 eiusdem
1835 767 2008 827 monasterii3
2036 782 2088 816 nec
2107 767 2208 817 audeat

553 874 654 940 aliquis
673 877 747 941 ipsos
765 876 880 925 abbates
898 874 941 924 vel
961 876 1110 925 monachos
1129 875 1163 924 ad
1189 881 1391 925 sacramentum
1418 875 1543 933 inritare,
1573 860 1670 945 quial
1696 878 1792 922 contra
1817 873 1936 922 diuinam
1961 874 2156 923 auctoritatem
2181 880 2208 923 et

555 976 695 1045 [contra]v
714 980 836 1045 regulam
856 987 906 1030 est.
943 981 1132 1046 Precipientes
1151 983 1264 1046 insuper
1281 981 1416 1041 iubemus,
1436 988 1466 1030 ut
1484 979 1576 1029 nullus
1596 995 1644 1029 rex
1663 980 1717 1029 dux
1737 980 1864 1045 princeps
1883 978 2004 1029 marchio
2023 995 2116 1029 comes
2135 981 2206 1029 iice-

553 1103 646 1137 comes
665 1087 825 1152 gastaldeus
844 1086 1016 1137 sculdascius
1036 1087 1079 1138 rel
1100 1087 1201 1153 aliquis
1221 1088 1332 1153 publice
1352 1088 1392 1137 rei
1412 1093 1524 1137 exactor
1543 1088 1597 1135 iam
1617 1086 1720 1135 dictum
1739 1086 1866 1135 abbatem
1885 1079 1931 1135 rel
1948 1101 2015 1135 suos
2033 1102 2206 1136 successores
2225 1099 2237 1138 t

553 1199 600 1242 aut
617 1193 766 1243 monachos
786 1209 819 1242 ex
839 1194 898 1242 eius
918 1194 1034 1243 cenobio
1054 1192 1096 1242 vel
1117 1195 1178 1243 eius
1205 1193 1285 1243 cellis
1311 1195 1466 1257 iuquietare
1492 1192 1596 1243 laniare
1622 1192 1656 1241 de
1682 1192 1784 1257 prediis
1808 1193 1967 1242 monasterii
1993 1198 2043 1242 aut
2067 1192 2205 1257 aliquibus

552 1300 633 1348 rebus
653 1299 797 1349 disvestire
817 1299 865 1349 au't
884 1315 932 1364 per
950 1297 1053 1364 placita
1072 1299 1209 1349 secularia
1229 1300 1366 1350 ducerew.
1396 1300 1562 1365 Recepimus
1580 1306 1706 1364 preterea
1725 1304 1918 1364 pretaxatum¹
1936 1300 2132 1349 monasterium
2145 1315 2205 1349 eum

552 1406 678 1455 omnibus
699 1406 868 1470 pretaxatis¹
888 1407 1061 1455 monasteriis
1080 1422 1113 1455 ac
1134 1405 1212 1456 cellis
1231 1407 1313 1456 rebus
1333 1422 1443 1472 quoque
1462 1422 1495 1456 ac
1515 1405 1626 1455 familiis
1646 1406 1747 1456 ibidem
1766 1406 1972 1471 aspicientibus,
1996 1422 2058 1455 cum
2077 1405 2205 1455 iratribus

552 1528 584 1560 ac
604 1512 744 1562 monachis
763 1512 863 1561 ibidem
883 1511 936 1561 deo
956 1511 1153 1562 famulantibus
1173 1513 1225 1562 snb
1245 1519 1336 1563 nostre
1356 1513 1487 1562 tuicionis
1506 1512 1698 1562 munburdum.
1735 1511 1918 1562 concedimus
1937 1527 2049 1576 quoque
2068 1518 2097 1561 et
2115 1528 2204 1562 corro-

552 1618 688 1676 boramus,
708 1624 738 1667 ut
757 1617 850 1667 nullus
870 1634 902 1668 ex
921 1620 1007 1668 serris
1024 1624 1072 1668 aut
1092 1635 1124 1667 ex
1138 1617 1243 1668 familia
1257 1619 1379 1669 eiusdem
1392 1620 1553 1668 monasterii
1565 1617 1608 1668 vel
1628 1634 1675 1669 eos
1694 1625 1783 1683 quos5
1803 1619 1967 1668 cortisianos
1985 1624 2087 1669 vocant
2105 1620 2204 1668 audeat
2222 1631 2242 1669 ιο

551 1725 705 1787 inquietare
729 1729 776 1774 aut
801 1725 836 1773 ad
862 1722 1001 1788 publicam
1028 1723 1071 1775 vel
1099 1726 1228 1775 comitum
1255 1725 1386 1790 placitum
1413 1725 1513 1775 ducere
1539 1733 1588 1775 aut
1614 1726 1736 1774 iudicare
1761 1740 1852 1790 neque
1877 1727 1905 1774 in
1924 1725 2050 1775 domibus
2070 1723 2113 1775 vel
2134 1727 2203 1774 casis

550 1831 673 1880 eiusdem
693 1832 850 1881 monasterii
870 1830 1005 1880 iudicium
1023 1838 1072 1881 aut
1090 1831 1223 1897 placitum
1243 1840 1345 1890 tenere,
1365 1833 1419 1881 nisi
1438 1832 1510 1882 abba
1529 1832 1628 1898 prelati
1647 1818 1836 1881 monasterii
1855 1837 1903 1881 aut
1921 1847 1988 1881 suus
2007 1832 2115 1891 musas,
2141 1840 2202 1882 ante

550 1929 629 1977 cuius
655 1934 834 1993 conspectum
860 1945 953 1979 omnes
980 1931 1023 1978 sui
1049 1929 1200 1980 residentes
1226 1930 1299 1979 sicut
1325 1935 1388 1978 aute
1414 1936 1535 1979 nostram
1554 1931 1725 1995 presenciam
1745 1929 1833 1993 legem
1852 1930 1973 1980 taciant²
1994 1936 2021 1979 et
2042 1931 2202 1995 recipiant¹,

550 2051 639 2099 neque
665 2034 863 2099 placiaticum⁸
889 2037 1055 2101 portaticum
1082 2036 1292 2101 pontanaticum
1317 2036 1469 2086 casaticum
1496 2034 1539 2085 rel
1567 2034 1709 2100 quodlibet
1734 2051 1848 2101 petasum
1876 2036 2021 2102 quisquam
2050 2036 2131 2086 bomo
2157 2046 2202 2085 ant

549 2140 660 2207 publice
680 2142 719 2190 rei
739 2149 852 2192 exactor
870 2140 968 2192 tollere
987 2149 1036 2191 aut
1055 2143 1165 2206 exigere
1185 2148 1336 2207 presumat;
1360 2142 1410 2193 sed
1430 2144 1608 2208 disponimus,
1628 2150 1657 2192 nt
1677 2143 1789 2193 abbates
1808 2147 1836 2192 et
1854 2144 1987 2208 propositi
2006 2143 2130 2193 eiusdem
2150 2142 2201 2192 loci
2218 2154 2239 2193 tt

549 2250 625 2298 iuxta
650 2250 767 2313 priscam
796 2248 1025 2298 consuetudinem
1053 2249 1088 2298 ad
1116 2263 1288 2298 communem
1315 2248 1462 2299 utilitatem
1489 2250 1602 2299 fratrum
1628 2266 1679 2299 sua
1704 2244 1870 2315 disponente
1896 2250 2074 2315 providencia
2100 2251 2200 2314 absque

549 2354 668 2405 alicuius
682 2355 915 2405 contradiccioue.
947 2356 1051 2420 Siquis
1065 2355 1150 2419 igitur
1162 2356 1244 2405 huius
1257 2358 1344 2406 nostri
1358 2357 1479 2422 precepti
1493 2358 1688 2407 institucione‘
1704 2364 1731 2406 et
1744 2356 1981 2407 confirmacionem
1994 2372 2043 2406 seu
2058 2357 2200 2406 niunburdi

548 2462 689 2511 tuicionec
710 2462 859 2527 aliquando
879 2463 1026 2527 infringere
1046 2464 1229 2527 temptaverit,
1248 2465 1318 2512 sciat
1336 2480 1365 2513 se
1385 2464 1600 2528 compositurum
1620 2465 1680 2512 auri
1700 2464 1796 2529 optimi
1816 2462 1899 2513 libras
1918 2464 1972 2512 dno
1992 2461 2077 2521 milia,
2102 2464 2199 2512 medie

548 2573 631 2617 tatem
652 2584 760 2619 camere
779 2576 872 2619 nostre
892 2576 920 2619 et
939 2570 1114 2619 medietatem
1134 2571 1205 2634 parti
1226 2571 1342 2634 predicti
1362 2572 1528 2620 monasterii.
1566 2570 1645 2631 Quod
1670 2577 1701 2620 ut
1720 2571 1811 2619 verius
1836 2570 1963 2620 credatur
1981 2567 2199 2634 diligenciusque

548 2675 583 2723 ab
603 2676 728 2724 omnibus
748 2677 919 2734 observetur,
939 2692 1021 2725 manu
1041 2677 1152 2741 propria
1171 2677 1332 2727 roborantes
1352 2674 1437 2726 anulo
1457 2682 1551 2726 nostro
1572 2678 1696 2741 insigniri
1716 2677 1851 2726 iussimus.
2215 2688 2239 2725 ro

656 2793 794 2879 Signum
819 2794 941 2858 domini
965 2794 1102 2858 Heurici
1127 2802 1191 2873 (M.)
1216 2795 1415 2858 serenissimi
1439 2805 1472 2859 et
1494 2796 1699 2859 invictissimi
1723 2796 1927 2881 imperatoris
1950 2797 2091 2880 augusti.

654 2936 818 2999 Henricus
842 2934 1057 2999 cancellarius
1080 2937 1153 2999 vice
1177 2935 1358 2999 Euerardi‘l
1383 2937 1546 3023 episcopie
1572 2947 1604 3000 et
1627 2937 1905 3001 archicancellarii
1928 2939 2130 3023 recognovit.

654 3078 778 3141 Datum
802 3101 886 3141 anno
911 3077 1072 3142 dominice
1096 3079 1330 3142 incarnationis
1355 3078 1526 3143 millesimo
1549 3094 1639 3160 uun,
1669 3078 1853 3143 indiccione
1876 3094 1938 3161 XII,
1969 3102 2055 3143 anno
2079 3079 2197 3144 domini

548 3183 684 3247 Henrici
709 3184 911 3269 imperatoris
935 3186 1064 3269 augusti
1087 3186 1254 3269 regnantis
1278 3200 1338 3265 ΧΗ,
1362 3186 1491 3271 imperii
1515 3188 1585 3249 eius
1609 3200 1635 3267 13
1660 3197 1768 3249 actum
1790 3186 1908 3269 Rome3
1931 3186 2073 3250 feliciter
2095 3208 2196 3250 aulen.

1328 3502 1422 3588 287.
2213 3546 2235 3586 a

547 3671 726 3744 Heinrich
759 3672 925 3772 bestd'tipt
954 3673 1032 3745 dem
1060 3673 1207 3746 Kloster
1234 3673 1500 3747 Moatecussiuo
1526 3675 1624 3747 seiae
1650 3674 1884 3774 Besitzoupea
1913 3674 2106 3748 inperiale
2134 3702 2196 3747 ua·

544 3790 741 3890 pepebeuer
768 3790 941 3881 Greazeo,
969 3792 1028 3864 die
1054 3791 1270 3865 [massenum
1292 3792 1373 3865 arud
1397 3792 1535 3866 eradere
1562 3792 1704 3865 Becdte.

1832 3938 1909 3998 aaa
1932 3940 2010 3998 1014
2034 3968 2075 3978 -
2100 3970 2152 3999 -.

651 4114 735 4174 Petri
762 4116 877 4174 diaconi
904 4116 1058 4189 repiebatur
1083 4114 1249 4173 campense
1276 4134 1329 4172 arcs
1356 4116 1407 4173 der
1429 4115 1516 4175 Mitte
1541 4116 1591 4175 des
1614 4117 1662 4175 12.
1679 4116 1706 4177 J
1707 4117 1734 4175 l.
1760 4118 1784 4187 f.
1802 4110 1853 4174 59¹
1876 4119 1908 4174 ιθ
1924 4118 1982 4175 129
2005 4118 2046 4175 im
2068 4117 2194 4177 Kloetcr·

650 4222 751 4281 archiv
773 4241 808 4279 za
832 4221 1041 4280 dlontecaesino
1067 4222 1136 4287 (B).
2211 4246 2235 4285 a

651 4363 758 4421 Leonis
783 4362 887 4420 Olrron.
910 4381 984 4421 moa.
1004 4361 1164 4421 casareae.
1182 4365 1214 4431 2,
1231 4364 1268 4421 31
1292 4363 1335 4421 ed.
1353 4363 1529 4422 Luserealiae
1549 4364 1655 4424 Vicae.
1672 4359 1723 4423 40
1745 4366 1805 4424 aad
1826 4366 1857 4423 ia
1877 4365 1957 4424 Mon.
1976 4365 2075 4425 Germ.
2093 4367 2123 4436 7,
2139 4366 2195 4424 647

652 4470 699 4526 cit.
724 4497 768 4505 —
793 4468 911 4526 Gallola
935 4468 1114 4527 Accessiones
1139 4468 1178 4527 ud
1200 4469 1266 4527 list.
1288 4470 1350 4533 abo.
1376 4469 1608 4540 Cassia.1,104
1630 4471 1701 4547 Bey.
1722 4501 1768 4510 —
1789 4472 1869 4531 Toeli
1897 4470 1998 4531 Simia
2024 4473 2056 4531 di
2085 4472 2193 4531 dicate·

654 4572 773 4633 Cassiae
802 4575 830 4643 1,
850 4574 911 4632 249
938 4574 1151 4649 arrrollstd'adiq
1178 4592 1231 4633 aare
1254 4575 1284 4633 B
1315 4597 1356 4622 =
1385 4576 1485 4650 Miqae
1508 4575 1622 4636 Patrol.
1640 4578 1710 4647 140,
1726 4580 1787 4638 300
1808 4580 1841 4635 ιιο
1857 4579 1907 4647 67,
1932 4598 1974 4624 =
2001 4578 2081 4638 Tosti
2107 4579 2195 4653 Opere

651 4680 785 4752 coruplele
808 4680 856 4749 14,
873 4682 932 4737 358
954 4682 987 4738 a⁰
1002 4683 1053 4738 22.
1079 4710 1122 4718 —
1146 4680 1270 4754 Stamps
1284 4682 1355 4755 Ray.
1374 4684 1460 4741 1603.

655 4830 860 4889 Uaraillelbare
888 4831 1105 4906 Wiedcrbolauq
1135 4833 1184 4891 des
1213 4831 1281 4892 Do.
1305 4833 1350 4891 ΙΙ.
1372 4825 1453 4891 254⁶
1482 4834 1536 4891 mit
1565 4834 1674 4909 einiqea
1698 4834 1925 4910 A'bdademmpea
1955 4837 1985 4894 iu
2015 4836 2068 4894 der
2092 4836 2194 4895 erar
2211 4855 2234 4896 ιι

651 4937 849 5011 besclreibaaq
871 4938 930 4995 aral
952 4937 1093 4996 Zutdlzen
1115 4939 1147 4997 ia
1170 4939 1233 4997 den
1253 4939 1431 4997 Veracicbais
1452 4940 1504 4997 der
1526 4939 1732 5015 Beueanqaq
1760 4942 1858 5000 sorceit
1887 4942 1933 5001 die
1959 4943 2090 5001 lelzlerea
2113 4943 2193 5002 scloa

650 5044 682 5102 ia
704 5043 767 5102 dem
789 5042 1017 5102 D0.111.291
1042 5045 1186 5120 ὑερεριιειι,
1209 5045 1299 5103 lobea
1322 5046 1378 5103 air
1400 5047 1431 5104 iu
1451 5046 1503 5105 dea
1522 5046 1742 5122 Aunmlruaqcu
1759 5047 1876 5119 darauf
1889 5049 2082 5123 dispersisse-*u
2118 5049 2195 5109 Dae

650 5151 734 5209 selon
757 5151 811 5210 das
829 5150 965 5225 Oripiaal
988 5152 1041 5210 mit
1063 5151 1241 5210 zadlreiclseu
1257 5151 1380 5210 Felleru
1404 5153 1530 5223 belaftet
1552 5173 1626 5221 aar,
1649 5154 1761 5213 bereiet
1779 5154 1826 5213 dic
1843 5155 1884 5214 im
1902 5154 2039 5230 Oriqiaol
2055 5157 2195 5216 erbalteae

650 5256 720 5316 ΝΕ.
745 5256 869 5331 Slumpf
887 5257 958 5331 Req.
982 5259 1071 5327 1798,
1104 5258 1187 5316 dem
1219 5258 1369 5316 Sclrreiber
1398 5260 1514 5317 maraclee
1541 5258 1780 5335 Verbessmmqea
1809 5261 1940 5320 eereucllt
1968 5261 2027 5320 lai.
2059 5292 2104 5299 —
2132 5261 2194 5321 Das

650 5364 835 5423 Ecclealolroll
857 5365 1013 5438 eulspricltt
1036 5365 1098 5423 den
1124 5365 1272 5423 Gedrauclr
1296 5366 1345 5423 des
1367 5364 1436 5423 HA.
2209 5387 2233 5426 u

616 5581 680 5637 286.

719 5586 733 5715 ))
747 5588 777 5634 ut
789 5586 815 5635 A
870 5589 893 5643 tl
912 5584 1118 5651 qualecumque,
1137 5585 1204 5635 ollae
1216 5586 1502 5651 Ablurzunyszeuhea
1514 5586 1579 5637 dher
1591 5602 1615 5651 e,
1628 5589 1653 5639 A
1665 5613 1695 5630 =
1708 5588 1772 5643 Μ’.
1826 5592 1855 5655 u)
1874 5590 1900 5641 A
1912 5613 1943 5633 =
1954 5590 2034 5651 NU„⁸
2052 5589 2125 5657 qnod
2138 5588 2188 5640 1⁷1⁷
2186 5630 2192 5641 .

705 5600 722 5705 d
759 5655 954 5713 1't'.=n't'.‚·
972 5656 1038 5718 fehlt
1058 5658 1086 5705 ia
1099 5658 1123 5706 A
1179 5657 1214 5721 w)
1231 5664 1370 5722 presumat
1388 5657 1455 5719 fehlt
1473 5659 1503 5708 ia
1521 5660 1555 5722 A,
1574 5660 1623 5709 ude
1641 5660 1670 5709 in
1687 5659 1745 5711 VC.
1766 5660 1824 5710 aad
1841 5659 1904 5714 ΝΡ,
1962 5661 1992 5728 x)
2012 5664 2192 5729 protestat-A

706 5730 735 5790 y)
762 5743 780 5792 q
800 5730 825 5777 A
841 5751 871 5769 =
885 5726 950 5778 ΧΓ.
1031 5728 1056 5793 z)
1079 5727 1154 5785 1⁷t'.‚·
1178 5724 1261 5777 faciat
1279 5730 1306 5779 et
1325 5725 1440 5794 recipiat
1458 5730 1483 5780 A
1563 5728 1589 5797 a)
1608 5729 1801 5791 1⁷U.=Nt'.,·
1825 5729 1959 5797 placitum
1972 5734 1997 5783 A
2075 5732 2105 5799 b)
2126 5732 2194 5789 l'l'.,·

706 5795 831 5862 disponat
846 5800 869 5848 A
943 5799 968 5861 c)
987 5798 1013 5847 A
1085 5795 1113 5863 d)
1133 5794 1268 5864 Euprardi
1281 5800 1314 5851 A.
