4804 6498
1131 471 1593 529 KAlSERUBKUNDEN.

641 667 886 743 Oripiuuldiplom
907 668 949 728 im
972 666 1173 727 Staatsarchu
1194 686 1230 728 ze
1252 668 1367 728 Larem
1391 669 1459 736 (A).
1489 697 1533 708 —
1564 666 1695 727 Olurtul
1714 667 1854 727 Wormut.
1878 684 1932 727 aru
1953 667 2005 726 der
2028 666 2114 726 isca
2135 667 2190 726 des

639 777 687 835 12.
706 774 761 836 Jl.
786 777 811 846 s.
831 776 872 835 32
894 775 927 834 iu
948 775 1000 834 der
1022 774 1050 834 lt.
1074 774 1241 835 Bibliotloelc
1262 793 1298 835 ze
1319 775 1481 835 Hanmver
1504 773 1570 843 (Ο).

640 916 787 977 Saeuam
803 917 884 976 Har.
907 916 1046 976 Womut.
1065 918 1098 987 2,
1117 918 1158 976 36
1174 920 1207 976 a⁰
1224 918 1266 976 42
1283 935 1337 977 aru
1354 917 1382 976 A
1401 938 1443 965 =
1463 917 1562 993 lsspue
1578 916 1694 977 Patrol.
1715 918 1783 987 140,
1801 918 1865 976 258
1876 919 1908 975 a⁰
1924 918 1975 976 23.
1994 946 2040 955 —
2057 916 2190 976 Bolum

639 1024 711 1099 aa.
730 1024 798 1083 966.
822 1053 868 1061 -
891 1022 1212 1099 Stampre9.1398.

641 1166 993 1239 θιςεῆήώεπυοπΕΒς
1015 1165 1384 1226 daaDictateclreiatooa
1402 1165 1644 1227 EGmiadesteae
1662 1166 1961 1236 manummerias.
1980 1165 2229 1226 -Wdlmds

639 1274 703 1334 lucr
724 1293 781 1332 aar
802 1274 849 1332 eiu
871 1273 1045 1348 koaiqlicltes
1065 1274 1231 1350 praedium
1253 1274 1285 1333 in
1300 1273 1463 1348 Peps‘aoille
1484 1293 1523 1332 aa
1545 1274 1659 1333 Woms
1679 1273 1827 1348 qmclmltt
1848 1273 1935 1342 mirri,
1957 1273 2012 1332 soll
2029 1274 2082 1332 der
2098 1291 2188 1347 pum

642 1380 699 1440 Ort
726 1381 810 1439 scios
838 1381 880 1439 im
906 1380 938 1441 J.
961 1381 1019 1439 993
1048 1380 1139 1440 durch
1161 1380 1231 1440 DO.
1257 1379 1321 1439 HI.
1343 1381 1404 1440 120
1432 1380 1477 1439 aa
1499 1379 1654 1439 Pertinere
1683 1380 1743 1438 aad
1771 1381 1903 1456 antiqua
1932 1381 2106 1457 proprietas
2135 1379 2187 1439 das

639 1488 774 1547 Klosters
794 1487 940 1561 Weilburq
962 1487 1017 1545 ma
1038 1486 1142 1546 diesem
1164 1506 1203 1546 aa
1224 1487 1339 1546 Woms
1360 1486 1478 1561 moult
1499 1486 1614 1546 worden
1636 1487 1707 1545 aeia
1746 1486 1833 1547 Jenes
1850 1485 1920 1545 Do.
1938 1486 2003 1545 ΙΙΙ.
2026 1488 2066 1544 ist
2081 1487 2186 1560 jodoci

639 1613 697 1653 aar
717 1594 808 1654 durch
832 1593 857 1652 0
882 1594 1060 1664 abaliefert,
1083 1593 1143 1652 und
1164 1593 1260 1653 indam
1282 1594 1346 1653 bier
1367 1592 1415 1652 die
1435 1592 1533 1653 Worte
1561 1599 1594 1652 et
1616 1594 1811 1651 nominative
1833 1594 1942 1652 villam
1964 1594 2187 1669 Pippinesdorf

639 1706 785 1761 vocatam
814 1703 914 1778 ipsius
946 1701 1076 1760 ecclesie
1107 1701 1272 1776 antiquam
1305 1701 1528 1776 proprietatem
1557 1699 1590 1758 ia
1619 1699 1862 1774 uapewdlmlichcr
1890 1699 1949 1759 und
1977 1700 2187 1774 uapmckickter
2206 1723 2234 1762 ro

645 1808 737 1867 Weisc
753 1808 904 1867 intrcrlralb
923 1808 975 1866 der
989 1806 1249 1878 Pertiaeazsomcl
1266 1807 1404 1866 amm
1421 1806 1468 1866 die
1485 1806 1583 1866 Worte
1599 1808 1682 1865 villis
1701 1809 1802 1866 vineis
1821 1808 1909 1865 silvis
1924 1806 1984 1865 aad
2001 1809 2185 1884 cunctisque

639 1916 709 1974 aliis
732 1915 921 1974 utensilibus
939 1913 1135 1989 amaruan
1151 1914 1228 1985 aad,
1251 1914 1348 1973 baltea
1366 1914 1422 1973 uir
1440 1915 1494 1985 fair
1511 1913 1578 1972 seir
1594 1913 1840 1984 walrsclreinlicl,
1863 1913 1931 1973 dass
1952 1913 1995 1972 sie
2011 1913 2074 1972 dan
2092 1914 2186 1972 crates

639 2021 709 2089 Do.
731 2022 796 2081 ΙΙΙ.
822 2022 901 2080 nicht
928 2021 1107 2096 aayehdrten.
1161 2020 1327 2096 Allcrdinya
1355 2021 1394 2080 ist
1422 2020 1495 2079 lutra
1520 2020 1625 2079 vater
1645 2020 1700 2079 das
1724 2020 1807 2080 Wort
1828 2021 1963 2097 Poparte
1985 2021 2018 2079 ia
2040 2020 2188 2079 aialim

645 2129 737 2189 Weiss
758 2128 972 2204 angariatam
994 2127 1063 2186 uber
1084 2127 1157 2186 atoel
1178 2127 1240 2186 dica
1261 2127 1344 2186 Wort
1363 2127 1504 2186 mebant
1520 2144 1575 2185 aas
1594 2127 1738 2202 (stupeum
1756 2127 1819 2187 ἁεηι
1837 2128 1869 2187 ia
1887 2127 1939 2186 der
1958 2126 2186 2201 Vorbemerlvap

640 2255 675 2295 zu
697 2235 766 2295 DO.
787 2234 851 2294 III.
871 2236 934 2293 428
956 2234 1083 2294 ἆιινᾶὺεν
1103 2234 1242 2309 pestilltea
1264 2233 1394 2301 Urtleil)
1418 2234 1464 2293 als
1485 2234 1537 2292 der
1554 2233 1766 2309 Iatapolatioa
1788 2234 1961 2310 verddclstip
2008 2230 2095 2293 Desa
2117 2234 2187 2293 dum
2205 2248 2231 2287 rs

639 2343 759 2403 Kloster
786 2342 942 2417 Weilburp,
972 2341 1087 2400 welches
1115 2357 1230 2399 amaea
1257 2339 1383 2399 Wissau
1412 2359 1469 2399 aar
1497 2359 1552 2400 voa
1581 2339 1708 2401 Koarud
1739 2340 1766 2400 I.
1797 2341 1903 2400 dotiert
1931 2341 2046 2400 worden
2077 2341 2127 2411 ist,
2153 2342 2188 2414 je

637 2450 805 2524 ammira
822 2447 984 2523 Rostraque
1006 2449 1038 2506 in
1061 2446 1239 2522 Lotbmnqea
1261 2447 1384 2506 hausen
1406 2447 1487 2517 tate,
1510 2447 1550 2505 ist
1571 2466 1610 2506 aa
1632 2448 1693 2506 siclt
1715 2447 1997 2507 umeuirsclanlr‘clr.
2050 2447 2117 2507 Uad
2138 2448 2187 2507 die

638 2558 749 2616 Kirclte
770 2575 806 2614 zu
828 2554 972 2629 Boppard
993 2555 1044 2613 lat
1073 2553 1261 2613 thaisdcltliclr
1282 2553 1346 2613 dem
1366 2553 1512 2613 Wornuer
1533 2553 1732 2626 Martinsstitl
1760 2555 1859 2629 peiort
1887 2554 1947 2613 aad
1975 2554 2016 2613 ist
2043 2574 2101 2613 aar
2123 2574 2186 2613 uor-

638 2663 813 2738 dbcrqclcud
835 2682 882 2721 am
905 2662 989 2720 Eride
1010 2661 1059 2720 des
1082 2662 1130 2720 12.
1149 2661 1205 2722 Ji.
1229 2661 1283 2720 mit
1305 2661 1369 2720 dem
1392 2659 1467 2733 sust
1488 2680 1529 2721 aa
1550 2661 1604 2719 den
1627 2660 1755 2733 Bivclsof
1772 2663 1889 2737 veroum
1911 2662 2035 2721 worden
2055 2691 2100 2700 —
2122 2662 2187 2720 Zur

638 2771 803 2846 Datieruap
825 2771 881 2844 vql.
905 2769 945 2828 N.
970 2768 1080 2827 Archiv
1101 2771 1154 2839 20,
1178 2769 1237 2826 132
1259 2768 1301 2827 N.
1324 2769 1354 2827 2.
2203 2782 2229 2821 rr

639 2941 697 3027 (C.)
727 2937 745 3028 ᾖ
773 2939 812 3003 In
842 2938 973 3003 nomine
997 2948 1130 3001 sanctae
1154 2947 1187 3001 et
1208 2934 1399 3001 individuae
1422 2937 1585 3000 trinitatis.
1631 2936 1807 3001 Heinricus
1831 2935 1944 3001 divina
1965 2937 2098 3001 favente
2121 2936 2185 3001 cle·

531 3048 655 3112 mentia
684 3069 754 3110 rex.
875 3044 911 3110 si
941 3044 1015 3133 loca
1045 3053 1231 3107 sanctorum
1261 3043 1503 3107 munificentiae
1533 3042 1652 3129 regalis
1683 3041 1834 3129 largitate
1865 3041 2092 3126 sublimamus,
2122 3044 2185 3108 boc

532 3155 627 3220 nobis
650 3154 774 3218 tamin
797 3152 978 3239 praesentis
1002 3152 1069 3239 vite
1092 3147 1110 3238 3
1134 3149 1274 3215 decursu
1298 3172 1396 3236 quam
1419 3151 1453 3213 in
1474 3149 1603 3214 futurae
1626 3149 1749 3236 gloriae
1773 3160 1859 3214 statu
1881 3149 2038 3236 prodesse
2061 3149 2185 3237 liquido

532 3261 731 3349 profitemur,
776 3257 919 3323 Proinde
943 3258 1071 3321 noverit
1094 3257 1237 3321 omnium
1260 3266 1394 3320 sanctae
1418 3257 1472 3320 dei
1494 3254 1675 3321 aecclesiae
1698 3268 1946 3342 nostrorumque
1970 3256 2115 3321 fidelium
2138 3258 2184 3321 in-

533 3369 671 3449 dustria,
705 3365 866 3453 qualiter⁸
898 3364 1110 3429 Burchardus
1145 3374 1278 3427 sanctae
1311 3362 1572 3428 Uuormatiensis
1607 3362 1787 3427 aecclesiae
1821 3362 2020 3427 venerabilis
2055 3363 2185 3451 praesul
2203 3383 2229 3422 ss

447 3550 456 3569 ·
533 3487 676 3540 nostram
706 3475 830 3558 regiam
860 3472 941 3536 adiit
970 3470 1136 3536 humiliter
1159 3469 1335 3535 obsecrans
1359 3470 1597 3551 excellentiam,
1627 3480 1664 3533 ut
1685 3468 1867 3556 praedium,
1895 3469 1983 3557 quod
2006 3469 2129 3535 babere
2152 3473 2185 3535 in

532 3582 611 3646 villa
640 3592 848 3667 nuncupante
872 3578 1086 3665 Pipinesdorf
1104 3576 1265 3659 videmur,
1296 3600 1355 3641 suo
1379 3577 1546 3663 episcopio
1570 3599 1610 3641 ac
1637 3588 1770 3641 sauctae
1792 3576 2037 3641 Uuormatiensi
2060 3577 2186 3642 aeccle·

534 3691 601 3753 siae
625 3690 659 3752 in
683 3688 805 3752 honore
830 3686 933 3751 sancti
954 3686 1044 3749 Petri
1067 3683 1288 3771 apostolorum
1312 3683 1475 3771 principib
1494 3682 1646 3771 dedicate
1668 3682 1782 3769 largiri
1805 3695 1936 3748 nostrae
1960 3707 2018 3771 pro
2042 3684 2185 3749 remedio

533 3798 662 3861 animae
697 3794 916 3880 dignaremur.
969 3792 1071 3856 Cuius
1105 3793 1241 3879 itaque·
1274 3791 1424 3877 petitioni
1457 3813 1518 3876 per
1551 3791 1769 3855 interventum
1805 3788 2021 3877 Cunigundae
2055 3804 2185 3855 nostrae

534 3903 673 3968 dilectae
698 3902 847 3985 coniugis
871 3899 1025 3964 videlicet
1054 3900 1188 3984 reginae
1219 3920 1258 3962 ac
1285 3897 1495 3984 profuturae
1519 3899 1789 3961 remunerationis
1820 3912 1994 3983 augmento
2017 3920 2186 3963 assensum
2203 3919 2228 3958 ro

533 4009 729 4097 praebentes
759 4007 944 4093 praefatum
974 4004 1155 4093 praedium,
1187 4004 1275 4091 quod
1299 4016 1348 4068 est
1378 4005 1474 4068 situm
1505 4005 1538 4067 in
1561 4003 1641 4068 villa
1663 4003 1877 4090 Pipinesdorf
1901 4005 1935 4067 in
1958 4027 2044 4090 pago
2067 4003 2185 4069 Musel·

534 4116 684 4204 gouuaeb
707 4118 741 4180 in
765 4115 920 4179 comitatu
943 4125 1044 4177 vcro⁶
1293 4162 1301 4193 ‚
1325 4112 1453 4196 integre
1477 4134 1551 4175 cum
1575 4112 1701 4175 cunctis
1725 4112 1791 4175 suis
1814 4112 2028 4197 pertinentiis,
2052 4110 2115 4177 boc
2139 4122 2188 4175 est

533 4226 618 4289 areis
642 4221 801 4287 aedificiis
825 4221 928 4284 servis
953 4232 985 4284 et
1008 4219 1135 4284 ancillis
1151 4220 1247 4283 terris
1264 4216 1358 4283 cultis
1378 4230 1410 4282 et
1432 4217 1563 4282 incultis
1581 4219 1683 4303 pratis
1702 4218 1832 4303 pascuis
1852 4217 1942 4281 silvis
1958 4217 2186 4283 venationibus

533 4328 768 4418 piscationibus
792 4328 986 4392 molendinis
1010 4329 1103 4413 aquis
1127 4348 1350 4412 aquammquo
1374 4323 1567 4389 decursibus
1591 4324 1733 4389 exitibus
1758 4336 1790 4389 et
1812 4323 1972 4389 reditibus
1995 4327 2131 4414 quesitis
2155 4337 2187 4391 et

533 4435 747 4524 inquirendis,
768 4438 833 4499 iam
852 4445 1130 4522 praememoratae
1150 4432 1331 4497 aecclesiae
1352 4432 1456 4496 sancti
1471 4433 1562 4496 Petri
1582 4434 1716 4519 eiusque
1740 4430 1932 4515 rectoribus,
1956 4433 2012 4519 qui
2031 4455 2090 4519 pro
2106 4444 2185 4497 tem·
2203 4452 2228 4492 u

533 4567 612 4631 pore
643 4542 690 4607 ibi
720 4543 862 4607 ordinati
892 4543 1023 4624 fuerint,
1054 4540 1156 4627 regali
1186 4551 1219 4604 et
1247 4539 1448 4625 praeceptali
1479 4539 1541 4603 hac
1572 4540 1694 4625 pagina
1718 4537 1927 4603 concedimus
1951 4538 2047 4603 etde
2075 4551 2185 4604 nostro

533 4652 603 4716 iure
625 4652 660 4715 in
683 4651 753 4714 cius
774 4651 824 4715 ius
846 4662 878 4713 et
899 4649 1090 4737 d[omiuium
1111 4644 1439 4734 transfim]d[i1n]us‘¹.
1486 4645 1530 4709 Et
1553 4656 1588 4709 ut
1610 4645 1692 4710 haec
1716 4647 1892 4710 auctoritas
1915 4657 2028 4709 nostra
2049 4645 2185 4710 inviole-

533 4758 631 4823 bilem
661 4759 695 4821 in
719 4756 772 4821 dei
796 4757 926 4821 nomine
951 4755 1097 4819 obtineat
1120 4753 1341 4834 stabilitatem,
1372 4774 1472 4817 manu
1500 4764 1613 4816 nostra
1634 4751 1825 4817 roborantes
1849 4775 1922 4817 eam
1945 4751 2052 4838 sigillo
2075 4763 2186 4818 nostro

533 4865 646 4931 subter
668 4865 821 4928 iussimus
844 4865 1005 4949 insigniri.

639 5023 657 5114 ᾖ
682 5025 818 5111 Signum
841 5023 953 5088 domni
975 5022 1124 5086 Heinrici
1148 5022 1212 5107 (M.)
1236 5019 1441 5084 invictissimi
1465 5021 1562 5105 regis.
1586 5017 1604 5108 ᾔ
2203 5034 2229 5071 ⁴⁰

641 5177 871 5268 {Egilbertus
895 5174 1109 5240 cancellarius
1133 5174 1205 5237 vice
1230 5170 1396 5257 Uuilligisi
1420 5169 1673 5256 archicapellani
1696 5192 1806 5256 recog.
1830 5168 1848 5259 ᾖ
2016 5171 2072 5254 (sl.
2091 5170 2142 5255 D.)

640 5330 729 5395 Data
752 5344 786 5392 V.
810 5327 877 5391 kal.
909 5328 973 5391 ian.
1004 5347 1090 5389 anno
1121 5323 1305 5387 dominicae
1336 5322 1569 5386 incarnationis
1593 5335 1692 5403 uun,
1723 5321 1901 5386 indictione
1924 5335 1967 5403 11,
1997 5343 2083 5385 anno
2106 5343 2185 5384 vero

534 5437 644 5502 domni
667 5437 816 5501 Heinrici
841 5433 976 5499 secundi
1000 5433 1087 5519 regis
1111 5444 1171 5511 1113
1196 5440 1304 5494 actum
1328 5426 1545 5514 Dbornburg3
1570 5429 1603 5491 in
1627 5427 1681 5492 dei
1704 5430 1835 5493 nomine
1858 5427 1997 5492 feliciter
2019 5450 2126 5491 amen.

621 5649 668 5706 92.
693 5648 840 5720 [Bresslau]
895 5649 921 5714 a)
938 5646 1056 5715 qualiter
1073 5643 1250 5697 Burchardus
1272 5646 1366 5695 sancte
1384 5639 1594 5694 Wormatiensir
1616 5640 1759 5722 episcopus
1777 5646 1899 5693 nostram
1916 5639 2082 5707 presentiam
2102 5638 2186 5708 peciit

694 5739 711 5774 a
734 5720 822 5786 nobis,
848 5718 967 5787 qualiter
985 5716 1124 5785 episcopio
1142 5732 1191 5767 suo
1210 5713 1337 5784 predium
1361 5716 1486 5765 nostrum
1511 5712 1540 5764 in
1557 5710 1753 5781 Pippuresdorl
1769 5710 1862 5781 largiri
1881 5709 2064 5780 dignaremur.
2103 5709 2186 5763 Cuius
2202 5723 2228 5762 re

693 5793 787 5861 itaque
806 5792 841 5859 C;
864 5792 907 5843 da
924 5791 1011 5842 Waa
1028 5786 1172 5857 episcopus
1191 5817 1225 5826 -
1243 5785 1422 5857 dignaremur
1440 5786 1496 5849 auf
1509 5785 1603 5837 Rusur
1683 5783 1712 5849 b)
1729 5786 1755 5835 A
1835 5786 1860 5848 c)
1881 5782 2079 5848 smuayasulltc
2098 5782 2186 5835 raca

694 5868 723 5917 ia
742 5868 766 5916 A
849 5861 877 5929 d)
894 5863 936 5913 dia
953 5861 1043 5913 Larice
1060 5862 1090 5911 ia
1109 5862 1134 5911 A
1153 5859 1244 5911 uusC
1267 5862 1394 5923 arquata·
1417 5858 1503 5923 cinips
1521 5855 1754 5907 ammomum
1770 5855 1837 5906 aoclr
1856 5856 1885 5905 in
1903 5856 1929 5906 A
1947 5854 2074 5906 mutar.
