4804 6498
806 470 1042 527 HEINRICH
1065 471 1102 526 11.
1145 469 1239 528 1003.
1807 467 1849 530 65

305 654 422 721 Geben
451 657 537 722 nach
566 679 681 721 unsers
704 656 823 721 herren
846 655 965 744 geburt
987 657 1029 722 do
1053 680 1129 721 man
1151 657 1217 722 salt
1238 669 1347 723 tusent
1365 659 1421 745 jar
1449 658 1517 723 und
1541 658 1686 723 darnach
1717 661 1751 724 in
1775 659 1850 725 dem

197 763 317 829 dritten
343 766 428 851 jare,
459 765 493 827 in
516 764 591 828 dem
621 775 730 828 ersten
755 765 812 851 jar
841 764 900 828 der
922 764 1097 850 keyseraal
1126 764 1194 829 und
1224 766 1257 829 in
1281 764 1356 829 dem
1379 766 1454 853 jare
1485 766 1566 830 bern
1589 766 1767 831 Heinrichs
1791 766 1849 831 des

198 870 323 935 andern
346 871 467 957 kunigs
490 871 525 934 in
548 871 622 935 dem
646 870 771 935 andern
790 871 862 958 jar3
887 869 1074 936 beschehen
1097 895 1139 936 nu
1161 871 1358 958 Bomberg.¹¹

988 1191 1055 1277 54.

160 1368 375 1445 sHeinmcb
406 1369 557 1442 verleibt
589 1368 669 1442 dem
707 1366 854 1465 Grafen
887 1370 1072 1445 Adultero
1109 1370 1180 1444 den
1216 1369 1414 1444 Wildbwn
1447 1371 1618 1444 sziscben
1651 1370 1738 1446 Inar
1772 1373 1852 1445 rand

195 1486 353 1561 Latiam
379 1486 456 1583 auf
476 1487 600 1561 wien
626 1489 781 1588 ciperem
808 1488 888 1563 aad
913 1490 993 1563 dem
1013 1489 1358 1589 Reicltslet'rcbenpat
1380 1491 1486 1563 sowie
1512 1488 1589 1580 auf
1608 1490 1679 1563 deu
1708 1488 1848 1567 Geren

197 1606 289 1681 alter
315 1606 381 1681 der
405 1606 527 1698 Lente,
555 1606 615 1681 die
630 1606 720 1705 jetzt
743 1607 832 1682 oder
856 1607 1003 1709 kitnftip
1029 1609 1142 1683 daria
1168 1608 1384 1708 rinwillipeo
1409 1608 1564 1682 werden.

1355 1754 1539 1830 Reyeasbury
1562 1757 1641 1817 1003
1663 1756 1737 1816 Just
1756 1759 1803 1816 30.

306 1914 550 1988 Orioinddtplom
572 1915 613 1972 im
634 1914 663 1973 k.
688 1914 894 1974 Recisorcbiv
916 1934 952 1975 za
974 1916 1116 1975 Mencken
1141 1917 1208 1985 (A).

303 2074 437 2149 Zimoibl
466 2075 497 2132 in
527 2074 607 2133 Hict.
637 2074 779 2133 ebhardi.
811 2075 863 2133 der
892 2075 973 2149 bapr.
1000 2076 1157 2135 Alcodenie
1180 2077 1208 2146 1,
1232 2078 1292 2135 378
1321 2094 1374 2135 ates
1403 2078 1439 2135 A.
1470 2105 1515 2114 —
1544 2076 1621 2136 Rea
1645 2075 1709 2136 01).
1734 2076 1849 2136 Rama

305 2183 333 2250 1,
350 2182 411 2240 122
433 2183 465 2239 πο
482 2181 540 2242 130
562 2179 656 2239 autA
681 2201 722 2228 =
746 2180 846 2255 Hique
869 2181 982 2240 Petrei.
1000 2183 1069 2252 140,
1084 2184 1145 2241 254
1169 2185 1200 2240 πθ
1217 2184 1262 2241 19.
1287 2212 1331 2220 -
1354 2182 1434 2242 Mon.
1459 2182 1554 2241 Boion
1575 2185 1643 2253 28⁰,
1660 2185 1719 2243 310
1741 2186 1773 2241 η’
1788 2186 1848 2244 201

304 2305 357 2347 aaa
378 2288 415 2346 A.
440 2317 483 2325 -
507 2288 633 2346 Bolmer
655 2286 726 2361 Ray.
746 2289 813 2346 939.
837 2317 882 2326 —
906 2286 1028 2363 Stampf
1046 2288 1117 2364 Req.
1139 2290 1224 2349 1363.

304 2449 360 2507 Bia
381 2467 445 2507 zum
468 2447 584 2507 &meaa
605 2449 658 2507 der
682 2448 974 2523 Greubmcbreibuny
998 2448 1183 2522 (Erklttruaq
1204 2448 1348 2507 deraelben
1370 2466 1393 2507 a.
1418 2449 1462 2508 bei
1484 2449 1618 2524 Zirnpibl
1640 2468 1667 2509 a.
1689 2469 1716 2509 a.
1737 2451 1783 2520 0.,
1806 2469 1849 2509 too

303 2556 430 2614 indumen
459 2555 506 2614 die
534 2557 594 2626 auf
619 2556 746 2626 sobebor
767 2555 881 2630 Lenaeo
911 2555 1065 2614 mmmm
1087 2554 1223 2630 Daduup
1244 2574 1299 2615 voa
1322 2556 1526 2615 Uuinidouua
1548 2558 1689 2632 austdscip
1710 2557 1764 2624 ist)
1796 2576 1849 2616 von

303 2662 366 2720 dem
387 2662 471 2721 sebon
494 2681 533 2720 aa
556 2661 596 2721 D.
621 2662 658 2719 31
684 2662 774 2737 tutio
795 2680 953 2736 quomrum
975 2660 1125 2720 Sclreiber
1145 2662 1291 2721 maadiert
1319 2662 1379 2721 aad
1400 2662 1474 2721 wohl
1502 2663 1574 2721 auch
1603 2665 1738 2734 vescant.
1789 2664 1849 2723 Von

302 2768 355 2827 den
377 2767 493 2828 Wortea
515 2769 631 2827 Nostra
653 2770 749 2844 igitur
771 2770 868 2844 regali
890 2788 929 2827 ou
951 2767 1066 2839 Sobria
1088 2769 1147 2827 aad
1168 2767 1271 2827 Dictat
1293 2769 1342 2827 dea
1364 2768 1429 2827 EA.

303 2970 360 3041 (C.)
391 2962 408 3052 ξ
438 2963 478 3028 In
504 2965 635 3027 nomine
664 2974 795 3028 sanctae
820 2974 853 3028 et
875 2963 1064 3027 individuae
1087 2964 1249 3027 trinitatis.
1295 2964 1472 3029 Heinricus
1496 2964 1608 3029 divina
1631 2965 1761 3030 favente
1786 2965 1849 3030 cle-

195 3071 317 3135 mentia
339 3093 409 3134 rex.
525 3069 645 3134 Notum
675 3071 718 3134 sit
744 3068 894 3135 omnibus
922 3072 1040 3134 nostris
1069 3069 1220 3134 fidelibus
1248 3070 1454 3156 presentibus
1478 3071 1603 3136 scilicet
1626 3082 1658 3136 et
1680 3070 1849 3161 intuma}

197 3177 336 3266 qualiter
363 3200 423 3242 nos
453 3176 549 3241 fidele
580 3199 640 3263 per
666 3179 797 3242 omnia·
828 3178 996 3242 servitium
1019 3176 1130 3241 dilecti
1160 3176 1254 3241 nobis
1279 3179 1406 3243 comitis
1430 3178 1606 3243 videlicetb
1630 3177 1848 3244 Adalberonis

151 3315 178 3354 so
196 3285 357 3349 intuentes
388 3294 485 3370 atque
515 3285 618 3369 ipsius
647 3284 918 3370 supplicationem
944 3307 1004 3370 per
1031 3285 1250 3348 interventum
1272 3284 1452 3349 venerandi
1475 3285 1615 3371 presulis
1640 3284 1848 3351 Getescalchi

196 3391 401 3457 attendentes
424 3389 498 3474 sibi,
522 3402 618 3476 prout
641 3392 711 3477 ipse
735 3390 967 3477 postulaverat,
992 3392 1070 3477 quia
1093 3390 1242 3477 legaliter
1264 3393 1439 3477 potuimus,
1463 3391 1583 3478 regalis
1604 3395 1750 3481 potentie
1769 3392 1848 3458 ban-

195 3522 274 3563 num
297 3520 396 3585 super
419 3508 586 3583 agrestesc
611 3498 698 3562 feras
722 3498 942 3562 concessimus
965 3499 1050 3562 iuter
1073 3496 1154 3562 duos
1177 3497 1294 3562 fluvios
1313 3481 1417 3562 isara
1441 3509 1473 3563 et
1491 3497 1638 3563 Liubasa
1660 3510 1727 3564 tam
1751 3523 1849 3586 super

196 3607 361 3693 propriam
391 3606 493 3691 ipsius
517 3607 572 3691 qui
597 3605 742 3693 prefatus
766 3616 816 3668 est
838 3603 1055 3668 Adalberonis
1085 3616 1204 3669 terram
1229 3628 1327 3691 quam
1357 3627 1456 3692 super
1479 3605 1648 3670 domorum
1679 3606 1848 3693 pontifica-

196 3712 274 3776 lium
298 3712 351 3776 vel
374 3713 643 3776 monasteriorum
667 3713 701 3775 in
724 3710 881 3792 abbaciis,
911 3735 974 3799 que
1002 3710 1048 3775 ibi
1076 3710 1170 3775 nobis
1194 3713 1367 3798 pertinent,
1391 3724 1495 3776 terras
1518 3715 1588 3777 sive
1612 3715 1755 3778 omnium
1778 3713 1848 3779 illo·

152 3849 178 3889 u
196 3842 268 3884 rum
298 3818 464 3883 bominum
494 3829 607 3900 terras,
638 3819 694 3905 qui
724 3819 759 3882 in
788 3819 932 3907 presenti
955 3817 1009 3882 vel
1032 3820 1065 3882 in
1089 3818 1198 3884 futuro
1221 3818 1406 3883 huiusmodi
1430 3841 1498 3883 rem
1523 3843 1597 3884 cum
1621 3843 1660 3884 eo
1684 3818 1847 3885 collauda-

196 3924 288 4007 bunt,
319 3927 353 3989 in
377 3926 532 3990 comitatu
554 3925 738 3989 Fn‘derici‘l
762 3925 817 4010 qui
843 3923 967 3988 iudicat
990 3926 1023 3987 in
1047 3924 1246 4010 Hachingun
1270 3926 1303 3988 in
1327 3948 1412 4011 pago
1437 3925 1683 4011 Sundergouue,
1708 3928 1848 4014 primum

197 4032 239 4097 ab
260 4033 365 4098 hostio
388 4032 608 4119 predictorum
631 4031 803 4096 fluviorum
826 4031 964 4095 Ysaram
988 4054 1115 4095 sursum
1138 4053 1253 4096 versus
1277 4055 1380 4118 usque
1404 4032 1446 4096 ad
1469 4031 1680 4119 Hohenberg,
1705 4032 1782 4098 inde
1806 4034 1849 4097 ad

196 4138 423 4226 Huggenberg
446 4150 479 4203 et
502 4138 701 4219 Cumizdorf,
729 4137 805 4201 iude
830 4136 872 4201 ad
896 4136 1042 4224 Carphse
1067 4150 1099 4203 et
1122 4138 1342 4219 Uuinidouua,
1369 4138 1549 4203 seeundum
1572 4162 1650 4203 vero
1674 4139 1848 4205 decursum

195 4246 338 4311 fluminis
369 4245 511 4335 Liubase
547 4268 649 4332 usque
679 4244 722 4309 ad
748 4244 1082 4317 Wolueradeshusun.
1135 4245 1255 4309 Nostra
1285 4246 1385 4331 igitur
1413 4245 1516 4331 regali
1546 4258 1581 4310 ut
1610 4248 1848 4332 praescriptum

153 4384 179 4424 ω
196 4364 248 4418 est
277 4354 468 4418 auctoritate
499 4354 584 4416 inter
613 4353 875 4438 praenominatos
902 4350 1019 4415 fluvios
1043 4364 1075 4416 et
1098 4354 1262 4417 terminos.
1276 4351 1420 4417 bannum
1451 4353 1629 4439 agrestium
1652 4354 1794 4418 ferarum
1818 4355 1847 4417 ei

195 4460 390 4526 tradidimus
413 4470 446 4524 et
469 4482 528 4545 per
550 4459 612 4524 hoc
636 4469 847 4545 praeceptum
871 4458 977 4544 largiti
1001 4482 1122 4539 sumus,
1146 4460 1237 4545 regio
1261 4458 1363 4524 verbo
1388 4460 1581 4525 omnimodis
1605 4460 1847 4543 interdicentes,

197 4569 350 4656 quatinus
380 4566 442 4631 hoc
472 4564 596 4630 ambitu
627 4566 697 4629 sine
728 4588 787 4629 sua
817 4566 919 4651 ipsius
949 4564 1081 4629 licentia
1111 4565 1198 4629 feras
1228 4565 1310 4647 illas,
1341 4590 1404 4653 que
1434 4567 1469 4630 in
1499 4566 1571 4630 aliis
1600 4566 1848 4632 dominicalibus

197 4675 325 4741 forestis
355 4675 390 4737 in
412 4673 521 4738 banno
545 4684 620 4737 sunt
642 4674 779 4759 positae,
810 4671 916 4736 nullus
940 4671 1049 4758 aliquo
1072 4673 1204 4759 iugenio
1228 4672 1281 4736 vel
1304 4696 1424 4759 genere
1448 4673 1592 4738 venandi
1615 4673 1736 4738 audeat
1758 4674 1848 4738 dein-

199 4804 276 4869 ceps
300 4792 443 4869 captare.
489 4780 533 4844 Et
556 4791 592 4845 ut
614 4781 675 4869 hec
698 4792 828 4845 nostrae
853 4780 1073 4844 concessionis
1097 4781 1273 4844 auctoritas
1303 4778 1429 4845 stabilis
1453 4793 1485 4845 et
1508 4780 1700 4845 inconvulsa
1721 4803 1848 4868 perma-

155 4918 180 4959 u
197 4899 282 4971 neat,
313 4888 397 4952 hanc
427 4889 530 4954 nostri
560 4887 728 4973 praecepti
751 4887 905 4972 paginam
928 4908 1027 4950 manu
1050 4887 1182 4973 propria
1206 4885 1396 4951 roborantes
1427 4888 1519 4973 signo
1544 4899 1673 4952 nostrae
1697 4888 1848 4974 imaginis

197 4996 338 5083 imprimi
363 4997 525 5059 iussimus.

303 5154 321 5247 ᾖ
346 5155 483 5242 Signum
506 5155 617 5220 domni
639 5155 789 5219 Heinrici
813 5160 876 5231 (M.)
900 5155 987 5240 regis
1011 5150 1226 5218 invictissimi.
1252 5153 1269 5243 ξ

301 5315 529 5406 {Egilbertus
553 5315 767 5381 cancellarius
790 5315 864 5379 vice
888 5312 1053 5399 Uuilligisi
1079 5313 1332 5401 archicapellani
1354 5313 1596 5404 recognovit}
1680 5324 1736 5395 (SI.
1761 5323 1803 5395 2.)

285 5547 333 5604 bd.
356 5553 524 5617 permaneat,
549 5546 620 5600 hanc
644 5546 730 5599 nostri
756 5544 898 5614 praecepti
919 5545 1047 5615 paginam
1073 5562 1157 5598 manu
1181 5545 1293 5615 propria
1317 5546 1478 5599 roborantes
1500 5550 1591 5616 nostre
1613 5518 1740 5615 imaginis
1758 5546 1849 5616 sigillo

160 5646 185 5685 ω
356 5618 477 5689 imprimi
494 5618 618 5671 iussimus
633 5621 666 5673 D.
680 5622 716 5669 52
795 5616 824 5684 h)
840 5616 911 5669 Data
930 5658 998 5671 ....
1017 5634 1089 5669 anno
1105 5616 1301 5670 incarnationis
1313 5617 1466 5670 dominicae
1479 5631 1550 5682 intr,
1569 5617 1718 5672 indictione
1734 5632 1758 5687 1,
1777 5635 1848 5671 anno

355 5708 421 5745 vero
439 5690 533 5743 domni
551 5688 676 5744 Heinrioi
693 5689 766 5758 regis
783 5703 814 5743 11.
833 5687 965 5755 secundo;
988 5694 1077 5741 actum
1097 5686 1279 5758 Babenberge
1297 5691 1332 5744 D.
1349 5692 1391 5743 52.

259 5774 262 5777 ¹
284 5777 333 5837 54.
356 5778 503 5851 [Bresslau]
558 5779 584 5847 a)
603 5778 683 5832 fidele
702 5795 752 5847 per
770 5777 862 5831 omnia
880 5778 936 5840 aas
950 5778 1045 5828 Raeur
1115 5776 1144 5844 b)
1160 5778 1288 5829 richimer
1304 5781 1347 5830 esis
1365 5780 1466 5831 nomes
1484 5777 1591 5831 comitis
1609 5779 1696 5831 durch
1714 5779 1848 5832 Streicbeu

355 5852 446 5919 aanor
526 5849 1234 5919 cmtectenauadgeiemungausradm
1315 5848 1715 5915 ermemmarus

263 5973 462 6017 Kabomknnden
476 5975 519 6015 111.
1617 5964 1633 6011 9
