4828 6520
951 441 1137 498 ARDUIN
1163 438 1258 496 1002.
1865 435 1928 498 703

275 645 441 697 exhibitione
465 640 498 694 et
521 630 732 712 districtione,
761 660 814 709 que
841 659 927 708 nsque
952 643 1034 695 modo
1060 642 1095 693 ud
1122 648 1226 708 partem
1243 655 1260 688 s
1281 643 1320 693 rei
1346 641 1457 709 publice
1482 642 1546 692 iude
1572 642 1645 707 exigi
1670 649 1698 692 et
1721 643 1793 693 exire
1812 642 1928 701 solebat,

274 752 403 818 deinceps
421 750 618 818 perpetualiter
631 750 826 817 possidendum
840 751 1000 801 confirmare
1017 751 1169 800 concedere
1185 750 1367 814 dignaremur.
1396 742 1541 811 Quorum<¹
1557 750 1623 813 qnia
1639 754 1725 798 ratum
1742 750 1929 815 prospeximus

274 857 496 924 postulationem,
516 862 628 909 eorum⁰
648 859 776 924 precibus
796 857 913 908 libenter
930 857 1129 921 acquievimus,
1155 856 1337 907 concedentes
1357 862 1440 920 atque
1460 855 1650 906 confirmantes
1668 856 1722 905 iam
1741 855 1816 906 dicto
1834 862 1929 906 sancte

275 962 397 1015 Cumano
425 964 543 1015 ecclesie
571 966 649 1030 gregi
677 972 732 1015 tam
761 964 795 1015 de
824 965 934 1015 cardine
960 979 1097 1028 quamque
1124 964 1251 1013 omnibus
1277 963 1467 1013 sacerdotibus
1495 962 1614 1027 prefatas
1644 960 1735 1011 clusus
1763 967 1791 1011 et
1817 969 1930 1027 pontem

238 1080 252 1119 o
274 1057 497 1122 comitatulum
522 1073 556 1122 de
576 1070 716 1122 Clavenna
739 1087 800 1121 curn
820 1073 894 1121 omni
913 1070 1022 1120 redditu
1042 1077 1070 1120 et
1089 1070 1257 1120 exhibitione
1285 1065 1317 1119 et
1340 1055 1551 1136 districtione,
1578 1085 1640 1119 eum
1660 1070 1794 1129 omnibus,
1820 1034 1874 1133 que
1895 1069 1930 1119 ad

274 1177 415 1245 pubiicum
443 1178 541 1229 exinde
574 1177 646 1228 solvi
677 1184 801 1244 possunt,
827 1179 919 1228 omnia
943 1179 972 1227 in
997 1179 1134 1241 integrum
1161 1176 1338 1227 concedimus
1368 1183 1396 1227 et
1421 1176 1604 1242 perdonamus
1630 1182 1713 1240 atque
1739 1175 1930 1226 confirmamus

274 1281 391 1335 eodemt
409 1291 505 1336 ennete
525 1283 647 1335 Cumane
674 1283 792 1334 ecclesie
818 1285 896 1350 gregi
915 1290 970 1334 turn
990 1284 1024 1334 de
1043 1285 1154 1334 cardine
1174 1299 1310 1348 quamque
1329 1283 1455 1332 omnibns
1474 1283 1672 1342 sacerdotibus,
1698 1283 1772 1331 sicut
1796 1282 1929 1332 hactenns

274 1393 328 1442 iuri
347 1393 425 1457 regni
443 1394 531 1442 nostri
549 1393 687 1458 pertinere
705 1392 766 1442 risu
784 1398 856 1450 sunt,
877 1406 910 1441 eo
926 1388 1058 1440 videlicet
1074 1391 1170 1439 ordine
1193 1394 1224 1438 ut
1248 1404 1332 1454 supra
1350 1394 1459 1438 taxatus
1477 1405 1544 1453 grex
1560 1394 1654 1438 sancte
1672 1388 1793 1438 Cumsne
1813 1386 1930 1439 ecclesie

275 1500 415 1563 ceterique
435 1514 609 1548 successores
628 1499 671 1547 sui
690 1503 856 1563 potestatem
875 1498 995 1547 habeant
1014 1513 1061 1546 eus
1081 1496 1171 1546 clusas
1191 1502 1218 1546 et
1236 1502 1347 1561 pontem
1366 1480 1589 1545 comitatulum
1608 1500 1701 1546 tenere
1722 1496 1861 1560 possidere
1880 1511 1930 1546 seu

231 1618 257 1656 ro
274 1606 406 1671 quicquid
426 1622 460 1656 ex
478 1605 708 1655 reddibitionibus
726 1603 770 1654 vel
791 1610 924 1655 censum!
942 1605 1033 1654 lacere
1053 1602 1191 1654 voluerint
1209 1604 1243 1653 ad
1261 1601 1370 1652 laudem
1387 1607 1415 1651 et
1431 1603 1562 1652 honorem
1579 1601 1624 1651 dei
1641 1608 1669 1652 et
1684 1603 1773 1652 sancti
1789 1596 1931 1653 Abundiill

275 1713 440 1763 confessoris
467 1710 666 1778 perpetualiter
693 1711 850 1761 laciendum
878 1727 912 1761 ex
939 1718 1034 1761 nostra
1060 1708 1218 1776 plenissima
1243 1710 1418 1759 auctoritate.
1458 1709 1590 1759 lubentes
1619 1724 1684 1773 ergo
1712 1711 1871 1768 sanctimus,
1900 1715 1932 1760 nt

274 1820 374 1870 nostris
400 1834 432 1867 se
458 1818 557 1868 tuturis
582 1819 753 1883 temporibus
778 1816 871 1867 nullus
898 1818 953 1867 dux
979 1833 1073 1867 comes
1098 1822 1147 1866 aut
1172 1815 1303 1882 quislibet
1328 1816 1368 1865 rei
1394 1814 1505 1881 publice
1530 1822 1694 1881 procurator
1720 1831 1810 1880 neque
1836 1814 1931 1880 eliqua

274 1942 374 1991 megne
398 1941 540 1991 parvaque
567 1941 683 1990 persons
709 1926 907 1990 cuiuscumque
933 1924 1038 1974 ordinis
1063 1931 1111 1974 aut
1136 1923 1278 1989 dignitatis
1306 1939 1339 1973 ex
1364 1923 1513 1988 pretaxatis
1537 1921 1622 1972 clusis
1646 1928 1673 1972 et
1691 1920 1827 1987 prelibato
1846 1928 1930 1987 ponte

274 2017 517 2082 comitatulum¹
540 2025 668 2082 censum¹
688 2045 705 2076 s
727 2047 760 2081 ex
779 2028 832 2081 hiis
851 2029 956 2095 aliquid
975 2030 1136 2080 subtrahere
1152 2029 1197 2079 rel
1215 2031 1393 2081 minutionem
1410 2030 1500 2080 facere
1517 2045 1628 2094 qnoque
1644 2035 1767 2094 tempore
1783 2036 1931 2094 presumat,

231 2153 256 2192 ro
274 2139 323 2189 sed
349 2137 431 2188 licest
457 2138 581 2204 predicto
605 2140 683 2204 gregi
709 2144 804 2189 sancte
824 2137 946 2187 Cumsne
973 2136 1090 2187 ecclesie
1117 2144 1173 2187 tam
1199 2136 1232 2186 de
1259 2138 1371 2186 cardine
1397 2153 1533 2201 quumque
1552 2135 1614 2186 aliie
1633 2130 1780 2186 omnibusk
1798 2129 1931 2201 suisque*

274 2240 497 2296 successoribus¹
521 2247 568 2310 qui
592 2263 640 2311 pro
665 2252 787 2312 tempore
810 2245 913 2295 luerint
936 2246 990 2294 ium
1009 2245 1081 2294 fatas
1100 2243 1191 2293 clusus
1211 2252 1239 2294 et
1257 2250 1368 2309 pontem
1391 2240 1424 2293 et
1448 2228 1670 2293 comitatulum
1694 2245 1722 2293 in
1739 2245 1877 2309 integrum
1895 2244 1931 2294 ad

274 2368 386 2403 suorum
406 2369 485 2403 usum
505 2354 596 2417 quiete
616 2361 643 2403 et
662 2353 775 2419 pacifice
796 2353 946 2418 possidere,
971 2358 1077 2402 remota
1102 2352 1177 2400 omni
1203 2349 1315 2416 publica
1339 2351 1454 2401 excubia
1473 2349 1516 2400 vel
1543 2352 1633 2400 tocius
1659 2352 1805 2416 potestatis
1825 2351 1930 2414 inquie-

274 2459 378 2510 tudine.
409 2458 530 2518 sivero,
550 2459 623 2523 quod
641 2460 750 2509 minime
767 2459 912 2518 eredimus,
932 2466 1028 2509 contra
1044 2459 1126 2508 buius
1144 2458 1232 2507 nostri
1252 2458 1374 2523 precepti
1393 2463 1498 2507 statuta
1517 2458 1689 2523 quisquam¹¹²
1707 2458 1867 2508 temerarius
1886 2474 1932 2507 ex·

230 2687 257 2725 so
275 2674 382 2738 prefato
401 2674 479 2739 gregi
498 2680 593 2724 sancte
613 2672 735 2723 Cumane
755 2671 881 2722 ecclesie.
919 2672 1001 2733 Quod
1021 2676 1051 2720 ut
1069 2672 1161 2721 verius
1180 2671 1309 2721 credatur
1328 2678 1356 2720 et
1374 2669 1536 2736 diligentius
1562 2672 1596 2720 ab
1616 2672 1742 2722 omnibus
1762 2671 1931 2732 observetur,

275 2795 356 2829 msnu
375 2781 487 2845 propris
505 2785 667 2829 annotatum
685 2778 769 2843 sigilli
788 2780 873 2828 nostri
892 2779 1070 2843 impressione
1089 2779 1217 2827 iussimus
1235 2776 1360 2842 sigillari.

382 2888 520 2975 Signum
544 2889 655 2953 domni
678 2888 818 2953 Ardoini
842 2890 1062 2953 serenissimi²
1086 2896 1151 2963 (Μ.)
1176 2898 1209 2952 et
1231 2887 1460 2951 invictissimi¹1
1483 2887 1580 2972 regis,

382 3012 580 3079 Cunibertus
598 3013 831 3078 cancellarius⁰
844 3014 917 3077 vice
930 3012 1020 3076 Petri
1032 3011 1192 3077 Cumanis
1205 3012 1353 3097 episcopi
1370 3023 1402 3076 et
1418 3011 1718 3076 archicancellarii⁰
1730 3014 1929 3099 recognovit

381 3138 471 3202 Data
506 3148 622 3202 octavo
657 3136 724 3200 kal.
758 3136 869 3223 aprilis
905 3159 989 3200 enno
1025 3136 1187 3201 dominice
1223 3136 1456 3199 incarnationis
1490 3138 1721 3222 nonagesimot
1760 3137 1931 3202 millesimo

230 3272 256 3311 es
276 3244 429 3327 secundo,
448 3244 627 3308 indictione
648 3246 762 3330 quinta
781 3244 919 3325 decime,
939 3265 1024 3308 anno
1043 3265 1122 3307 vero
1142 3242 1275 3306 domniq
1293 3241 1432 3307 Ardoini
1451 3244 1651 3308 serenissimi
1669 3245 1756 3330 regis
1774 3255 1931 3331 regnante

274 3353 395 3441 prim03
424 3362 533 3415 actum
557 3361 663 3416 cestro
687 3350 861 3436 Montigi03
891 3349 1038 3414 feliciter.

1081 3615 1122 3701 4.

274 3760 422 3834 Ardnio
448 3758 593 3833 scheukt
618 3758 684 3832 der
705 3757 957 3856 bieolofliclzeu
980 3758 1118 3832 Kirclze
1142 3786 1186 3832 zu
1210 3756 1319 3833 Come
1345 3763 1468 3833 seioen
1491 3760 1640 3832 Aottezt
1664 3786 1714 3831 00
1741 3759 1806 3832 der
1828 3760 1932 3860 Bury

276 3879 500 3952 Bellimouo.
1445 3904 1599 3981 0000ιο
1622 3907 1703 3967 1000
1724 3905 1812 3965 nun
1834 3908 1884 3966 25.

231 4089 258 4129 so
385 4067 517 4129 Collectio
542 4068 647 4142 pries'l.
682 4067 827 4126 00000000
855 4067 986 4126 euclem
1015 4067 1064 4126 des
1093 4068 1139 4126 14.
1160 4067 1188 4127 J
1189 4067 1216 4125 b.
1249 4068 1313 4138 f.3
1341 4067 1373 4124 in
1403 4067 1455 4125 der
1483 4066 1645 4125 Biblioleea
1674 4066 1868 4125 Ambrosianus
1895 4085 1931 4125 zu

382 4175 519 4234 Mailand
543 4175 613 4242 (B).
638 4204 682 4214 -
713 4174 781 4234 ooo.
801 4175 906 4249 privil.
933 4173 1077 4234 Cumanae
1105 4174 1236 4233 ecclesiae
1264 4191 1317 4231 aus
1346 4173 1409 4232 dem
1432 4174 1553 4248 Ausone
1582 4173 1630 4231 des
1654 4173 1701 4231 16.
1718 4172 1773 4233 Jt.
1792 4174 1863 4247 p.5
1889 4173 1932 4232 im

383 4282 580 4351 biscbollielres
603 4281 769 4340 Arellium
794 4280 879 4340 Gomo
904 4279 969 4349 (C).

386 4406 497 4481 Uqhelli
515 4405 609 4465 ltalia
630 4423 717 4465 sacro
738 4405 781 4464 ed.
802 4405 829 4464 Ι.
849 4408 880 4476 5,
895 4406 956 4464 281
979 4423 1034 4463 aus
1056 4404 1080 4464 G
1100 4424 1135 4465 zu
1159 4406 1239 4465 1092
1261 4406 1306 4463 ule
1324 4403 1364 4463 D.
1385 4403 1544 4463 Heinrichs
1558 4404 1614 4463 IV.
1633 4424 1674 4450 =
1693 4403 1737 4462 ed.
1757 4402 1803 4463 H.
1823 4406 1853 4474 5,
1868 4406 1931 4463 289

382 4514 436 4572 mit
455 4513 694 4587 Verbesseruupen
713 4530 766 4571 uos
787 4511 818 4571 C.
836 4541 880 4549 -
902 4512 982 4571 Tarte·
997 4512 1107 4570 Annae
1125 4512 1157 4570 di
1174 4512 1259 4571 Come
1276 4514 1308 4582 2,
1320 4512 1382 4570 817
1397 4530 1450 4570 cus
1470 4511 1495 4570 C
1513 4532 1554 4558 =
1573 4511 1714 4570 Provoca
1732 4510 1817 4569 Sosidi
1835 4512 1931 4570 critici

383 4622 442 4678 363
464 4622 496 4678 π’
510 4622 552 4678 23
574 4620 627 4678 mit
649 4621 715 4678 ind.
726 4620 764 4678 V.
789 4648 833 4656 —
857 4618 1176 4693 SlumpsReq.1842.

387 4744 448 4819 Vol.
472 4744 520 4803 die
538 4744 765 4819 Verbemerlrunq
787 4762 823 4802 zu
846 4742 886 4801 D.
903 4745 933 4801 2.

382 4894 421 4958 In
453 4895 584 4959 nomine
616 4906 727 4958 sancte
761 4904 794 4958 et
825 4892 994 4957 individue
1027 4894 1190 4958 trinitatis.
1246 4892 1412 4957 Ardoinus
1447 4891 1560 4957 divina
1593 4892 1724 4956 favento
1758 4892 1931 4957 clementia

275 5025 346 5066 rex.
477 5001 597 5066 Notum
628 5003 669 5065 sit
699 5000 849 5065 omnibus
878 4999 1030 5064 fidelibus
1059 5002 1192 5082 nostris,
1228 5001 1306 5087 quia
1335 5001 1520 5064 interventu
1549 4998 1648 5063 Berte
1677 5001 1791 5085 regine
1820 5010 1929 5064 nostre

277 5108 395 5174 dilecte
418 5109 566 5193 coniugis
589 5130 649 5194 pro
673 5107 786 5171 divino
809 5108 962 5194 respectu
991 5117 1044 5171 et·
1067 5107 1212 5172 remedio
1243 5108 1350 5170 anime
1374 5116 1504 5170 nostre·
1535 5116 1567 5170 et
1596 5129 1655 5192 pro
1686 5106 1790 5171 salute
1819 5118 1931 5171 nostra

232 5305 259 5345 to
383 5284 726 5351 0013032000
750 5284 815 5337 uber
835 5287 902 5338 mosi
921 5285 1043 5338 Pelorus
1064 5292 1183 5351 pesum
1204 5286 1267 5337 sind
1339 5287 1365 5349 e)
1387 5283 1630 5351 scr-Vogesi
1647 5282 1715 5338 N.d
1792 5283 1927 5351 0130=

442 5356 501 5411 VU.
520 5358 584 5422 (cpi.
605 5356 667 5411 DD.
682 5361 709 5421 2,
723 5360 774 5408 618
792 5357 826 5412 N.
839 5355 872 5419 h)
893 5381 924 5399 =
943 5356 1007 5411 ΒΗ.
1021 5356 1060 5411 ΙΙ.
1075 5361 1109 5408 75
1163 5360 1192 5425 g)
1213 5357 1263 5408 Bo
1274 5355 1375 5411 =Vo.
1394 5356 1457 5421 (vpl.
1474 5356 1536 5409 DD.
1549 5359 1576 5419 2,
1591 5359 1642 5408 618
1660 5356 1694 5408 Ν.
1708 5354 1748 5421 lx),
1766 5361 1830 5408 stou
1847 5372 1930 5409 censu

437 5428 467 5495 h)
486 5426 653 5480 AbondiiC
740 5427 761 5493 i)
788 5428 843 5493 BC,
869 5434 933 5479 state
951 5426 1113 5479 comitatulo
1132 5444 1229 5493 censu,·
1252 5428 1303 5493 syl.
1323 5442 1490 5494 censumque
1507 5427 1556 5478 cler
1571 5427 1631 5481 VU.
1649 5426 1726 5491 (DD.
1739 5430 1766 5493 2,
1781 5430 1833 5479 618
1851 5428 1886 5482 N.
1898 5427 1931 5487 lx)

438 5499 468 5567 lr)
488 5499 556 5563 fehlt
572 5502 602 5550 in
620 5499 643 5551 C
695 5498 714 5565 l)
733 5498 807 5561 VU.,·
824 5496 1013 5551 sacerdotibus
1030 5498 1079 5551 BG
1130 5502 1169 5565 m)
1186 5499 1219 5555 B.
1235 5500 1293 5549 und
1308 5514 1337 5550 so
1350 5499 1445 5562 dorsu
1459 5498 1529 5550 00020
1544 5500 1574 5550 in
1590 5500 1638 5550 der
1653 5498 1710 5554 VU.
1726 5515 1762 5549 zu
1777 5498 1845 5551 lesen
1859 5502 1931 5564 seis,-

438 5570 588 5638 quisqueG
639 5572 669 5635 n)
690 5570 745 5628 inv,
758 5573 787 5621 et
802 5570 888 5623 serC
938 5574 966 5635 ο)
982 5568 1167 5635 cancellarius,
1183 5568 1415 5621 archicancellarii
1427 5570 1476 5622 BC
1527 5572 1556 5638 p)
1573 5571 1633 5631 ΒΟ)
1645 5570 1695 5636 opi.
1708 5570 1751 5621 die
1763 5570 1825 5625 DD.
1834 5574 1860 5625 2.
1874 5574 1899 5626 4.
1913 5576 1929 5623 6

232 5661 260 5700 ss
438 5644 466 5711 q)
484 5643 534 5695 dni
545 5642 578 5696 Β.

384 5729 413 5787 4.
440 5728 708 5800 [Bloch-Schwalm]
743 5732 770 5795 a)
789 5731 833 5782 dis
850 5730 939 5782 Worte
956 5732 984 5781 et
1001 5745 1069 5783 rem.
1087 5728 1169 5783 enim.
1186 5732 1278 5781 nostre
1294 5729 1382 5793 seiles
1398 5729 1459 5780 bier
1474 5731 1504 5781 is
1520 5729 1550 5798 C,
1568 5747 1607 5784 roo
1622 5731 1712 5783 linter
1726 5730 1805 5801 regni
1821 5732 1863 5797 (S.
1877 5735 1929 5784 701

438 5804 471 5857 Z.
483 5806 512 5869 1)
531 5808 559 5855 et
578 5818 628 5870 pro
646 5818 713 5855 rem.
733 5800 815 5855 enim.
834 5804 904 5856 nost.
923 5802 994 5866 solqt
