4798 6486
765 413 768 419 ,
842 341 1080 398 nurusrcrr
1103 342 1141 397 11.
1183 340 1278 398 roto.

1013 526 1111 614 423.

231 688 411 764 Heinrich
445 687 591 763 scheakt
619 715 686 763 zur
710 689 890 763 Dotation
925 688 992 763 der
1015 716 1087 763 oon
1120 689 1200 764 dem
1227 688 1455 789 Erzbisoltof
1468 689 1640 792 Hartwiy
1671 704 1908 773 ernewteo,

231 807 452 882 Domlcirclte
476 834 521 882 zu
546 804 724 909 Solzbnrg
748 808 846 882 socho
871 807 1128 909 Konipsbosen
1155 836 1215 883 om
1242 808 1433 909 Ursprunp
1459 809 1525 884 der
1548 810 1724 885 Viscaha.

1419 975 1564 1049 Bamherp
1583 976 1664 1037 1020
1683 975 1771 1049 April
1788 976 1838 1034 23.

199 1168 213 1209 a
341 1151 584 1227 Oripiuoldiplom
606 1153 648 1210 im
670 1152 698 1210 k.
717 1152 746 1211 le.
767 1151 874 1223 Hace,
898 1152 975 1224 Hos·
998 1153 1057 1211 read
1081 1151 1280 1212 Stoatsarolric
1302 1172 1336 1211 au
1358 1153 1438 1211 Wieu
1464 1153 1536 1220 (A).

339 1313 543 1386 (Kleimaym)
560 1311 695 1382 luvana,
713 1312 788 1371 Aah.
805 1313 867 1371 216
886 1314 918 1370 a⁰
929 1313 972 1371 87
986 1330 1040 1371 aas
1054 1312 1090 1371 A.
1108 1341 1152 1350 -
1172 1313 1299 1371 Bo'lzmcr
1314 1312 1384 1387 Req.
1402 1314 1488 1371 1195.
1506 1341 1549 1350 -
1571 1311 1694 1387 Stamps
1705 1313 1777 1388 Rep.
1795 1313 1882 1372 1741.

337 1472 440 1532 Dictat
469 1472 518 1532 des
549 1472 614 1532 ΟΡ.
661 1471 767 1532 Dieser
795 1473 846 1531 hat
875 1473 928 1532 den
958 1472 1094 1548 Eiuponp
1122 1474 1175 1532 der
1208 1473 1344 1533 Urlumde
1370 1474 1413 1532 hia
1442 1475 1524 1532 muri
1554 1492 1571 1533 c
1601 1475 1670 1535 oder
1698 1477 1780 1533 muri
1810 1493 1884 1534 curn

338 1580 388 1647 (Z.
405 1581 461 1647 25)
485 1580 544 1639 uad
566 1580 620 1639 das
641 1598 729 1656 ponza
750 1580 936 1639 Esclotololl
958 1581 1031 1639 auch
1052 1581 1244 1655 pmohrubem
1273 1581 1400 1639 lstzteras
1425 1580 1535 1652 durfte,
1565 1581 1716 1656 obpeselrsu
1745 1600 1800 1641 coa
1829 1583 1883 1641 deu

337 1687 579 1762 Narro-amnem
600 1687 632 1745 io
655 1687 707 1746 der
724 1686 981 1762 Daticruupszeile,
1004 1688 1246 1762 omauspesertt'pt
1267 1705 1388 1762 permen
1411 1687 1481 1747 scia.
1521 1686 1585 1746 Der
1604 1686 1718 1747 Schloss
1740 1689 1789 1747 dea
1813 1687 1883 1748 Gon·

337 1799 427 1852 tantas
447 1794 536 1852 rithrt
556 1812 611 1853 vore
633 1793 756 1852 aedem
778 1794 871 1853 Hand
892 1795 952 1864 her,
982 1794 1122 1853 riallacht
1144 1813 1197 1854 roa
1221 1794 1279 1853 Ba.
1297 1793 1320 1852 I
1321 1793 1355 1865 V,
1384 1794 1436 1853 der
1457 1794 1536 1853 donn
1562 1795 1625 1853 hier
1647 1795 1884 1855 aresuolzmsmeise

336 1901 442 1960 anmal
471 1901 502 1959 ia
526 1900 671 1975 Bombcry
700 1919 739 1959 aa
769 1901 848 1959 eiaer
876 1901 954 1959 nicht
985 1903 1039 1972 [ἄν
1060 1900 1107 1959 die
1129 1901 1306 1976 Bomberpcr
1328 1901 1438 1960 Kirclte
1461 1902 1635 1960 bestimmten
1661 1902 1797 1961 Urhuude
1818 1904 1882 1962 mit·

335 2008 488 2083 peorbeitet
519 2008 605 2066 tutta
637 2035 680 2044 -
716 2007 759 2067 Ob
791 2013 874 2067 anter
905 2007 957 2066 der
981 2007 1118 2066 Viscaha
1148 2008 1194 2066 die
1223 2008 1331 2067 Fischo
1363 2009 1394 2067 ia
1412 1984 1700 2069 'lt'iederocsterret'elr
1732 2009 1801 2069 oder
1831 2010 1884 2069 der

337 2115 477 2174 Fiscbocb
500 2119 638 2189 pensante
657 2113 775 2183 Ablluss
797 2114 846 2173 des
867 2113 1035 2173 Woltersees
1056 2133 1091 2173 zu
1113 2115 1255 2173 rer-stebeu
1279 2116 1331 2186 sei,
1354 2117 1394 2174 ist
1413 2116 1535 2190 streitiq,
1559 2116 1615 2190 vpl.
1635 2116 1761 2175 dorttber·
1782 2118 1884 2177 zaletzt

336 2222 448 2281 Becker
465 2222 497 2280 ia
519 2222 719 2297 Topoproplrie
736 2240 791 2280 voa
809 2221 1084 2280 Niederoestcrreich
1105 2223 1124 2279 3
1144 2221 1368 2291 (Wien1893),
1388 2223 1449 2281 122
1467 2223 1526 2281 aad
1545 2222 1709 2283 Hoseaoltrl
1727 2224 1758 2283 in
1774 2224 1884 2283 Archiv

338 2331 391 2401 fiir
413 2333 529 2388 oesterr.
552 2328 651 2388 Geaclt.
672 2330 725 2398 82,
742 2329 804 2387 457
821 2327 860 2387 N.
878 2328 927 2387 34.

338 2541 396 2611 (C.)
420 2532 437 2622 ᾖ
460 2533 628 2597 lnomine⁸
652 2542 784 2597 sanctae
815 2542 848 2597 et
876 2531 1068 2597 individuae
1098 2534 1261 2597 trinitatis.
1307 2533 1484 2598 Heinricus
1515 2533 1626 2598 divina
1656 2534 1787 2599 favente
1818 2535 1882 2600 cle·

229 2642 353 2706 mentia
370 2641 590 2705 Romanorum
613 2641 789 2726 imperator
811 2637 1015 2728 augrrstus.{
1113 2639 1148 2705 Si
1171 2638 1374 2705 venerabilia
1397 2639 1631 2705 aecclesiarum
1654 2640 1708 2705 dei
1731 2641 1803 2707 loca
1826 2642 1884 2707 ali-

231 2749 323 2813 cuius
353 2746 431 2812 doni
461 2746 631 2832 largitione
663 2745 911 2832 locupletamus,
944 2745 979 2810 id
1008 2746 1155 2833 profecto
1186 2747 1314 2812 animae
1347 2757 1478 2811 nostrae
1508 2747 1667 2834 proficere
1698 2760 1883 2837 statumque

230 2855 324 2941 regui
346 2855 449 2919 nostri
472 2852 547 2918 inde
571 2854 604 2917 in
627 2851 743 2917 melius
766 2853 879 2937 vigere
903 2852 1065 2917 credimus
1089 2865 1122 2918 et
1144 2864 1233 2919 certe
1257 2855 1386 2918 scimus.
1425 2854 1568 2920 Proinde
1592 2854 1742 2920 omnibus
1762 2854 1884 2922 Christi

185 2990 213 3030 ro
230 2962 397 3047 nostrique
420 2958 570 3024 fidelibus
593 2969 714 3046 pateat,
745 2959 885 3047 qualiter
906 2982 965 3025 nos
995 2982 1055 3046 per
1077 2961 1294 3024 interventum
1324 2983 1364 3025 ac
1394 2962 1584 3048 petitionem
1615 2984 1711 3028 carae
1736 2964 1884 3050 coniugis

230 3078 361 3134 nostrae
381 3065 619 3152 Ohvnigvndac
643 3066 768 3131 seilicet
788 3068 1006 3153 imperatricis
1024 3078 1181 3154 augustae
1205 3090 1244 3132 ac
1269 3066 1379 3132 dilecti
1403 3067 1587 3155 cappellani
1609 3071 1711 3135 nostri
1728 3068 1884 3136 Aribonis

231 3175 275 3241 ad
294 3174 470 3240 dotandum
490 3184 623 3238 sanctae
639 3173 831 3239 quauensis
850 3173 1032 3239 aecclesiae
1051 3175 1282 3239 monasterium
1300 3197 1320 3239 a
1339 3173 1519 3240 venerabili
1537 3175 1719 3241 Hartvvico
1738 3177 1885 3243 eiusdem

231 3283 295 3348 loci
311 3281 557 3368 archiepiscopo
574 3282 607 3344 in
623 3280 780 3346 honorem
795 3282 952 3368 principis
969 3281 1187 3368 apostolorum
1203 3281 1294 3346 Petri
1310 3283 1479 3369 sanctique
1495 3282 1677 3348 Rvodberti
1692 3296 1885 3350 renovatum

230 3405 271 3455 Vl
300 3388 427 3475 regales
457 3409 587 3452 mansos
617 3389 651 3450 in
682 3388 789 3474 capite
820 3387 961 3453 fluminis
992 3387 1162 3453 cuiusdam
1185 3387 1314 3474 vulgari
1343 3390 1473 3453 nomine
1494 3389 1639 3455 Viscaha
1661 3392 1771 3456 vocati
1794 3392 1884 3473 sitos,

185 3523 214 3564 ss
231 3496 288 3563 ubi
310 3496 525 3561 vetustisimi⁸
548 3496 725 3582 antiquitus
749 3506 954 3560 constructae
978 3495 1158 3560 aecclesiae
1177 3494 1284 3560 adhuc
1303 3506 1436 3561 manent
1453 3498 1547 3578 muri,
1572 3519 1646 3562 cum
1666 3499 1754 3562 omui
1772 3498 1884 3585 legali·

231 3614 309 3685 tate,
330 3602 456 3668 scilicet
470 3603 572 3689 pratis
588 3603 719 3689 pascuis
735 3602 825 3666 silvis
841 3601 1071 3667 venationibus
1087 3601 1323 3689 piscationibus
1339 3604 1432 3690 aquis
1448 3625 1672 3690 aquarumque
1692 3604 1884 3672 decursibus

231 3710 425 3776 molendinis
448 3711 536 3796 agris
560 3708 654 3774 cultis
677 3719 711 3773 et
732 3708 862 3773 incultis
886 3708 1028 3774 exitibus
1059 3720 1091 3773 et
1113 3708 1271 3773 reditibus
1301 3721 1334 3774 et
1357 3733 1431 3774 cum
1454 3709 1603 3775 omnibus
1626 3711 1819 3776 utensilibus
1842 3712 1885 3778 ad

231 3817 416 3905 praedictos
438 3838 570 3881 mansos
593 3815 831 3903 pertinentibus
860 3816 963 3902 regali
994 3839 1032 3881 ac
1059 3815 1221 3902 imperiali
1243 3826 1404 3902 potestate
1427 3828 1539 3881 nostra
1560 3818 1595 3880 in
1618 3819 1785 3904 proprium
1809 3840 1885 3883 con-

233 3924 389 3990 cessimus
419 3936 517 4010 atque
547 3923 749 4004 donavimus,
783 3945 823 3987 ca
854 3924 978 3987 ratione
1009 3934 1045 3988 ut
1073 3923 1310 4008 praenominati
1342 3924 1530 3988 monasterii
1562 3925 1736 4011 episcopus
1768 3927 1883 4013 suique

187 4059 216 4100 so
233 4053 438 4097 successores
461 4029 598 4095 liberam
622 4029 741 4095 exinde
765 4040 959 4116 potestatem
979 4028 1121 4094 habeant
1137 4027 1250 4093 utendi
1265 4029 1412 4094 mutandi
1428 4029 1470 4094 ad
1487 4053 1581 4095 usum
1597 4031 1723 4096 scilicet
1738 4032 1884 4098 eiusdem

232 4138 430 4203 monasterii.
469 4137 513 4202 Et
531 4147 567 4202 ut
584 4137 645 4227 hec
668 4148 798 4202 nostrae
822 4137 1023 4202 auctoritatis
1045 4135 1142 4199 karta
1165 4134 1290 4200 stabilis
1314 4146 1347 4200 et
1369 4136 1560 4201 inconvulsa
1582 4149 1774 4224 permaneat
1797 4141 1884 4204 omni

234 4268 305 4333 evo,
336 4244 397 4310 hoc
426 4254 638 4332 praeceptum
668 4243 744 4309 inde
775 4244 993 4330 conscriptum
1023 4243 1156 4330 propria
1185 4265 1283 4307 manu
1314 4241 1575 4308 confirmavimus
1603 4256 1635 4308 et
1662 4244 1761 4331 sigilli
1782 4247 1885 4311 nostri

232 4353 435 4439 inpressione
459 4352 607 4437 insigniri
631 4352 797 4433 iussimus3
827 4349 968 4436 ideoque
998 4349 1144 4437 quisquis
1174 4350 1341 4436 praecepti
1369 4348 1463 4413 huius
1491 4350 1730 4416 contradictorb
1754 4355 1884 4437 existat,

233 4470 359 4546 partem
382 4461 416 4523 in
439 4470 572 4523 aeterno
596 4457 755 4545 supplicio
778 4480 853 4522 cum
876 4455 960 4521 Iuda
982 4457 1152 4543 percipiat.

187 4664 216 4706 as
340 4637 357 4728 ᾖ
381 4637 517 4724 Signum
542 4636 652 4702 domni
674 4636 824 4700 Heinrici
846 4635 1052 4700 invictissimi
1075 4643 1140 4715 (M.)
1163 4635 1383 4700 Romanorum
1405 4636 1610 4722 imperatoris
1633 4637 1812 4728 augusti}

340 4814 582 4906 {Guntherius
612 4815 834 4880 cancelarius⁸
864 4813 907 4879 ad
939 4814 1046 4879 vicem
1075 4812 1281 4880 Erkenbaldi
1310 4813 1587 4901 archicappellani
1618 4813 1885 4907 [relcognovit3

1721 4932 1778 5004 (sr.
1796 4932 1839 5003 a.)

339 5048 429 5114 Data
446 5063 538 5113 11111
561 5047 628 5112 kal.
652 5048 743 5113 mai.⁰
766 5046 1015 5128 indictionem,
1046 5069 1131 5112 anno
1161 5045 1344 5111 dominicae
1374 5047 1607 5112 incarnationis
1633 5046 1804 5113 millesimo
1826 5063 1884 5133 xx,

234 5178 320 5222 anno
342 5178 421 5221 vero
445 5155 555 5221 domni
573 5155 721 5220 Heinrici
745 5154 881 5219 secundi
904 5154 1072 5241 regnantis
1090 5141 1226 5237 xvfllld,
1250 5154 1379 5240 imperii
1402 5164 1511 5218 autem
1529 5143 1598 5236 dih
1622 5164 1731 5219 actum
1751 5154 1883 5221 Babun-

188 5288 218 5328 ω
234 5261 369 5347 berch⁸;
396 5262 535 5328 feliciter
557 5284 663 5327 amen.

307 5563 372 5620 42⁸.
407 5562 541 5634 Bresslau]
578 5564 605 5633 a)
623 5566 649 5617 A
710 5563 741 5632 b)
761 5564 827 5617 aber
844 5565 902 5618 dem
920 5569 1006 5618 cratm
1024 5580 1039 5617 r
1055 5564 1155 5617 actast
1173 5566 1230 5617 οὐκ
1249 5564 1394 5631 carum
1411 5565 1568 5617 carram
1585 5581 1620 5617 ss
1638 5568 1695 5619 acin
1762 5567 1885 5636 c)V1111.

443 5635 533 5691 ‚mai
552 5637 582 5687 in
599 5636 689 5701 dufer
704 5635 839 5704 ostensae
856 5636 946 5689 Luca
962 5636 1157 5703 mchqdropas
1219 5635 1248 5703 d)
1276 5636 1319 5688 dis
1336 5636 1410 5688 Zau
1433 5635 1651 5690 wabraalrotnlact
1675 5640 1705 5691 s'n
1729 5639 1817 5705 datar
1840 5658 1885 5708 po·

395 5708 496 5762 Ιωεοηο
511 5707 602 5760 Loca
618 5707 829 5775 samaram
850 5707 994 5760 inm-halb
1010 5707 1142 5761 ἄηωῑᾶω
1159 5714 1171 5760 1
1189 5707 1254 5761 aber
1271 5713 1348 5760 xvssl
1365 5694 1603 5773 ᾱῠινφιωᾶηώηι.

290 5831 486 5874 fflnmrkundcn
498 5832 544 5873 111.
1619 5822 1653 5873 68
