<?xml version="1.0" encoding="UTF-8"?>
<!DOCTYPE html PUBLIC "-//W3C//DTD XHTML 1.0 Transitional//EN"
    "http://www.w3.org/TR/xhtml1/DTD/xhtml1-transitional.dtd">
<html xmlns="http://www.w3.org/1999/xhtml" xml:lang="en" lang="en">
 <head>
  <title>
</title>
<meta http-equiv="Content-Type" content="text/html;charset=utf-8" />
  <meta name='ocr-system' content='tesseract 3.04.00' />
  <meta name='ocr-capabilities' content='ocr_page ocr_carea ocr_par ocr_line ocrx_word'/>
</head>
<body>
  <div class='ocr_page' id='page_1' title='image "./monumentagerman01gescgoog_0373.png"; bbox 0 0 4760 6512; ppageno 0'>
   <div class='ocr_carea' id='block_1_1' title="bbox 528 420 1594 483">
    <p class='ocr_par' dir='ltr' id='par_1_1' title="bbox 528 420 1594 483">
     <span class='ocr_line' id='line_1_1' title="bbox 528 420 1594 483; baseline -0.003 -1"><span class='ocrx_word' id='word_1_1' title='bbox 528 420 593 483; x_wconf 85' lang='lat'><strong>338</strong></span> <span class='ocrx_word' id='word_1_2' title='bbox 1132 423 1594 481; x_wconf 79' lang='lat' dir='ltr'><strong>KAISERURKUNDEN.</strong></span> 
     </span>
    </p>
   </div>
   <div class='ocr_carea' id='block_1_2' title="bbox 529 606 2227 4629">
    <p class='ocr_par' dir='ltr' id='par_1_2' title="bbox 529 606 2227 4629">
     <span class='ocr_line' id='line_1_2' title="bbox 529 606 2179 695; baseline -0.004 -18"><span class='ocrx_word' id='word_1_3' title='bbox 529 611 680 677; x_wconf 88' lang='lat' dir='ltr'><strong>omnibus</strong></span> <span class='ocrx_word' id='word_1_4' title='bbox 704 611 802 676; x_wconf 89' lang='lat' dir='ltr'><strong>debet</strong></span> <span class='ocrx_word' id='word_1_5' title='bbox 824 610 1079 676; x_wconf 78' lang='lat' dir='ltr'>misericorditer</span> <span class='ocrx_word' id='word_1_6' title='bbox 1101 609 1286 675; x_wconf 85' lang='lat' dir='ltr'><strong>subvenire.</strong></span> <span class='ocrx_word' id='word_1_7' title='bbox 1332 610 1454 675; x_wconf 88' lang='lat' dir='ltr'><strong>Notum</strong></span> <span class='ocrx_word' id='word_1_8' title='bbox 1483 611 1583 695; x_wconf 82' lang='lat' dir='ltr'><strong>igitur</strong></span> <span class='ocrx_word' id='word_1_9' title='bbox 1612 632 1684 674; x_wconf 89' lang='lat' dir='ltr'><strong>esse</strong></span> <span class='ocrx_word' id='word_1_10' title='bbox 1708 608 1857 673; x_wconf 85' lang='lat' dir='ltr'><strong>volumus</strong></span> <span class='ocrx_word' id='word_1_11' title='bbox 1881 609 2008 672; x_wconf 87' lang='lat' dir='ltr'><strong>cunctis</strong></span> <span class='ocrx_word' id='word_1_12' title='bbox 2030 606 2179 672; x_wconf 88' lang='lat' dir='ltr'><strong>fidelibus</strong></span> 
     </span>
     <span class='ocr_line' id='line_1_3' title="bbox 529 712 2179 803; baseline -0.004 -21"><span class='ocrx_word' id='word_1_13' title='bbox 529 731 642 784; x_wconf 86' lang='lat' dir='ltr'><strong>sancte</strong></span> <span class='ocrx_word' id='word_1_14' title='bbox 673 719 727 783; x_wconf 91' lang='lat' dir='ltr'><strong>dei</strong></span> <span class='ocrx_word' id='word_1_15' title='bbox 758 717 897 783; x_wconf 76' lang='lat' dir='ltr'><strong>ecclesie</strong></span> <span class='ocrx_word' id='word_1_16' title='bbox 927 740 967 781; x_wconf 85' lang='lat' dir='ltr'><strong>ac</strong></span> <span class='ocrx_word' id='word_1_17' title='bbox 997 719 1116 781; x_wconf 90' lang='lat' dir='ltr'><strong>nostris</strong></span> <span class='ocrx_word' id='word_1_18' title='bbox 1139 715 1345 803; x_wconf 80' lang='lat' dir='ltr'><strong>presentibus</strong></span> <span class='ocrx_word' id='word_1_19' title='bbox 1376 727 1409 781; x_wconf 91' lang='lat' dir='ltr'><strong>et</strong></span> <span class='ocrx_word' id='word_1_20' title='bbox 1438 717 1566 798; x_wconf 87' lang='lat' dir='ltr'><strong>futuris,</strong></span> <span class='ocrx_word' id='word_1_21' title='bbox 1598 716 1737 802; x_wconf 81' lang='lat' dir='ltr'><strong>qualiter</strong></span> <span class='ocrx_word' id='word_1_22' title='bbox 1759 714 1961 779; x_wconf 81' lang='lat' dir='ltr'><strong>Adhelmus‘</strong></span> <span class='ocrx_word' id='word_1_23' title='bbox 1984 712 2179 779; x_wconf 77' lang='lat' dir='ltr'><strong>venerabilis</strong></span> 
     </span>
     <span class='ocr_line' id='line_1_4' title="bbox 529 819 2179 910; baseline -0.004 -20"><span class='ocrx_word' id='word_1_24' title='bbox 529 824 634 890; x_wconf 87' lang='lat' dir='ltr'><strong>abbas</strong></span> <span class='ocrx_word' id='word_1_25' title='bbox 666 836 773 889; x_wconf 88' lang='lat' dir='ltr'><strong>rector</strong></span> <span class='ocrx_word' id='word_1_26' title='bbox 805 822 935 889; x_wconf 91' lang='lat' dir='ltr'><strong>cenobii</strong></span> <span class='ocrx_word' id='word_1_27' title='bbox 967 825 1071 888; x_wconf 91' lang='lat' dir='ltr'><strong>sancti</strong></span> <span class='ocrx_word' id='word_1_28' title='bbox 1104 824 1195 887; x_wconf 89' lang='lat' dir='ltr'><strong>Petri</strong></span> <span class='ocrx_word' id='word_1_29' title='bbox 1226 823 1446 910; x_wconf 87' lang='lat' dir='ltr'><strong>apostolorum</strong></span> <span class='ocrx_word' id='word_1_30' title='bbox 1481 824 1640 909; x_wconf 90' lang='lat' dir='ltr'><strong>principis</strong></span> <span class='ocrx_word' id='word_1_31' title='bbox 1679 822 1877 887; x_wconf 78' lang='lat' dir='ltr'><strong>constructi⁸</strong></span> <span class='ocrx_word' id='word_1_32' title='bbox 1911 820 1956 908; x_wconf 77' lang='lat' dir='ltr'><strong>lin</strong></span> <span class='ocrx_word' id='word_1_33' title='bbox 1988 820 2060 885; x_wconf 90' lang='lat' dir='ltr'><strong>loco</strong></span> <span class='ocrx_word' id='word_1_34' title='bbox 2092 819 2179 908; x_wconf 82' lang='lat' dir='ltr'><strong>qni]¹¹</strong></span> 
     </span>
     <span class='ocr_line' id='line_1_5' title="bbox 529 926 2180 1019; baseline -0.004 -23"><span class='ocrx_word' id='word_1_35' title='bbox 529 942 667 996; x_wconf 86' lang='lat' dir='ltr'><strong>vocatur</strong></span> <span class='ocrx_word' id='word_1_36' title='bbox 683 929 834 1019; x_wconf 84' lang='lat' dir='ltr'><strong>[casale]¹</strong></span> <span class='ocrx_word' id='word_1_37' title='bbox 852 928 1058 1012; x_wconf 78' lang='lat' dir='ltr'><strong>Palatiolum,</strong></span> <span class='ocrx_word' id='word_1_38' title='bbox 1078 928 1166 1015; x_wconf 91' lang='lat' dir='ltr'><strong>quod</strong></span> <span class='ocrx_word' id='word_1_39' title='bbox 1185 931 1282 993; x_wconf 92' lang='lat' dir='ltr'><strong>situm</strong></span> <span class='ocrx_word' id='word_1_40' title='bbox 1301 939 1465 1015; x_wconf 89' lang='lat' dir='ltr'><strong>estsuper</strong></span> <span class='ocrx_word' id='word_1_41' title='bbox 1481 928 1626 993; x_wconf 84' lang='lat' dir='ltr'><strong>Mentem</strong></span> <span class='ocrx_word' id='word_1_42' title='bbox 1642 927 1791 1010; x_wconf 83' lang='lat' dir='ltr'><strong>viridem,</strong></span> <span class='ocrx_word' id='word_1_43' title='bbox 1811 926 1941 992; x_wconf 67' lang='lat' dir='ltr'><strong>adisse*K</strong></span> <span class='ocrx_word' id='word_1_44' title='bbox 1956 926 2180 992; x_wconf 85' lang='lat' dir='ltr'><strong>celsitudinem</strong></span> 
     </span>
     <span class='ocr_line' id='line_1_6' title="bbox 529 1031 2211 1124; baseline -0.004 -22"><span class='ocrx_word' id='word_1_45' title='bbox 529 1048 674 1102; x_wconf 89' lang='lat' dir='ltr'><strong>nostram</strong></span> <span class='ocrx_word' id='word_1_46' title='bbox 696 1036 914 1124; x_wconf 79' lang='lat' dir='ltr'><strong>postulantem</strong></span> <span class='ocrx_word' id='word_1_47' title='bbox 938 1058 1037 1122; x_wconf 91' lang='lat' dir='ltr'><strong>super</strong></span> <span class='ocrx_word' id='word_1_48' title='bbox 1059 1034 1157 1100; x_wconf 89' lang='lat' dir='ltr'><strong>rebus</strong></span> <span class='ocrx_word' id='word_1_49' title='bbox 1180 1037 1369 1099; x_wconf 87' lang='lat' dir='ltr'><strong>monasterii</strong></span> <span class='ocrx_word' id='word_1_50' title='bbox 1393 1036 1453 1115; x_wconf 87' lang='lat' dir='ltr'><strong>sui,</strong></span> <span class='ocrx_word' id='word_1_51' title='bbox 1485 1034 1573 1120; x_wconf 91' lang='lat' dir='ltr'><strong>quod</strong></span> <span class='ocrx_word' id='word_1_52' title='bbox 1603 1046 1714 1099; x_wconf 90' lang='lat' dir='ltr'><strong>nostra</strong></span> <span class='ocrx_word' id='word_1_53' title='bbox 1744 1035 1774 1097; x_wconf 89' lang='lat' dir='ltr'><strong>ei</strong></span> <span class='ocrx_word' id='word_1_54' title='bbox 1796 1034 1919 1119; x_wconf 88' lang='lat' dir='ltr'><strong>pietate</strong></span> <span class='ocrx_word' id='word_1_55' title='bbox 1946 1031 2098 1119; x_wconf 83' lang='lat' dir='ltr'><strong>largitum</strong></span> <span class='ocrx_word' id='word_1_56' title='bbox 2121 1044 2211 1114; x_wconf 73' lang='lat' dir='ltr'><strong>ests</strong></span> 
     </span>
     <span class='ocr_line' id='line_1_7' title="bbox 529 1139 2180 1228; baseline -0.003 -20"><span class='ocrx_word' id='word_1_57' title='bbox 529 1155 565 1208; x_wconf 90' lang='lat' dir='ltr'><strong>ut</strong></span> <span class='ocrx_word' id='word_1_58' title='bbox 587 1155 696 1207; x_wconf 88' lang='lat' dir='ltr'><strong>nostre</strong></span> <span class='ocrx_word' id='word_1_59' title='bbox 720 1141 906 1207; x_wconf 89' lang='lat' dir='ltr'><strong>iuberemus</strong></span> <span class='ocrx_word' id='word_1_60' title='bbox 929 1141 976 1206; x_wconf 90' lang='lat' dir='ltr'><strong>illi</strong></span> <span class='ocrx_word' id='word_1_61' title='bbox 999 1152 1191 1228; x_wconf 84' lang='lat' dir='ltr'><strong>preceptum</strong></span> <span class='ocrx_word' id='word_1_62' title='bbox 1215 1143 1418 1206; x_wconf 90' lang='lat' dir='ltr'><strong>auctoritatis</strong></span> <span class='ocrx_word' id='word_1_63' title='bbox 1441 1141 1562 1211; x_wconf 79' lang='lat' dir='ltr'><strong>facere.</strong></span> <span class='ocrx_word' id='word_1_64' title='bbox 1586 1164 1646 1227; x_wconf 90' lang='lat' dir='ltr'><strong>per</strong></span> <span class='ocrx_word' id='word_1_65' title='bbox 1670 1139 1757 1228; x_wconf 89' lang='lat' dir='ltr'><strong>quod</strong></span> <span class='ocrx_word' id='word_1_66' title='bbox 1776 1139 1891 1204; x_wconf 89' lang='lat' dir='ltr'><strong>fultum</strong></span> <span class='ocrx_word' id='word_1_67' title='bbox 1915 1152 2001 1203; x_wconf 88' lang='lat' dir='ltr'><strong>esset</strong></span> <span class='ocrx_word' id='word_1_68' title='bbox 2024 1151 2056 1203; x_wconf 90' lang='lat' dir='ltr'><strong>et</strong></span> <span class='ocrx_word' id='word_1_69' title='bbox 2078 1151 2180 1203; x_wconf 91' lang='lat' dir='ltr'><strong>tutum</strong></span> 
     </span>
     <span class='ocr_line' id='line_1_8' title="bbox 529 1246 2181 1335; baseline -0.003 -22"><span class='ocrx_word' id='word_1_70' title='bbox 529 1251 785 1335; x_wconf 91' lang='lat' dir='ltr'><strong>omnitempore</strong></span> <span class='ocrx_word' id='word_1_71' title='bbox 809 1248 851 1312; x_wconf 91' lang='lat' dir='ltr'><strong>dc</strong></span> <span class='ocrx_word' id='word_1_72' title='bbox 874 1248 997 1334; x_wconf 87' lang='lat' dir='ltr'><strong>prediis</strong></span> <span class='ocrx_word' id='word_1_73' title='bbox 1021 1250 1102 1311; x_wconf 89' lang='lat' dir='ltr'><strong>suis:</strong></span> <span class='ocrx_word' id='word_1_74' title='bbox 1133 1247 1288 1312; x_wconf 82' lang='lat' dir='ltr'><strong>videlicet</strong></span> <span class='ocrx_word' id='word_1_75' title='bbox 1311 1260 1434 1312; x_wconf 83' lang='lat' dir='ltr'><strong>cortem</strong></span> <span class='ocrx_word' id='word_1_76' title='bbox 1458 1247 1499 1312; x_wconf 92' lang='lat' dir='ltr'><strong>de</strong></span> <span class='ocrx_word' id='word_1_77' title='bbox 1523 1248 1584 1311; x_wconf 88' lang='lat' dir='ltr'><strong>Rio</strong></span> <span class='ocrx_word' id='word_1_78' title='bbox 1608 1270 1683 1311; x_wconf 92' lang='lat' dir='ltr'><strong>cum</strong></span> <span class='ocrx_word' id='word_1_79' title='bbox 1706 1246 1833 1333; x_wconf 88' lang='lat' dir='ltr'><strong>capella</strong></span> <span class='ocrx_word' id='word_1_80' title='bbox 1855 1258 1967 1311; x_wconf 89' lang='lat' dir='ltr'><strong>sancte</strong></span> <span class='ocrx_word' id='word_1_81' title='bbox 1991 1246 2094 1310; x_wconf 83' lang='lat' dir='ltr'><strong>Marie</strong></span> <span class='ocrx_word' id='word_1_82' title='bbox 2118 1268 2181 1331; x_wconf 92' lang='lat' dir='ltr'><strong>que</strong></span> 
     </span>
     <span class='ocr_line' id='line_1_9' title="bbox 529 1351 2180 1440; baseline -0.002 -21"><span class='ocrx_word' id='word_1_83' title='bbox 529 1366 579 1420; x_wconf 91' lang='lat' dir='ltr'><strong>est</strong></span> <span class='ocrx_word' id='word_1_84' title='bbox 608 1357 671 1419; x_wconf 90' lang='lat' dir='ltr'><strong>sita</strong></span> <span class='ocrx_word' id='word_1_85' title='bbox 702 1357 735 1418; x_wconf 91' lang='lat' dir='ltr'><strong>in</strong></span> <span class='ocrx_word' id='word_1_86' title='bbox 769 1354 941 1419; x_wconf 83' lang='lat' dir='ltr'><strong>comitatu¹</strong></span> <span class='ocrx_word' id='word_1_87' title='bbox 974 1353 1251 1440; x_wconf 67' lang='lat' dir='ltr'><strong>popolonienses,</strong></span> <span class='ocrx_word' id='word_1_88' title='bbox 1283 1364 1405 1418; x_wconf 90' lang='lat' dir='ltr'><strong>cortem</strong></span> <span class='ocrx_word' id='word_1_89' title='bbox 1435 1378 1514 1419; x_wconf 83' lang='lat' dir='ltr'><strong>vero</strong></span> <span class='ocrx_word' id='word_1_90' title='bbox 1545 1354 1586 1417; x_wconf 89' lang='lat' dir='ltr'><strong>de</strong></span> <span class='ocrx_word' id='word_1_91' title='bbox 1617 1353 1798 1435; x_wconf 81' lang='lat' dir='ltr'><strong>Cistema¹²‚</strong></span> <span class='ocrx_word' id='word_1_92' title='bbox 1831 1363 1920 1417; x_wconf 92' lang='lat' dir='ltr'><strong>corte</strong></span> <span class='ocrx_word' id='word_1_93' title='bbox 1953 1352 1993 1416; x_wconf 90' lang='lat' dir='ltr'><strong>de</strong></span> <span class='ocrx_word' id='word_1_94' title='bbox 2025 1351 2180 1433; x_wconf 72' lang='lat' dir='ltr'><strong>Caldam,</strong></span> 
     </span>
     <span class='ocr_line' id='line_1_10' title="bbox 530 1458 2181 1541; baseline -0.003 -14"><span class='ocrx_word' id='word_1_95' title='bbox 530 1472 652 1527; x_wconf 89' lang='lat' dir='ltr'><strong>cortem</strong></span> <span class='ocrx_word' id='word_1_96' title='bbox 677 1460 895 1526; x_wconf 83' lang='lat' dir='ltr'><strong>Salamonici⁰</strong></span> <span class='ocrx_word' id='word_1_97' title='bbox 918 1462 954 1524; x_wconf 93' lang='lat' dir='ltr'><strong>in</strong></span> <span class='ocrx_word' id='word_1_98' title='bbox 977 1459 1176 1524; x_wconf 80' lang='lat' dir='ltr'><strong>Castanetop</strong></span> <span class='ocrx_word' id='word_1_99' title='bbox 1200 1471 1233 1524; x_wconf 92' lang='lat' dir='ltr'><strong>et</strong></span> <span class='ocrx_word' id='word_1_100' title='bbox 1256 1460 1429 1524; x_wconf 88' lang='lat' dir='ltr'><strong>ecclesiam</strong></span> <span class='ocrx_word' id='word_1_101' title='bbox 1454 1462 1558 1525; x_wconf 91' lang='lat' dir='ltr'><strong>sancti</strong></span> <span class='ocrx_word' id='word_1_102' title='bbox 1582 1459 1787 1541; x_wconf 82' lang='lat' dir='ltr'><strong>Columbani,</strong></span> <span class='ocrx_word' id='word_1_103' title='bbox 1815 1470 1938 1524; x_wconf 90' lang='lat' dir='ltr'><strong>cortem</strong></span> <span class='ocrx_word' id='word_1_104' title='bbox 1961 1461 1996 1522; x_wconf 91' lang='lat' dir='ltr'><strong>iu</strong></span> <span class='ocrx_word' id='word_1_105' title='bbox 2018 1458 2181 1523; x_wconf 71' lang='lat' dir='ltr'><strong>Asilectoq</strong></span> 
     </span>
     <span class='ocr_line' id='line_1_11' title="bbox 530 1565 2225 1641; baseline -0.004 -8"><span class='ocrx_word' id='word_1_106' title='bbox 530 1591 604 1633; x_wconf 90' lang='lat' dir='ltr'><strong>cum</strong></span> <span class='ocrx_word' id='word_1_107' title='bbox 634 1568 765 1632; x_wconf 90' lang='lat' dir='ltr'><strong>oraculo</strong></span> <span class='ocrx_word' id='word_1_108' title='bbox 796 1568 901 1631; x_wconf 88' lang='lat' dir='ltr'><strong>sancti</strong></span> <span class='ocrx_word' id='word_1_109' title='bbox 921 1567 990 1630; x_wconf 91' lang='lat' dir='ltr'><strong>Viti</strong></span> <span class='ocrx_word' id='word_1_110' title='bbox 1021 1578 1054 1631; x_wconf 91' lang='lat' dir='ltr'><strong>et</strong></span> <span class='ocrx_word' id='word_1_111' title='bbox 1084 1568 1188 1630; x_wconf 89' lang='lat' dir='ltr'><strong>sancti</strong></span> <span class='ocrx_word' id='word_1_112' title='bbox 1212 1566 1346 1641; x_wconf 89' lang='lat' dir='ltr'><strong>Donati,</strong></span> <span class='ocrx_word' id='word_1_113' title='bbox 1378 1577 1500 1631; x_wconf 91' lang='lat' dir='ltr'><strong>cortem</strong></span> <span class='ocrx_word' id='word_1_114' title='bbox 1531 1569 1635 1631; x_wconf 87' lang='lat' dir='ltr'><strong>sancti</strong></span> <span class='ocrx_word' id='word_1_115' title='bbox 1664 1566 1788 1630; x_wconf 78' lang='lat' dir='ltr'><strong>llsthei</strong></span> <span class='ocrx_word' id='word_1_116' title='bbox 1819 1566 1860 1630; x_wconf 90' lang='lat' dir='ltr'><strong>de</strong></span> <span class='ocrx_word' id='word_1_117' title='bbox 1890 1566 1991 1635; x_wconf 81' lang='lat' dir='ltr'><strong>Luca,</strong></span> <span class='ocrx_word' id='word_1_118' title='bbox 2023 1578 2111 1630; x_wconf 89' lang='lat' dir='ltr'><strong>corte</strong></span> <span class='ocrx_word' id='word_1_119' title='bbox 2141 1565 2181 1628; x_wconf 90' lang='lat' dir='ltr'><strong>de</strong></span> <span class='ocrx_word' id='word_1_120' title='bbox 2199 1588 2225 1627; x_wconf 85' lang='grc' dir='ltr'><strong>ιο</strong></span> 
     </span>
     <span class='ocr_line' id='line_1_12' title="bbox 529 1671 2182 1759; baseline -0.002 -21"><span class='ocrx_word' id='word_1_121' title='bbox 529 1675 647 1738; x_wconf 79' lang='lat' dir='ltr'><strong>Portor</strong></span> <span class='ocrx_word' id='word_1_122' title='bbox 674 1674 749 1755; x_wconf 79' lang='lat' dir='ltr'><strong>effi,</strong></span> <span class='ocrx_word' id='word_1_123' title='bbox 774 1684 863 1738; x_wconf 89' lang='lat' dir='ltr'><strong>corte</strong></span> <span class='ocrx_word' id='word_1_124' title='bbox 887 1673 928 1737; x_wconf 90' lang='lat' dir='ltr'><strong>de</strong></span> <span class='ocrx_word' id='word_1_125' title='bbox 945 1674 1147 1759; x_wconf 79' lang='lat' dir='ltr'><strong>Visignano³</strong></span> <span class='ocrx_word' id='word_1_126' title='bbox 1172 1684 1205 1736; x_wconf 92' lang='lat' dir='ltr'><strong>et</strong></span> <span class='ocrx_word' id='word_1_127' title='bbox 1228 1671 1402 1736; x_wconf 87' lang='lat' dir='ltr'><strong>ecclesiam</strong></span> <span class='ocrx_word' id='word_1_128' title='bbox 1426 1675 1531 1737; x_wconf 89' lang='lat' dir='ltr'><strong>sancti</strong></span> <span class='ocrx_word' id='word_1_129' title='bbox 1553 1673 1732 1738; x_wconf 88' lang='lat' dir='ltr'><strong>Salvatoris</strong></span> <span class='ocrx_word' id='word_1_130' title='bbox 1756 1672 1797 1736; x_wconf 90' lang='lat' dir='ltr'><strong>de</strong></span> <span class='ocrx_word' id='word_1_131' title='bbox 1814 1672 1971 1736; x_wconf 78' lang='lat' dir='ltr'><strong>l&#39;ersilia‘</strong></span> <span class='ocrx_word' id='word_1_132' title='bbox 1999 1695 2072 1736; x_wconf 90' lang='lat' dir='ltr'><strong>cum</strong></span> <span class='ocrx_word' id='word_1_133' title='bbox 2095 1673 2182 1735; x_wconf 91' lang='lat' dir='ltr'><strong>omni</strong></span> 
     </span>
     <span class='ocr_line' id='line_1_13' title="bbox 529 1778 2181 1867; baseline 0 -22"><span class='ocrx_word' id='word_1_134' title='bbox 529 1781 726 1867; x_wconf 88' lang='lat' dir='ltr'><strong>pertinentia</strong></span> <span class='ocrx_word' id='word_1_135' title='bbox 750 1802 819 1861; x_wconf 85' lang='lat' dir='ltr'><strong>sua,</strong></span> <span class='ocrx_word' id='word_1_136' title='bbox 844 1790 966 1843; x_wconf 91' lang='lat' dir='ltr'><strong>cortem</strong></span> <span class='ocrx_word' id='word_1_137' title='bbox 990 1778 1031 1842; x_wconf 92' lang='lat' dir='ltr'><strong>de</strong></span> <span class='ocrx_word' id='word_1_138' title='bbox 1055 1779 1275 1863; x_wconf 79' lang='lat' dir='ltr'><strong>Patrignoneu</strong></span> <span class='ocrx_word' id='word_1_139' title='bbox 1299 1790 1332 1842; x_wconf 92' lang='lat' dir='ltr'><strong>et</strong></span> <span class='ocrx_word' id='word_1_140' title='bbox 1354 1779 1466 1843; x_wconf 86' lang='lat' dir='ltr'><strong>Monte</strong></span> <span class='ocrx_word' id='word_1_141' title='bbox 1487 1779 1573 1843; x_wconf 91' lang='lat' dir='ltr'><strong>bono</strong></span> <span class='ocrx_word' id='word_1_142' title='bbox 1596 1818 1641 1827; x_wconf 92' lang='lat'>-</span> <span class='ocrx_word' id='word_1_143' title='bbox 1665 1791 1743 1842; x_wconf 81' lang='lat' dir='ltr'><strong>seuv</strong></span> <span class='ocrx_word' id='word_1_144' title='bbox 1766 1780 1799 1842; x_wconf 91' lang='lat' dir='ltr'><strong>in</strong></span> <span class='ocrx_word' id='word_1_145' title='bbox 1823 1778 1896 1842; x_wconf 88' lang='lat' dir='ltr'><strong>aliis</strong></span> <span class='ocrx_word' id='word_1_146' title='bbox 1919 1778 2069 1842; x_wconf 91' lang='lat' dir='ltr'><strong>omnibus</strong></span> <span class='ocrx_word' id='word_1_147' title='bbox 2091 1778 2181 1845; x_wconf 84' lang='lat' dir='ltr'><strong>locis.</strong></span> 
     </span>
     <span class='ocr_line' id='line_1_14' title="bbox 530 1883 2183 1973; baseline -0.003 -22"><span class='ocrx_word' id='word_1_148' title='bbox 530 1909 593 1973; x_wconf 90' lang='lat' dir='ltr'><strong>que</strong></span> <span class='ocrx_word' id='word_1_149' title='bbox 617 1887 683 1950; x_wconf 90' lang='lat' dir='ltr'><strong>iam</strong></span> <span class='ocrx_word' id='word_1_150' title='bbox 706 1885 794 1950; x_wconf 92' lang='lat' dir='ltr'><strong>dicto</strong></span> <span class='ocrx_word' id='word_1_151' title='bbox 818 1883 956 1950; x_wconf 91' lang='lat' dir='ltr'><strong>cenobio</strong></span> <span class='ocrx_word' id='word_1_152' title='bbox 980 1886 1085 1948; x_wconf 90' lang='lat' dir='ltr'><strong>sancti</strong></span> <span class='ocrx_word' id='word_1_153' title='bbox 1104 1885 1194 1949; x_wconf 91' lang='lat' dir='ltr'><strong>Petri</strong></span> <span class='ocrx_word' id='word_1_154' title='bbox 1217 1886 1381 1970; x_wconf 88' lang='lat' dir='ltr'><strong>pertinere</strong></span> <span class='ocrx_word' id='word_1_155' title='bbox 1405 1897 1590 1966; x_wconf 77' lang='lat' dir='ltr'><strong>cernuntur,</strong></span> <span class='ocrx_word' id='word_1_156' title='bbox 1614 1885 1669 1949; x_wconf 91' lang='lat' dir='ltr'><strong>illo</strong></span> <span class='ocrx_word' id='word_1_157' title='bbox 1692 1887 1727 1948; x_wconf 91' lang='lat' dir='ltr'><strong>in</strong></span> <span class='ocrx_word' id='word_1_158' title='bbox 1749 1886 1916 1971; x_wconf 90' lang='lat' dir='ltr'><strong>proprium</strong></span> <span class='ocrx_word' id='word_1_159' title='bbox 1939 1883 2183 1963; x_wconf 81' lang='lat' dir='ltr'><strong>corroboramus</strong></span> 
     </span>
     <span class='ocr_line' id='line_1_15' title="bbox 532 1990 2183 2083; baseline -0.002 -26"><span class='ocrx_word' id='word_1_160' title='bbox 532 1992 615 2083; x_wconf 77' lang='lat' dir='ltr'><strong>[et]w</strong></span> <span class='ocrx_word' id='word_1_161' title='bbox 637 2015 697 2078; x_wconf 91' lang='lat' dir='ltr'><strong>per</strong></span> <span class='ocrx_word' id='word_1_162' title='bbox 720 1992 951 2072; x_wconf 89' lang='lat' dir='ltr'><strong>hocnostrum</strong></span> <span class='ocrx_word' id='word_1_163' title='bbox 974 1990 1142 2076; x_wconf 86' lang='lat' dir='ltr'><strong>imperiale</strong></span> <span class='ocrx_word' id='word_1_164' title='bbox 1173 2004 1364 2078; x_wconf 82' lang='lat' dir='ltr'><strong>preceptum</strong></span> <span class='ocrx_word' id='word_1_165' title='bbox 1394 1991 1604 2056; x_wconf 85' lang='lat' dir='ltr'><strong>concedimus</strong></span> <span class='ocrx_word' id='word_1_166' title='bbox 1633 2004 1666 2055; x_wconf 92' lang='lat' dir='ltr'><strong>et</strong></span> <span class='ocrx_word' id='word_1_167' title='bbox 1688 1992 1927 2056; x_wconf 87' lang='lat' dir='ltr'><strong>confirmamus.</strong></span> <span class='ocrx_word' id='word_1_168' title='bbox 1973 1991 2045 2055; x_wconf 92' lang='lat' dir='ltr'><strong>Hec</strong></span> <span class='ocrx_word' id='word_1_169' title='bbox 2076 1990 2183 2054; x_wconf 88' lang='lat' dir='ltr'><strong>omnia</strong></span> 
     </span>
     <span class='ocr_line' id='line_1_16' title="bbox 530 2096 2225 2185; baseline -0.003 -22"><span class='ocrx_word' id='word_1_170' title='bbox 530 2099 655 2185; x_wconf 89' lang='lat' dir='ltr'><strong>predia,</strong></span> <span class='ocrx_word' id='word_1_171' title='bbox 686 2107 771 2184; x_wconf 86' lang='lat' dir='ltr'><strong>que¹</strong></span> <span class='ocrx_word' id='word_1_172' title='bbox 793 2098 876 2161; x_wconf 89' lang='lat' dir='ltr'><strong>iuste</strong></span> <span class='ocrx_word' id='word_1_173' title='bbox 901 2108 934 2160; x_wconf 92' lang='lat' dir='ltr'><strong>et</strong></span> <span class='ocrx_word' id='word_1_174' title='bbox 956 2096 1105 2182; x_wconf 79' lang='lat' dir='ltr'><strong>legaliter</strong></span> <span class='ocrx_word' id='word_1_175' title='bbox 1134 2109 1233 2177; x_wconf 78' lang='lat' dir='ltr'><strong>tenet,</strong></span> <span class='ocrx_word' id='word_1_176' title='bbox 1264 2121 1326 2162; x_wconf 89' lang='lat' dir='ltr'><strong>ncc</strong></span> <span class='ocrx_word' id='word_1_177' title='bbox 1356 2121 1421 2162; x_wconf 92' lang='lat' dir='ltr'><strong>non</strong></span> <span class='ocrx_word' id='word_1_178' title='bbox 1452 2122 1526 2162; x_wconf 91' lang='lat' dir='ltr'><strong>cum</strong></span> <span class='ocrx_word' id='word_1_179' title='bbox 1557 2097 1707 2162; x_wconf 91' lang='lat' dir='ltr'><strong>omnibus</strong></span> <span class='ocrx_word' id='word_1_180' title='bbox 1737 2097 1846 2180; x_wconf 88' lang='lat' dir='ltr'><strong>rebus,</strong></span> <span class='ocrx_word' id='word_1_181' title='bbox 1867 2102 1951 2162; x_wconf 83' lang='lat' dir='ltr'><strong>&#39;cum</strong></span> <span class='ocrx_word' id='word_1_182' title='bbox 1982 2097 2122 2162; x_wconf 81' lang='lat' dir='ltr'><strong>castellis</strong></span> <span class='ocrx_word' id='word_1_183' title='bbox 2151 2112 2183 2160; x_wconf 88' lang='lat' dir='ltr'><strong>et</strong></span> <span class='ocrx_word' id='word_1_184' title='bbox 2201 2119 2225 2157; x_wconf 82' lang='lat' dir='ltr'><strong>n</strong></span> 
     </span>
     <span class='ocr_line' id='line_1_17' title="bbox 529 2202 2183 2291; baseline -0.002 -22"><span class='ocrx_word' id='word_1_185' title='bbox 529 2204 616 2269; x_wconf 81' lang='lat' dir='ltr'><strong>villis</strong></span> <span class='ocrx_word' id='word_1_186' title='bbox 639 2205 742 2291; x_wconf 87' lang='lat' dir='ltr'><strong>pratis</strong></span> <span class='ocrx_word' id='word_1_187' title='bbox 765 2204 897 2290; x_wconf 87' lang='lat' dir='ltr'><strong>pascuis</strong></span> <span class='ocrx_word' id='word_1_188' title='bbox 921 2202 1011 2267; x_wconf 89' lang='lat' dir='ltr'><strong>silvis</strong></span> <span class='ocrx_word' id='word_1_189' title='bbox 1034 2202 1199 2267; x_wconf 91' lang='lat' dir='ltr'><strong>montibus</strong></span> <span class='ocrx_word' id='word_1_190' title='bbox 1223 2203 1364 2268; x_wconf 84' lang='lat' dir='ltr'><strong>vallibus</strong></span> <span class='ocrx_word' id='word_1_191' title='bbox 1383 2203 1587 2290; x_wconf 83' lang='lat' dir='ltr'><strong>planiciebus</strong></span> <span class='ocrx_word' id='word_1_192' title='bbox 1607 2206 1700 2290; x_wconf 88' lang='lat' dir='ltr'><strong>aquis</strong></span> <span class='ocrx_word' id='word_1_193' title='bbox 1724 2214 1968 2290; x_wconf 74' lang='lat' dir='ltr'><strong>aquarumquey</strong></span> <span class='ocrx_word' id='word_1_194' title='bbox 1992 2202 2183 2268; x_wconf 85' lang='lat' dir='ltr'><strong>decursibus</strong></span> 
     </span>
     <span class='ocr_line' id='line_1_18' title="bbox 530 2309 2183 2397; baseline -0.001 -22"><span class='ocrx_word' id='word_1_195' title='bbox 530 2310 766 2397; x_wconf 89' lang='lat' dir='ltr'><strong>piscationibus</strong></span> <span class='ocrx_word' id='word_1_196' title='bbox 796 2309 990 2374; x_wconf 87' lang='lat' dir='ltr'><strong>molendinis</strong></span> <span class='ocrx_word' id='word_1_197' title='bbox 1021 2312 1117 2374; x_wconf 90' lang='lat' dir='ltr'><strong>terris</strong></span> <span class='ocrx_word' id='word_1_198' title='bbox 1148 2309 1243 2374; x_wconf 89' lang='lat' dir='ltr'><strong>cultis</strong></span> <span class='ocrx_word' id='word_1_199' title='bbox 1275 2322 1307 2374; x_wconf 91' lang='lat' dir='ltr'><strong>et</strong></span> <span class='ocrx_word' id='word_1_200' title='bbox 1330 2309 1461 2374; x_wconf 90' lang='lat' dir='ltr'><strong>incultis</strong></span> <span class='ocrx_word' id='word_1_201' title='bbox 1484 2311 1565 2396; x_wconf 85' lang='lat' dir='ltr'><strong>ripis</strong></span> <span class='ocrx_word' id='word_1_202' title='bbox 1588 2309 1735 2396; x_wconf 90' lang='lat' dir='ltr'><strong>portibus</strong></span> <span class='ocrx_word' id='word_1_203' title='bbox 1758 2333 1873 2375; x_wconf 81' lang='lat' dir='ltr'><strong>verum</strong></span> <span class='ocrx_word' id='word_1_204' title='bbox 1899 2312 1997 2374; x_wconf 87' lang='lat' dir='ltr'><strong>etiam</strong></span> <span class='ocrx_word' id='word_1_205' title='bbox 2021 2334 2094 2375; x_wconf 90' lang='lat' dir='ltr'><strong>cum</strong></span> <span class='ocrx_word' id='word_1_206' title='bbox 2118 2333 2183 2374; x_wconf 92' lang='lat' dir='ltr'><strong>orn·</strong></span> 
     </span>
     <span class='ocr_line' id='line_1_19' title="bbox 531 2414 2183 2502; baseline 0 -22"><span class='ocrx_word' id='word_1_207' title='bbox 531 2415 638 2499; x_wconf 80' lang='lat' dir='ltr'><strong>nibus,</strong></span> <span class='ocrx_word' id='word_1_208' title='bbox 663 2417 703 2480; x_wconf 91' lang='lat' dir='ltr'><strong>de</strong></span> <span class='ocrx_word' id='word_1_209' title='bbox 728 2415 846 2502; x_wconf 90' lang='lat' dir='ltr'><strong>quibus</strong></span> <span class='ocrx_word' id='word_1_210' title='bbox 869 2414 1058 2480; x_wconf 81' lang='lat' dir='ltr'><strong>venerabile</strong></span> <span class='ocrx_word' id='word_1_211' title='bbox 1082 2414 1256 2480; x_wconf 88' lang='lat' dir='ltr'><strong>cenobium</strong></span> <span class='ocrx_word' id='word_1_212' title='bbox 1279 2417 1363 2480; x_wconf 91' lang='lat' dir='ltr'><strong>iuste</strong></span> <span class='ocrx_word' id='word_1_213' title='bbox 1388 2418 1614 2480; x_wconf 81' lang='lat' dir='ltr'><strong>investituram</strong></span> <span class='ocrx_word' id='word_1_214' title='bbox 1637 2415 1746 2495; x_wconf 85' lang='lat' dir='ltr'><strong>habet,</strong></span> <span class='ocrx_word' id='word_1_215' title='bbox 1780 2440 1853 2481; x_wconf 87' lang='lat' dir='ltr'><strong>cum</strong></span> <span class='ocrx_word' id='word_1_216' title='bbox 1877 2419 1981 2482; x_wconf 82' lang='lat' dir='ltr'><strong>serris</strong></span> <span class='ocrx_word' id='word_1_217' title='bbox 2005 2429 2037 2481; x_wconf 89' lang='lat' dir='ltr'><strong>et</strong></span> <span class='ocrx_word' id='word_1_218' title='bbox 2059 2416 2183 2481; x_wconf 90' lang='lat' dir='ltr'><strong>ancillis</strong></span> 
     </span>
     <span class='ocr_line' id='line_1_20' title="bbox 532 2521 2184 2609; baseline -0.001 -22"><span class='ocrx_word' id='word_1_219' title='bbox 532 2523 671 2588; x_wconf 85' lang='lat' dir='ltr'><strong>aldianis</strong></span> <span class='ocrx_word' id='word_1_220' title='bbox 695 2534 728 2587; x_wconf 91' lang='lat' dir='ltr'><strong>et</strong></span> <span class='ocrx_word' id='word_1_221' title='bbox 751 2521 901 2587; x_wconf 82' lang='lat' dir='ltr'><strong>aldiabus</strong></span> <span class='ocrx_word' id='word_1_222' title='bbox 925 2522 1060 2608; x_wconf 87' lang='lat' dir='ltr'><strong>capellis</strong></span> <span class='ocrx_word' id='word_1_223' title='bbox 1084 2524 1233 2586; x_wconf 85' lang='lat' dir='ltr'><strong>oratoriis</strong></span> <span class='ocrx_word' id='word_1_224' title='bbox 1252 2522 1338 2586; x_wconf 88' lang='lat' dir='ltr'><strong>villis</strong></span> <span class='ocrx_word' id='word_1_225' title='bbox 1361 2525 1482 2586; x_wconf 90' lang='lat' dir='ltr'><strong>mansis</strong></span> <span class='ocrx_word' id='word_1_226' title='bbox 1507 2546 1565 2587; x_wconf 90' lang='lat' dir='ltr'><strong>scu</strong></span> <span class='ocrx_word' id='word_1_227' title='bbox 1588 2546 1793 2609; x_wconf 87' lang='lat' dir='ltr'><strong>quecumque</strong></span> <span class='ocrx_word' id='word_1_228' title='bbox 1818 2525 1998 2609; x_wconf 85' lang='lat' dir='ltr'><strong>scriptura²</strong></span> <span class='ocrx_word' id='word_1_229' title='bbox 2022 2536 2184 2588; x_wconf 71' lang='lat' dir='ltr'><strong>cumanus</strong></span> 
     </span>
     <span class='ocr_line' id='line_1_21' title="bbox 531 2628 2227 2715; baseline -0.001 -21"><span class='ocrx_word' id='word_1_230' title='bbox 531 2628 630 2694; x_wconf 90' lang='lat' dir='ltr'><strong>babet</strong></span> <span class='ocrx_word' id='word_1_231' title='bbox 665 2630 893 2695; x_wconf 89' lang='lat' dir='ltr'><strong>confirmamus</strong></span> <span class='ocrx_word' id='word_1_232' title='bbox 927 2629 1059 2715; x_wconf 88' lang='lat' dir='ltr'><strong>quidem</strong></span> <span class='ocrx_word' id='word_1_233' title='bbox 1094 2640 1127 2693; x_wconf 91' lang='lat' dir='ltr'><strong>et</strong></span> <span class='ocrx_word' id='word_1_234' title='bbox 1161 2629 1398 2692; x_wconf 75' lang='lat' dir='ltr'><strong>firmissimam⁸</strong></span> <span class='ocrx_word' id='word_1_235' title='bbox 1432 2629 1626 2693; x_wconf 85' lang='lat' dir='ltr'><strong>traditioneb</strong></span> <span class='ocrx_word' id='word_1_236' title='bbox 1659 2629 1814 2715; x_wconf 86' lang='lat' dir='ltr'><strong>largimur</strong></span> <span class='ocrx_word' id='word_1_237' title='bbox 1848 2630 1954 2694; x_wconf 91' lang='lat' dir='ltr'><strong>eidem</strong></span> <span class='ocrx_word' id='word_1_238' title='bbox 1989 2631 2184 2694; x_wconf 88' lang='lat' dir='ltr'><strong>monasterio</strong></span> <span class='ocrx_word' id='word_1_239' title='bbox 2201 2652 2227 2689; x_wconf 81' lang='lat' dir='ltr'><strong>su</strong></span> 
     </span>
     <span class='ocr_line' id='line_1_22' title="bbox 532 2734 2185 2822; baseline -0.001 -22"><span class='ocrx_word' id='word_1_240' title='bbox 532 2737 636 2800; x_wconf 88' lang='lat' dir='ltr'><strong>sancti</strong></span> <span class='ocrx_word' id='word_1_241' title='bbox 660 2736 750 2800; x_wconf 90' lang='lat' dir='ltr'><strong>Petri</strong></span> <span class='ocrx_word' id='word_1_242' title='bbox 773 2736 931 2821; x_wconf 90' lang='lat' dir='ltr'><strong>principis</strong></span> <span class='ocrx_word' id='word_1_243' title='bbox 956 2735 1198 2821; x_wconf 89' lang='lat' dir='ltr'><strong>appostolorum</strong></span> <span class='ocrx_word' id='word_1_244' title='bbox 1229 2759 1304 2799; x_wconf 86' lang='lat' dir='ltr'><strong>cum</strong></span> <span class='ocrx_word' id='word_1_245' title='bbox 1335 2734 1485 2799; x_wconf 87' lang='lat' dir='ltr'><strong>omnibus</strong></span> <span class='ocrx_word' id='word_1_246' title='bbox 1516 2738 1720 2822; x_wconf 88' lang='lat' dir='ltr'><strong>pertinentiis</strong></span> <span class='ocrx_word' id='word_1_247' title='bbox 1750 2750 1782 2800; x_wconf 90' lang='lat' dir='ltr'><strong>et</strong></span> <span class='ocrx_word' id='word_1_248' title='bbox 1805 2736 1998 2801; x_wconf 88' lang='lat' dir='ltr'><strong>adiacentiis</strong></span> <span class='ocrx_word' id='word_1_249' title='bbox 2022 2738 2089 2799; x_wconf 89' lang='lat' dir='ltr'><strong>suis</strong></span> <span class='ocrx_word' id='word_1_250' title='bbox 2119 2748 2185 2799; x_wconf 92' lang='lat' dir='ltr'><strong>tam</strong></span> 
     </span>
     <span class='ocr_line' id='line_1_23' title="bbox 531 2840 2184 2929; baseline 0 -24"><span class='ocrx_word' id='word_1_251' title='bbox 531 2842 617 2905; x_wconf 89' lang='lat' dir='ltr'><strong>infra</strong></span> <span class='ocrx_word' id='word_1_252' title='bbox 641 2843 806 2906; x_wconf 89' lang='lat' dir='ltr'><strong>civitatem</strong></span> <span class='ocrx_word' id='word_1_253' title='bbox 830 2841 1035 2905; x_wconf 79' lang='lat' dir='ltr'><strong>Lucenseme</strong></span> <span class='ocrx_word' id='word_1_254' title='bbox 1060 2840 1114 2905; x_wconf 85' lang='lat' dir='ltr'><strong>vel</strong></span> <span class='ocrx_word' id='word_1_255' title='bbox 1137 2842 1307 2904; x_wconf 91' lang='lat' dir='ltr'><strong>Pisensem</strong></span> <span class='ocrx_word' id='word_1_256' title='bbox 1339 2842 1457 2927; x_wconf 82' lang='lat' dir='ltr'><strong>quamd</strong></span> <span class='ocrx_word' id='word_1_257' title='bbox 1481 2842 1521 2905; x_wconf 89' lang='lat' dir='ltr'><strong>de</strong></span> <span class='ocrx_word' id='word_1_258' title='bbox 1552 2843 1630 2906; x_wconf 81' lang='lat' dir='ltr'><strong>foris</strong></span> <span class='ocrx_word' id='word_1_259' title='bbox 1660 2853 1745 2906; x_wconf 73' lang='lat' dir='ltr'><strong>una⁰</strong></span> <span class='ocrx_word' id='word_1_260' title='bbox 1769 2866 1842 2907; x_wconf 92' lang='lat' dir='ltr'><strong>cum</strong></span> <span class='ocrx_word' id='word_1_261' title='bbox 1873 2844 2079 2929; x_wconf 89' lang='lat' dir='ltr'><strong>pertinentiis</strong></span> <span class='ocrx_word' id='word_1_262' title='bbox 2108 2843 2184 2923; x_wconf 87' lang='lat' dir='ltr'><strong>suis,</strong></span> 
     </span>
     <span class='ocr_line' id='line_1_24' title="bbox 532 2947 2184 3035; baseline -0.001 -22"><span class='ocrx_word' id='word_1_263' title='bbox 532 2972 595 3035; x_wconf 89' lang='lat' dir='ltr'><strong>que</strong></span> <span class='ocrx_word' id='word_1_264' title='bbox 633 2947 754 3012; x_wconf 89' lang='lat' dir='ltr'><strong>babere</strong></span> <span class='ocrx_word' id='word_1_265' title='bbox 793 2960 825 3012; x_wconf 93' lang='lat' dir='ltr'><strong>et</strong></span> <span class='ocrx_word' id='word_1_266' title='bbox 862 2960 974 3012; x_wconf 90' lang='lat' dir='ltr'><strong>tenere</strong></span> <span class='ocrx_word' id='word_1_267' title='bbox 1012 2947 1160 3012; x_wconf 74' lang='lat' dir='ltr'><strong>videtur‘</strong></span> <span class='ocrx_word' id='word_1_268' title='bbox 1193 2958 1249 3011; x_wconf 89' lang='lat' dir='ltr'><strong>aut</strong></span> <span class='ocrx_word' id='word_1_269' title='bbox 1286 2950 1417 3011; x_wconf 88' lang='lat' dir='ltr'><strong>inantea</strong></span> <span class='ocrx_word' id='word_1_270' title='bbox 1453 2948 1625 3034; x_wconf 86' lang='lat' dir='ltr'><strong>adquirere</strong></span> <span class='ocrx_word' id='word_1_271' title='bbox 1661 2948 1768 3013; x_wconf 88' lang='lat' dir='ltr'><strong>debet.</strong></span> <span class='ocrx_word' id='word_1_272' title='bbox 1821 2949 2046 3035; x_wconf 83' lang='lat' dir='ltr'><strong>Precipientes</strong></span> <span class='ocrx_word' id='word_1_273' title='bbox 2076 2950 2184 3035; x_wconf 83' lang='lat' dir='ltr'><strong>itaque</strong></span> 
     </span>
     <span class='ocr_line' id='line_1_25' title="bbox 532 3052 2184 3141; baseline 0.001 -23"><span class='ocrx_word' id='word_1_274' title='bbox 532 3052 691 3133; x_wconf 69' lang='lat' dir='ltr'><strong>iubemus</strong></span> <span class='ocrx_word' id='word_1_275' title='bbox 717 3066 753 3118; x_wconf 93' lang='lat' dir='ltr'><strong>ut</strong></span> <span class='ocrx_word' id='word_1_276' title='bbox 771 3054 878 3118; x_wconf 90' lang='lat' dir='ltr'><strong>nullus</strong></span> <span class='ocrx_word' id='word_1_277' title='bbox 898 3055 966 3118; x_wconf 83' lang='lat' dir='ltr'><strong>dux</strong></span> <span class='ocrx_word' id='word_1_278' title='bbox 985 3055 1160 3140; x_wconf 90' lang='lat' dir='ltr'><strong>episcopus</strong></span> <span class='ocrx_word' id='word_1_279' title='bbox 1176 3053 1322 3118; x_wconf 89' lang='lat' dir='ltr'><strong>marchio</strong></span> <span class='ocrx_word' id='word_1_280' title='bbox 1339 3077 1448 3118; x_wconf 90' lang='lat' dir='ltr'><strong>comes</strong></span> <span class='ocrx_word' id='word_1_281' title='bbox 1465 3057 1649 3118; x_wconf 86' lang='lat' dir='ltr'><strong>vicecomes</strong></span> <span class='ocrx_word' id='word_1_282' title='bbox 1664 3054 1824 3141; x_wconf 83' lang='lat' dir='ltr'><strong>gastaldio</strong></span> <span class='ocrx_word' id='word_1_283' title='bbox 1841 3055 2023 3120; x_wconf 90' lang='lat' dir='ltr'><strong>sculdascio</strong></span> <span class='ocrx_word' id='word_1_284' title='bbox 2040 3055 2184 3119; x_wconf 69' lang='lat' dir='ltr'><strong>decanog</strong></span> 
     </span>
     <span class='ocr_line' id='line_1_26' title="bbox 533 3159 2227 3247; baseline -0.002 -24"><span class='ocrx_word' id='word_1_285' title='bbox 533 3160 710 3247; x_wconf 85' lang='lat' dir='ltr'><strong>nullaqueh</strong></span> <span class='ocrx_word' id='word_1_286' title='bbox 733 3161 861 3246; x_wconf 89' lang='lat' dir='ltr'><strong>imperii</strong></span> <span class='ocrx_word' id='word_1_287' title='bbox 886 3161 987 3224; x_wconf 91' lang='lat' dir='ltr'><strong>nostri</strong></span> <span class='ocrx_word' id='word_1_288' title='bbox 1011 3183 1130 3245; x_wconf 79' lang='lat' dir='ltr'><strong>magna</strong></span> <span class='ocrx_word' id='word_1_289' title='bbox 1154 3183 1323 3246; x_wconf 85' lang='lat' dir='ltr'><strong>parvaque</strong></span> <span class='ocrx_word' id='word_1_290' title='bbox 1347 3184 1487 3246; x_wconf 89' lang='lat' dir='ltr'><strong>persona</strong></span> <span class='ocrx_word' id='word_1_291' title='bbox 1510 3162 1550 3225; x_wconf 91' lang='lat' dir='ltr'><strong>dc</strong></span> <span class='ocrx_word' id='word_1_292' title='bbox 1569 3160 1668 3225; x_wconf 90' lang='lat' dir='ltr'><strong>rebus</strong></span> <span class='ocrx_word' id='word_1_293' title='bbox 1686 3160 1861 3226; x_wconf 89' lang='lat' dir='ltr'><strong>mobilibus</strong></span> <span class='ocrx_word' id='word_1_294' title='bbox 1884 3163 1954 3225; x_wconf 83' lang='lat' dir='ltr'><strong>sive</strong></span> <span class='ocrx_word' id='word_1_295' title='bbox 1978 3159 2184 3226; x_wconf 88' lang='lat' dir='ltr'><strong>inmobilibus</strong></span> <span class='ocrx_word' id='word_1_296' title='bbox 2202 3181 2227 3220; x_wconf 81' lang='lat' dir='ltr'><strong>rs</strong></span> 
     </span>
     <span class='ocr_line' id='line_1_27' title="bbox 534 3266 2183 3353; baseline 0 -24"><span class='ocrx_word' id='word_1_297' title='bbox 534 3268 603 3329; x_wconf 89' lang='lat' dir='ltr'><strong>sive</strong></span> <span class='ocrx_word' id='word_1_298' title='bbox 628 3266 669 3329; x_wconf 91' lang='lat' dir='ltr'><strong>de</strong></span> <span class='ocrx_word' id='word_1_299' title='bbox 693 3266 838 3353; x_wconf 89' lang='lat' dir='ltr'><strong>qualibet</strong></span> <span class='ocrx_word' id='word_1_300' title='bbox 861 3280 949 3330; x_wconf 89' lang='lat' dir='ltr'><strong>terra</strong></span> <span class='ocrx_word' id='word_1_301' title='bbox 972 3266 1144 3330; x_wconf 83' lang='lat' dir='ltr'><strong>disvestire</strong></span> <span class='ocrx_word' id='word_1_302' title='bbox 1169 3267 1341 3330; x_wconf 87' lang='lat' dir='ltr'><strong>molestare</strong></span> <span class='ocrx_word' id='word_1_303' title='bbox 1365 3268 1565 3353; x_wconf 81' lang='lat' dir='ltr'><strong>inquietare¹</strong></span> <span class='ocrx_word' id='word_1_304' title='bbox 1588 3268 1698 3331; x_wconf 62' lang='lat' dir='ltr'><strong>idemk</strong></span> <span class='ocrx_word' id='word_1_305' title='bbox 1720 3267 1972 3331; x_wconf 58' lang='lat' dir='ltr'><strong>monentium*</strong></span> <span class='ocrx_word' id='word_1_306' title='bbox 1995 3270 2065 3332; x_wconf 91' lang='lat' dir='ltr'><strong>sine</strong></span> <span class='ocrx_word' id='word_1_307' title='bbox 2088 3266 2183 3353; x_wconf 84' lang='lat' dir='ltr'><strong>legali</strong></span> 
     </span>
     <span class='ocr_line' id='line_1_28' title="bbox 533 3372 2184 3461; baseline 0.001 -26"><span class='ocrx_word' id='word_1_308' title='bbox 533 3372 648 3437; x_wconf 91' lang='lat' dir='ltr'><strong>iuditio</strong></span> <span class='ocrx_word' id='word_1_309' title='bbox 671 3373 797 3437; x_wconf 86' lang='lat' dir='ltr'><strong>facere¹</strong></span> <span class='ocrx_word' id='word_1_310' title='bbox 819 3384 1022 3459; x_wconf 70' lang='lat' dir='ltr'><strong>presumatm.</strong></span> <span class='ocrx_word' id='word_1_311' title='bbox 1063 3373 1235 3436; x_wconf 76' lang='lat' dir='ltr'><strong>Sancimus</strong></span> <span class='ocrx_word' id='word_1_312' title='bbox 1259 3374 1392 3458; x_wconf 86' lang='lat' dir='ltr'><strong>insuper</strong></span> <span class='ocrx_word' id='word_1_313' title='bbox 1416 3384 1448 3437; x_wconf 83' lang='lat' dir='ltr'><strong>ct</strong></span> <span class='ocrx_word' id='word_1_314' title='bbox 1470 3373 1554 3437; x_wconf 77' lang='lat' dir='ltr'><strong>hac¹¹</strong></span> <span class='ocrx_word' id='word_1_315' title='bbox 1577 3386 1688 3438; x_wconf 91' lang='lat' dir='ltr'><strong>nostra</strong></span> <span class='ocrx_word' id='word_1_316' title='bbox 1710 3373 1871 3461; x_wconf 87' lang='lat' dir='ltr'><strong>imperiali</strong></span> <span class='ocrx_word' id='word_1_317' title='bbox 1894 3376 2087 3438; x_wconf 89' lang='lat' dir='ltr'><strong>auctoritate</strong></span> <span class='ocrx_word' id='word_1_318' title='bbox 2111 3397 2184 3437; x_wconf 87' lang='lat' dir='ltr'><strong>con·</strong></span> 
     </span>
     <span class='ocr_line' id='line_1_29' title="bbox 534 3479 2185 3566; baseline -0.001 -23"><span class='ocrx_word' id='word_1_319' title='bbox 534 3479 690 3559; x_wconf 84' lang='lat' dir='ltr'><strong>cedimus,</strong></span> <span class='ocrx_word' id='word_1_320' title='bbox 721 3490 766 3559; x_wconf 82' lang='lat' dir='ltr'><strong>ut,</strong></span> <span class='ocrx_word' id='word_1_321' title='bbox 797 3481 824 3543; x_wconf 92' lang='lat' dir='ltr'><strong>si</strong></span> <span class='ocrx_word' id='word_1_322' title='bbox 855 3481 1036 3564; x_wconf 83' lang='lat' dir='ltr'><strong>contigerit,</strong></span> <span class='ocrx_word' id='word_1_323' title='bbox 1068 3479 1156 3564; x_wconf 90' lang='lat' dir='ltr'><strong>quod</strong></span> <span class='ocrx_word' id='word_1_324' title='bbox 1180 3502 1257 3565; x_wconf 91' lang='lat' dir='ltr'><strong>sepe</strong></span> <span class='ocrx_word' id='word_1_325' title='bbox 1282 3480 1412 3557; x_wconf 86' lang='lat' dir='ltr'><strong>accidit,</strong></span> <span class='ocrx_word' id='word_1_326' title='bbox 1444 3492 1605 3566; x_wconf 86' lang='lat' dir='ltr'><strong>quatenus</strong></span> <span class='ocrx_word' id='word_1_327' title='bbox 1633 3480 1736 3544; x_wconf 86' lang='lat' dir='ltr'><strong>abbas</strong></span> <span class='ocrx_word' id='word_1_328' title='bbox 1759 3482 1975 3566; x_wconf 86' lang='lat' dir='ltr'><strong>prenominati</strong></span> <span class='ocrx_word' id='word_1_329' title='bbox 1998 3481 2185 3543; x_wconf 88' lang='lat' dir='ltr'><strong>monasterii</strong></span> 
     </span>
     <span class='ocr_line' id='line_1_30' title="bbox 533 3585 2184 3672; baseline 0.001 -24"><span class='ocrx_word' id='word_1_330' title='bbox 533 3585 629 3648; x_wconf 90' lang='lat' dir='ltr'><strong>huius</strong></span> <span class='ocrx_word' id='word_1_331' title='bbox 652 3585 734 3648; x_wconf 91' lang='lat' dir='ltr'><strong>lucis</strong></span> <span class='ocrx_word' id='word_1_332' title='bbox 757 3585 978 3650; x_wconf 89' lang='lat' dir='ltr'><strong>habitaculum</strong></span> <span class='ocrx_word' id='word_1_333' title='bbox 1003 3586 1143 3665; x_wconf 81' lang='lat' dir='ltr'><strong>deserat,</strong></span> <span class='ocrx_word' id='word_1_334' title='bbox 1168 3585 1266 3649; x_wconf 90' lang='lat' dir='ltr'><strong>liccat</strong></span> <span class='ocrx_word' id='word_1_335' title='bbox 1289 3585 1464 3650; x_wconf 89' lang='lat' dir='ltr'><strong>monachos</strong></span> <span class='ocrx_word' id='word_1_336' title='bbox 1485 3610 1525 3649; x_wconf 82' lang='lat' dir='ltr'><strong>cx</strong></span> <span class='ocrx_word' id='word_1_337' title='bbox 1546 3588 1620 3650; x_wconf 89' lang='lat' dir='ltr'><strong>sinu</strong></span> <span class='ocrx_word' id='word_1_338' title='bbox 1643 3587 1789 3651; x_wconf 87' lang='lat' dir='ltr'><strong>ciusdem</strong></span> <span class='ocrx_word' id='word_1_339' title='bbox 1813 3586 1952 3651; x_wconf 88' lang='lat' dir='ltr'><strong>ecclesie</strong></span> <span class='ocrx_word' id='word_1_340' title='bbox 1976 3609 2075 3672; x_wconf 91' lang='lat' dir='ltr'><strong>quem</strong></span> <span class='ocrx_word' id='word_1_341' title='bbox 2096 3585 2184 3650; x_wconf 92' lang='lat' dir='ltr'><strong>meli-</strong></span> 
     </span>
     <span class='ocr_line' id='line_1_31' title="bbox 534 3691 2227 3778; baseline -0.002 -23"><span class='ocrx_word' id='word_1_342' title='bbox 534 3714 624 3755; x_wconf 86' lang='lat' dir='ltr'><strong>orem</strong></span> <span class='ocrx_word' id='word_1_343' title='bbox 647 3692 789 3756; x_wconf 89' lang='lat' dir='ltr'><strong>viderint</strong></span> <span class='ocrx_word' id='word_1_344' title='bbox 812 3692 932 3778; x_wconf 87' lang='lat' dir='ltr'><strong>eligere</strong></span> <span class='ocrx_word' id='word_1_345' title='bbox 956 3693 990 3755; x_wconf 92' lang='lat' dir='ltr'><strong>in</strong></span> <span class='ocrx_word' id='word_1_346' title='bbox 1010 3702 1146 3778; x_wconf 79' lang='lat' dir='ltr'><strong>patrem,</strong></span> <span class='ocrx_word' id='word_1_347' title='bbox 1171 3693 1314 3755; x_wconf 90' lang='lat' dir='ltr'><strong>omniurn</strong></span> <span class='ocrx_word' id='word_1_348' title='bbox 1334 3695 1562 3778; x_wconf 84' lang='lat' dir='ltr'><strong>episcoporum</strong></span> <span class='ocrx_word' id='word_1_349' title='bbox 1581 3693 1634 3756; x_wconf 83' lang='lat' dir='ltr'><strong>vel</strong></span> <span class='ocrx_word' id='word_1_350' title='bbox 1654 3694 1797 3756; x_wconf 91' lang='lat' dir='ltr'><strong>omnium</strong></span> <span class='ocrx_word' id='word_1_351' title='bbox 1817 3693 1982 3757; x_wconf 89' lang='lat' dir='ltr'><strong>hominum</strong></span> <span class='ocrx_word' id='word_1_352' title='bbox 2002 3691 2183 3756; x_wconf 88' lang='lat' dir='ltr'><strong>mortalium</strong></span> <span class='ocrx_word' id='word_1_353' title='bbox 2201 3712 2227 3751; x_wconf 77' lang='lat' dir='ltr'><strong>ao</strong></span> 
     </span>
     <span class='ocr_line' id='line_1_32' title="bbox 534 3797 2184 3879; baseline -0.001 -17"><span class='ocrx_word' id='word_1_354' title='bbox 534 3797 790 3863; x_wconf 86' lang='lat' dir='ltr'><strong>contradictione</strong></span> <span class='ocrx_word' id='word_1_355' title='bbox 813 3808 967 3879; x_wconf 83' lang='lat' dir='ltr'><strong>remota0,</strong></span> <span class='ocrx_word' id='word_1_356' title='bbox 991 3820 1053 3861; x_wconf 92' lang='lat' dir='ltr'><strong>nec</strong></span> <span class='ocrx_word' id='word_1_357' title='bbox 1077 3798 1126 3861; x_wconf 85' lang='lat' dir='ltr'><strong>fas</strong></span> <span class='ocrx_word' id='word_1_358' title='bbox 1151 3799 1192 3862; x_wconf 92' lang='lat' dir='ltr'><strong>sit</strong></span> <span class='ocrx_word' id='word_1_359' title='bbox 1215 3797 1314 3861; x_wconf 91' lang='lat' dir='ltr'><strong>alicui</strong></span> <span class='ocrx_word' id='word_1_360' title='bbox 1337 3799 1496 3863; x_wconf 88' lang='lat' dir='ltr'><strong>monacho</strong></span> <span class='ocrx_word' id='word_1_361' title='bbox 1521 3822 1563 3862; x_wconf 85' lang='lat' dir='ltr'><strong>ex</strong></span> <span class='ocrx_word' id='word_1_362' title='bbox 1587 3799 1650 3863; x_wconf 88' lang='lat' dir='ltr'><strong>alio</strong></span> <span class='ocrx_word' id='word_1_363' title='bbox 1673 3800 1869 3863; x_wconf 89' lang='lat' dir='ltr'><strong>monasterio</strong></span> <span class='ocrx_word' id='word_1_364' title='bbox 1893 3797 1993 3861; x_wconf 87' lang='lat' dir='ltr'><strong>adid</strong></span> <span class='ocrx_word' id='word_1_365' title='bbox 2016 3799 2184 3861; x_wconf 89' lang='lat' dir='ltr'><strong>transitum</strong></span> 
     </span>
     <span class='ocr_line' id='line_1_33' title="bbox 533 3903 2184 3991; baseline -0.001 -22"><span class='ocrx_word' id='word_1_366' title='bbox 533 3905 642 3969; x_wconf 90' lang='lat' dir='ltr'><strong>facere</strong></span> <span class='ocrx_word' id='word_1_367' title='bbox 666 3907 736 3969; x_wconf 92' lang='lat' dir='ltr'><strong>sine</strong></span> <span class='ocrx_word' id='word_1_368' title='bbox 760 3906 925 3969; x_wconf 83' lang='lat' dir='ltr'><strong>voluntate</strong></span> <span class='ocrx_word' id='word_1_369' title='bbox 949 3903 1183 3968; x_wconf 88' lang='lat' dir='ltr'><strong>monachorum</strong></span> <span class='ocrx_word' id='word_1_370' title='bbox 1206 3903 1288 3968; x_wconf 91' lang='lat' dir='ltr'><strong>inibi</strong></span> <span class='ocrx_word' id='word_1_371' title='bbox 1311 3905 1373 3969; x_wconf 90' lang='lat' dir='ltr'><strong>deo</strong></span> <span class='ocrx_word' id='word_1_372' title='bbox 1397 3906 1609 3969; x_wconf 85' lang='lat' dir='ltr'><strong>servientium</strong></span> <span class='ocrx_word' id='word_1_373' title='bbox 1632 3906 1881 3991; x_wconf 87' lang='lat' dir='ltr'><strong>imperpetuum.</strong></span> <span class='ocrx_word' id='word_1_374' title='bbox 1921 3904 1956 3970; x_wconf 85' lang='lat' dir='ltr'><strong>Si</strong></span> <span class='ocrx_word' id='word_1_375' title='bbox 1981 3906 2054 3990; x_wconf 90' lang='lat' dir='ltr'><strong>quis</strong></span> <span class='ocrx_word' id='word_1_376' title='bbox 2077 3916 2184 3969; x_wconf 87' lang='lat' dir='ltr'><strong>autem</strong></span> 
     </span>
     <span class='ocr_line' id='line_1_34' title="bbox 533 4010 2183 4097; baseline -0.002 -22"><span class='ocrx_word' id='word_1_377' title='bbox 533 4012 628 4076; x_wconf 87' lang='lat' dir='ltr'><strong>huius</strong></span> <span class='ocrx_word' id='word_1_378' title='bbox 647 4024 755 4076; x_wconf 89' lang='lat' dir='ltr'><strong>nostre</strong></span> <span class='ocrx_word' id='word_1_379' title='bbox 775 4011 977 4097; x_wconf 84' lang='lat' dir='ltr'><strong>promulgate</strong></span> <span class='ocrx_word' id='word_1_380' title='bbox 997 4011 1198 4075; x_wconf 84' lang='lat' dir='ltr'><strong>auctoritatis</strong></span> <span class='ocrx_word' id='word_1_381' title='bbox 1219 4022 1251 4074; x_wconf 88' lang='lat' dir='ltr'><strong>et</strong></span> <span class='ocrx_word' id='word_1_382' title='bbox 1270 4013 1454 4096; x_wconf 76' lang='lat' dir='ltr'><strong>preceptisr</strong></span> <span class='ocrx_word' id='word_1_383' title='bbox 1473 4011 1612 4075; x_wconf 82' lang='lat' dir='ltr'><strong>violator</strong></span> <span class='ocrx_word' id='word_1_384' title='bbox 1630 4013 1773 4075; x_wconf 81' lang='lat' dir='ltr'><strong>extiterit</strong></span> <span class='ocrx_word' id='word_1_385' title='bbox 1792 4012 1861 4074; x_wconf 84' lang='lat' dir='ltr'><strong>sive</strong></span> <span class='ocrx_word' id='word_1_386' title='bbox 1880 4010 2027 4097; x_wconf 87' lang='lat' dir='ltr'><strong>predicte</strong></span> <span class='ocrx_word' id='word_1_387' title='bbox 2047 4010 2183 4074; x_wconf 86' lang='lat' dir='ltr'><strong>ecclesie</strong></span> 
     </span>
     <span class='ocr_line' id='line_1_35' title="bbox 533 4116 2183 4204; baseline -0.002 -22"><span class='ocrx_word' id='word_1_388' title='bbox 533 4121 638 4182; x_wconf 90' lang='lat' dir='ltr'><strong>sancti</strong></span> <span class='ocrx_word' id='word_1_389' title='bbox 668 4120 756 4182; x_wconf 86' lang='lat' dir='ltr'><strong>Petri</strong></span> <span class='ocrx_word' id='word_1_390' title='bbox 787 4119 1035 4181; x_wconf 88' lang='lat' dir='ltr'><strong>minorationem</strong></span> <span class='ocrx_word' id='word_1_391' title='bbox 1065 4118 1173 4181; x_wconf 87' lang='lat' dir='ltr'><strong>facere</strong></span> <span class='ocrx_word' id='word_1_392' title='bbox 1204 4128 1260 4180; x_wconf 90' lang='lat' dir='ltr'><strong>aut</strong></span> <span class='ocrx_word' id='word_1_393' title='bbox 1290 4119 1323 4180; x_wconf 90' lang='lat' dir='ltr'><strong>in</strong></span> <span class='ocrx_word' id='word_1_394' title='bbox 1359 4117 1501 4181; x_wconf 87' lang='lat' dir='ltr'><strong>castellis</strong></span> <span class='ocrx_word' id='word_1_395' title='bbox 1531 4118 1617 4181; x_wconf 80' lang='lat' dir='ltr'><strong>villis</strong></span> <span class='ocrx_word' id='word_1_396' title='bbox 1648 4118 1701 4182; x_wconf 84' lang='lat' dir='ltr'><strong>vel</strong></span> <span class='ocrx_word' id='word_1_397' title='bbox 1732 4116 1976 4204; x_wconf 89' lang='lat' dir='ltr'><strong>aliquibuslibet</strong></span> <span class='ocrx_word' id='word_1_398' title='bbox 2005 4117 2085 4181; x_wconf 89' lang='lat' dir='ltr'><strong>loeis</strong></span> <span class='ocrx_word' id='word_1_399' title='bbox 2115 4119 2183 4181; x_wconf 89' lang='lat' dir='ltr'><strong>cius</strong></span> 
     </span>
     <span class='ocr_line' id='line_1_36' title="bbox 533 4222 2227 4310; baseline -0.003 -22"><span class='ocrx_word' id='word_1_400' title='bbox 533 4223 731 4309; x_wconf 71' lang='lat' dir='ltr'><strong>ambergam,</strong></span> <span class='ocrx_word' id='word_1_401' title='bbox 755 4223 911 4309; x_wconf 89' lang='lat' dir='ltr'><strong>placitum</strong></span> <span class='ocrx_word' id='word_1_402' title='bbox 936 4225 1005 4286; x_wconf 90' lang='lat' dir='ltr'><strong>sine</strong></span> <span class='ocrx_word' id='word_1_403' title='bbox 1030 4224 1176 4287; x_wconf 90' lang='lat' dir='ltr'><strong>eiusdem</strong></span> <span class='ocrx_word' id='word_1_404' title='bbox 1196 4222 1325 4287; x_wconf 90' lang='lat' dir='ltr'><strong>cenobii</strong></span> <span class='ocrx_word' id='word_1_405' title='bbox 1346 4222 1474 4287; x_wconf 87' lang='lat' dir='ltr'><strong>abbatis</strong></span> <span class='ocrx_word' id='word_1_406' title='bbox 1494 4225 1636 4289; x_wconf 88' lang='lat' dir='ltr'><strong>iussione</strong></span> <span class='ocrx_word' id='word_1_407' title='bbox 1656 4224 1818 4288; x_wconf 88' lang='lat' dir='ltr'><strong>ullatenus</strong></span> <span class='ocrx_word' id='word_1_408' title='bbox 1836 4236 1948 4287; x_wconf 90' lang='lat' dir='ltr'><strong>tenere</strong></span> <span class='ocrx_word' id='word_1_409' title='bbox 1967 4237 2023 4288; x_wconf 90' lang='lat' dir='ltr'><strong>aut</strong></span> <span class='ocrx_word' id='word_1_410' title='bbox 2043 4223 2184 4310; x_wconf 88' lang='lat' dir='ltr'><strong>aliquam</strong></span> <span class='ocrx_word' id='word_1_411' title='bbox 2201 4243 2227 4283; x_wconf 77' lang='lat' dir='ltr'><strong>as</strong></span> 
     </span>
     <span class='ocr_line' id='line_1_37' title="bbox 533 4328 2184 4416; baseline -0.002 -22"><span class='ocrx_word' id='word_1_412' title='bbox 533 4333 701 4416; x_wconf 84' lang='lat' dir='ltr'><strong>angariam</strong></span> <span class='ocrx_word' id='word_1_413' title='bbox 725 4329 777 4393; x_wconf 85' lang='lat' dir='ltr'><strong>vel</strong></span> <span class='ocrx_word' id='word_1_414' title='bbox 800 4329 966 4414; x_wconf 88' lang='lat' dir='ltr'><strong>publicam</strong></span> <span class='ocrx_word' id='word_1_415' title='bbox 990 4329 1169 4393; x_wconf 87' lang='lat' dir='ltr'><strong>funtionem</strong></span> <span class='ocrx_word' id='word_1_416' title='bbox 1197 4341 1253 4393; x_wconf 91' lang='lat' dir='ltr'><strong>aut</strong></span> <span class='ocrx_word' id='word_1_417' title='bbox 1279 4328 1487 4394; x_wconf 85' lang='lat' dir='ltr'><strong>theloneumq</strong></span> <span class='ocrx_word' id='word_1_418' title='bbox 1510 4342 1705 4416; x_wconf 81' lang='lat' dir='ltr'><strong>extorquere</strong></span> <span class='ocrx_word' id='word_1_419' title='bbox 1724 4330 1777 4393; x_wconf 80' lang='lat' dir='ltr'><strong>vel</strong></span> <span class='ocrx_word' id='word_1_420' title='bbox 1804 4330 1916 4395; x_wconf 90' lang='lat' dir='ltr'><strong>tollere</strong></span> <span class='ocrx_word' id='word_1_421' title='bbox 1935 4341 1991 4395; x_wconf 87' lang='lat' dir='ltr'><strong>aut</strong></span> <span class='ocrx_word' id='word_1_422' title='bbox 2009 4329 2184 4395; x_wconf 84' lang='lat' dir='ltr'><strong>monachos</strong></span> 
     </span>
     <span class='ocr_line' id='line_1_38' title="bbox 533 4434 2184 4522; baseline 0.001 -23"><span class='ocrx_word' id='word_1_423' title='bbox 533 4436 575 4499; x_wconf 91' lang='lat' dir='ltr'><strong>de</strong></span> <span class='ocrx_word' id='word_1_424' title='bbox 605 4435 716 4520; x_wconf 89' lang='lat' dir='ltr'><strong>aliqua</strong></span> <span class='ocrx_word' id='word_1_425' title='bbox 744 4458 780 4498; x_wconf 90' lang='lat' dir='ltr'><strong>re</strong></span> <span class='ocrx_word' id='word_1_426' title='bbox 811 4437 1045 4521; x_wconf 87' lang='lat' dir='ltr'><strong>presumpserit</strong></span> <span class='ocrx_word' id='word_1_427' title='bbox 1073 4435 1256 4517; x_wconf 83' lang='lat' dir='ltr'><strong>molestare,</strong></span> <span class='ocrx_word' id='word_1_428' title='bbox 1287 4437 1370 4500; x_wconf 89' lang='lat' dir='ltr'><strong>sciat</strong></span> <span class='ocrx_word' id='word_1_429' title='bbox 1400 4459 1434 4499; x_wconf 91' lang='lat' dir='ltr'><strong>se</strong></span> <span class='ocrx_word' id='word_1_430' title='bbox 1467 4438 1709 4522; x_wconf 90' lang='lat' dir='ltr'><strong>conpositurum</strong></span> <span class='ocrx_word' id='word_1_431' title='bbox 1741 4439 1811 4501; x_wconf 86' lang='lat' dir='ltr'><strong>auri</strong></span> <span class='ocrx_word' id='word_1_432' title='bbox 1843 4438 1920 4501; x_wconf 85' lang='lat' dir='ltr'><strong>cotti</strong></span> <span class='ocrx_word' id='word_1_433' title='bbox 1943 4434 2043 4500; x_wconf 90' lang='lat' dir='ltr'><strong>libras</strong></span> <span class='ocrx_word' id='word_1_434' title='bbox 2066 4435 2184 4513; x_wconf 76' lang='lat' dir='ltr'><strong>mille¹‚</strong></span> 
     </span>
     <span class='ocr_line' id='line_1_39' title="bbox 533 4540 2185 4629; baseline 0.001 -24"><span class='ocrx_word' id='word_1_435' title='bbox 533 4541 741 4605; x_wconf 88' lang='lat' dir='ltr'><strong>medietatem</strong></span> <span class='ocrx_word' id='word_1_436' title='bbox 765 4564 893 4605; x_wconf 86' lang='lat' dir='ltr'><strong>camere</strong></span> <span class='ocrx_word' id='word_1_437' title='bbox 918 4554 1026 4605; x_wconf 89' lang='lat' dir='ltr'><strong>nostre</strong></span> <span class='ocrx_word' id='word_1_438' title='bbox 1051 4552 1083 4605; x_wconf 88' lang='lat' dir='ltr'><strong>et</strong></span> <span class='ocrx_word' id='word_1_439' title='bbox 1105 4542 1313 4606; x_wconf 89' lang='lat' dir='ltr'><strong>medietatem</strong></span> <span class='ocrx_word' id='word_1_440' title='bbox 1337 4540 1448 4626; x_wconf 82' lang='lat' dir='ltr'><strong>abbati</strong></span> <span class='ocrx_word' id='word_1_441' title='bbox 1477 4543 1623 4607; x_wconf 88' lang='lat' dir='ltr'><strong>eiusdem</strong></span> <span class='ocrx_word' id='word_1_442' title='bbox 1646 4545 1834 4607; x_wconf 89' lang='lat' dir='ltr'><strong>monasterii</strong></span> <span class='ocrx_word' id='word_1_443' title='bbox 1865 4545 1920 4629; x_wconf 91' lang='lat' dir='ltr'><strong>qui</strong></span> <span class='ocrx_word' id='word_1_444' title='bbox 1951 4566 2010 4629; x_wconf 92' lang='lat' dir='ltr'><strong>pro</strong></span> <span class='ocrx_word' id='word_1_445' title='bbox 2040 4555 2185 4629; x_wconf 88' lang='lat' dir='ltr'><strong>tempore</strong></span> 
     </span>
    </p>
   </div>
   <div class='ocr_carea' id='block_1_3' title="bbox 605 4762 2231 5810">
    <p class='ocr_par' dir='ltr' id='par_1_3' title="bbox 605 4762 2231 5810">
     <span class='ocr_line' id='line_1_40' title="bbox 605 4762 2185 4833; baseline 0.001 -19"><span class='ocrx_word' id='word_1_446' title='bbox 605 4762 669 4818; x_wconf 74' lang='lat'><strong>285.</strong></span> <span class='ocrx_word' id='word_1_447' title='bbox 695 4763 721 4827; x_wconf 85' lang='lat' dir='ltr'><strong>s)</strong></span> <span class='ocrx_word' id='word_1_448' title='bbox 743 4762 932 4815; x_wconf 84' lang='lat' dir='ltr'><strong>AdheliuusS</strong></span> <span class='ocrx_word' id='word_1_449' title='bbox 1001 4766 1031 4831; x_wconf 74' lang='lat' dir='ltr'><strong>gl</strong></span> <span class='ocrx_word' id='word_1_450' title='bbox 1053 4768 1240 4816; x_wconf 88' lang='lat' dir='ltr'><strong>constructum</strong></span> <span class='ocrx_word' id='word_1_451' title='bbox 1252 4765 1301 4815; x_wconf 89' lang='grc' dir='ltr'><strong>ΒΕ</strong></span> <span class='ocrx_word' id='word_1_452' title='bbox 1333 4828 1336 4833; x_wconf 25' lang='lat'><em>⁴</em></span> <span class='ocrx_word' id='word_1_453' title='bbox 1371 4763 1399 4829; x_wconf 84' lang='lat' dir='ltr'><strong>b)</strong></span> <span class='ocrx_word' id='word_1_454' title='bbox 1418 4765 1485 4829; x_wconf 73' lang='lat' dir='ltr'><strong>fehlt</strong></span> <span class='ocrx_word' id='word_1_455' title='bbox 1505 4767 1533 4816; x_wconf 74' lang='lat' dir='ltr'><strong>in</strong></span> <span class='ocrx_word' id='word_1_456' title='bbox 1553 4765 1600 4816; x_wconf 88' lang='grc' dir='ltr'><strong>ΒΕ</strong></span> <span class='ocrx_word' id='word_1_457' title='bbox 1665 4765 1684 4831; x_wconf 82' lang='grc' dir='ltr'><strong>ί)</strong></span> <span class='ocrx_word' id='word_1_458' title='bbox 1705 4782 1720 4817; x_wconf 92' lang='lat' dir='ltr'><strong>c</strong></span> <span class='ocrx_word' id='word_1_459' title='bbox 1738 4767 1814 4827; x_wconf 81' lang='lat' dir='ltr'><strong>(oder</strong></span> <span class='ocrx_word' id='word_1_460' title='bbox 1833 4768 1861 4829; x_wconf 91' lang='lat' dir='ltr'><strong>e)</strong></span> <span class='ocrx_word' id='word_1_461' title='bbox 1880 4768 1928 4816; x_wconf 79' lang='lat' dir='ltr'><strong>mr&#39;t</strong></span> <span class='ocrx_word' id='word_1_462' title='bbox 1948 4766 2037 4817; x_wconf 64' lang='lat' dir='ltr'><strong>Lacte</strong></span> <span class='ocrx_word' id='word_1_463' title='bbox 2054 4767 2105 4829; x_wconf 64' lang='lat' dir='ltr'><strong>frtr</strong></span> <span class='ocrx_word' id='word_1_464' title='bbox 2121 4771 2185 4817; x_wconf 64' lang='lat' dir='ltr'><strong>aas</strong></span> 
     </span>
     <span class='ocr_line' id='line_1_41' title="bbox 694 4835 2229 4901; baseline 0 -15"><span class='ocrx_word' id='word_1_465' title='bbox 694 4840 711 4886; x_wconf 87' lang='lat'><strong><em>3</em></strong></span> <span class='ocrx_word' id='word_1_466' title='bbox 733 4835 905 4897; x_wconf 66' lang='lat' dir='ltr'><strong>suessam,</strong></span> <span class='ocrx_word' id='word_1_467' title='bbox 928 4836 1002 4886; x_wconf 79' lang='lat' dir='ltr'><strong>dana</strong></span> <span class='ocrx_word' id='word_1_468' title='bbox 1021 4835 1068 4885; x_wconf 77' lang='lat' dir='ltr'><strong>em</strong></span> <span class='ocrx_word' id='word_1_469' title='bbox 1085 4836 1125 4896; x_wconf 85' lang='grc' dir='ltr'><strong>Β,·</strong></span> <span class='ocrx_word' id='word_1_470' title='bbox 1150 4835 1223 4888; x_wconf 90' lang='lat' dir='ltr'><strong>enim</strong></span> <span class='ocrx_word' id='word_1_471' title='bbox 1242 4837 1277 4895; x_wconf 88' lang='lat' dir='ltr'><strong>S,·</strong></span> <span class='ocrx_word' id='word_1_472' title='bbox 1299 4841 1411 4900; x_wconf 70' lang='lat' dir='ltr'><strong>erydazt</strong></span> <span class='ocrx_word' id='word_1_473' title='bbox 1429 4836 1497 4887; x_wconf 67' lang='lat' dir='ltr'><strong>nach</strong></span> <span class='ocrx_word' id='word_1_474' title='bbox 1515 4836 1563 4887; x_wconf 76' lang='lat' dir='ltr'><strong>der</strong></span> <span class='ocrx_word' id='word_1_475' title='bbox 1583 4836 1878 4901; x_wconf 59' lang='lat' dir='ltr'><strong>Gsdnduaqsarknnde</strong></span> <span class='ocrx_word' id='word_1_476' title='bbox 1896 4852 1944 4888; x_wconf 81' lang='lat' dir='ltr'><strong>oon</strong></span> <span class='ocrx_word' id='word_1_477' title='bbox 1964 4840 2016 4888; x_wconf 74' lang='lat'><strong>754</strong></span> <span class='ocrx_word' id='word_1_478' title='bbox 2034 4836 2188 4899; x_wconf 76' lang='lat' dir='ltr'><strong>(Muraton&#39;</strong></span> <span class='ocrx_word' id='word_1_479' title='bbox 2202 4848 2229 4886; x_wconf 75' lang='grc' dir='ltr'><strong>ιο</strong></span> 
     </span>
     <span class='ocr_line' id='line_1_42' title="bbox 694 4904 2186 4975; baseline 0 -17"><span class='ocrx_word' id='word_1_480' title='bbox 694 4909 757 4959; x_wconf 78' lang='lat' dir='ltr'><strong>Ant.</strong></span> <span class='ocrx_word' id='word_1_481' title='bbox 771 4907 835 4958; x_wconf 81' lang='lat' dir='ltr'><strong>Ital.</strong></span> <span class='ocrx_word' id='word_1_482' title='bbox 849 4911 874 4967; x_wconf 87' lang='lat'><strong>5,</strong></span> <span class='ocrx_word' id='word_1_483' title='bbox 887 4909 978 4969; x_wconf 84' lang='lat'><em>1007),</em></span> <span class='ocrx_word' id='word_1_484' title='bbox 993 4922 1033 4957; x_wconf 82' lang='lat' dir='ltr'><strong>wo</strong></span> <span class='ocrx_word' id='word_1_485' title='bbox 1045 4906 1134 4958; x_wconf 85' lang='lat' dir='ltr'><strong>casale</strong></span> <span class='ocrx_word' id='word_1_486' title='bbox 1146 4904 1283 4958; x_wconf 89' lang='lat' dir='ltr'><strong>Palatiolc</strong></span> <span class='ocrx_word' id='word_1_487' title='bbox 1295 4908 1362 4958; x_wconf 81' lang='lat' dir='ltr'><strong>steht</strong></span> <span class='ocrx_word' id='word_1_488' title='bbox 1410 4906 1438 4971; x_wconf 81' lang='lat' dir='ltr'><strong>k)</strong></span> <span class='ocrx_word' id='word_1_489' title='bbox 1457 4907 1496 4967; x_wconf 79' lang='lat' dir='ltr'><strong>B,-</strong></span> <span class='ocrx_word' id='word_1_490' title='bbox 1508 4906 1640 4958; x_wconf 87' lang='lat' dir='ltr'><strong>adiisscS</strong></span> <span class='ocrx_word' id='word_1_491' title='bbox 1686 4907 1706 4973; x_wconf 87' lang='lat' dir='ltr'><strong>l)</strong></span> <span class='ocrx_word' id='word_1_492' title='bbox 1726 4908 1760 4967; x_wconf 88' lang='lat' dir='ltr'><strong>S,·</strong></span> <span class='ocrx_word' id='word_1_493' title='bbox 1773 4906 1951 4960; x_wconf 88' lang='lat' dir='ltr'><strong>commictatn</strong></span> <span class='ocrx_word' id='word_1_494' title='bbox 1963 4907 1989 4958; x_wconf 90' lang='lat' dir='ltr'><em>B</em></span> <span class='ocrx_word' id='word_1_495' title='bbox 2036 4910 2076 4973; x_wconf 89' lang='grc' dir='ltr'>ιιι)</span> <span class='ocrx_word' id='word_1_496' title='bbox 2094 4905 2186 4975; x_wconf 86' lang='lat' dir='ltr'><strong>Popu-</strong></span> 
     </span>
     <span class='ocr_line' id='line_1_43' title="bbox 694 4975 2186 5045; baseline 0.001 -16"><span class='ocrx_word' id='word_1_497' title='bbox 694 4976 816 5029; x_wconf 89' lang='lat' dir='ltr'><strong>loniense</strong></span> <span class='ocrx_word' id='word_1_498' title='bbox 835 4978 897 5027; x_wconf 91' lang='lat' dir='ltr'><strong>S=</strong></span> <span class='ocrx_word' id='word_1_499' title='bbox 909 4978 970 5030; x_wconf 73' lang='grc' dir='ltr'><strong>ΝΠ.</strong></span> <span class='ocrx_word' id='word_1_500' title='bbox 1026 4980 1055 5041; x_wconf 86' lang='lat' dir='ltr'><strong>n)</strong></span> <span class='ocrx_word' id='word_1_501' title='bbox 1075 4977 1100 5027; x_wconf 92' lang='lat' dir='ltr'><strong><em>B</em></strong></span> <span class='ocrx_word' id='word_1_502' title='bbox 1154 4978 1230 5037; x_wconf 72' lang='lat' dir='ltr'><strong>Nu,-</strong></span> <span class='ocrx_word' id='word_1_503' title='bbox 1249 4975 1391 5028; x_wconf 86' lang='lat' dir='ltr'><strong>Oistorano</strong></span> <span class='ocrx_word' id='word_1_504' title='bbox 1404 4980 1426 5028; x_wconf 88' lang='lat' dir='ltr'><strong><em>S</em></strong></span> <span class='ocrx_word' id='word_1_505' title='bbox 1478 4982 1506 5041; x_wconf 89' lang='lat' dir='ltr'><strong>o)</strong></span> <span class='ocrx_word' id='word_1_506' title='bbox 1528 4978 1550 5028; x_wconf 87' lang='lat' dir='ltr'><strong><em>S</em></strong></span> <span class='ocrx_word' id='word_1_507' title='bbox 1561 5003 1590 5019; x_wconf 83' lang='lat'><strong>-=</strong></span> <span class='ocrx_word' id='word_1_508' title='bbox 1602 4978 1683 5037; x_wconf 70' lang='lat' dir='ltr'><strong>NU:</strong></span> <span class='ocrx_word' id='word_1_509' title='bbox 1702 4976 1893 5031; x_wconf 78' lang='lat' dir='ltr'><strong>Saluiamanici</strong></span> <span class='ocrx_word' id='word_1_510' title='bbox 1906 4979 1930 5030; x_wconf 98' lang='grc' dir='ltr'><em>Β</em></span> <span class='ocrx_word' id='word_1_511' title='bbox 1984 4980 2013 5045; x_wconf 75' lang='lat' dir='ltr'><strong>pl</strong></span> <span class='ocrx_word' id='word_1_512' title='bbox 2031 4978 2056 5029; x_wconf 95' lang='grc' dir='ltr'><em>Β</em></span> <span class='ocrx_word' id='word_1_513' title='bbox 2068 5004 2099 5021; x_wconf 94' lang='lat'><strong><em>=</em></strong></span> <span class='ocrx_word' id='word_1_514' title='bbox 2110 4978 2186 5036; x_wconf 64' lang='grc' dir='ltr'><strong>ΝΠ,-</strong></span> 
     </span>
     <span class='ocr_line' id='line_1_44' title="bbox 693 5046 2184 5116; baseline 0.001 -16"><span class='ocrx_word' id='word_1_515' title='bbox 693 5046 858 5116; x_wconf 76' lang='lat' dir='ltr'><strong>castagneto</strong></span> <span class='ocrx_word' id='word_1_516' title='bbox 871 5049 893 5099; x_wconf 90' lang='lat' dir='ltr'><strong><em>S</em></strong></span> <span class='ocrx_word' id='word_1_517' title='bbox 954 5050 982 5114; x_wconf 81' lang='lat' dir='ltr'><strong>q)</strong></span> <span class='ocrx_word' id='word_1_518' title='bbox 1005 5046 1145 5099; x_wconf 80' lang='lat' dir='ltr'><strong>Assaliceo</strong></span> <span class='ocrx_word' id='word_1_519' title='bbox 1159 5050 1194 5107; x_wconf 83' lang='lat' dir='ltr'><strong>S‚·</strong></span> <span class='ocrx_word' id='word_1_520' title='bbox 1213 5047 1356 5100; x_wconf 82' lang='lat' dir='ltr'><strong>Ausilaotc</strong></span> <span class='ocrx_word' id='word_1_521' title='bbox 1369 5049 1431 5102; x_wconf 72' lang='grc' dir='ltr'><strong>ΝΠ.</strong></span> <span class='ocrx_word' id='word_1_522' title='bbox 1496 5050 1521 5115; x_wconf 83' lang='lat' dir='ltr'><strong>r)</strong></span> <span class='ocrx_word' id='word_1_523' title='bbox 1541 5049 1562 5100; x_wconf 92' lang='grc' dir='ltr'><em>Ε</em></span> <span class='ocrx_word' id='word_1_524' title='bbox 1574 5074 1605 5091; x_wconf 91' lang='lat'><strong><em>=</em></strong></span> <span class='ocrx_word' id='word_1_525' title='bbox 1620 5050 1650 5100; x_wconf 91' lang='lat' dir='ltr'><em>N</em></span> <span class='ocrx_word' id='word_1_526' title='bbox 1653 5049 1683 5102; x_wconf 73' lang='lat' dir='ltr'><strong>L&#39;.</strong></span> <span class='ocrx_word' id='word_1_527' title='bbox 1689 5068 1699 5110; x_wconf 87' lang='lat'><strong>,·</strong></span> <span class='ocrx_word' id='word_1_528' title='bbox 1717 5047 1803 5101; x_wconf 91' lang='lat' dir='ltr'><strong>Porto</strong></span> <span class='ocrx_word' id='word_1_529' title='bbox 1815 5050 1879 5100; x_wconf 78' lang='lat' dir='ltr'><strong>oder</strong></span> <span class='ocrx_word' id='word_1_530' title='bbox 1890 5047 1971 5101; x_wconf 89' lang='lat' dir='ltr'><strong>Poito</strong></span> <span class='ocrx_word' id='word_1_531' title='bbox 1984 5049 2010 5101; x_wconf 92' lang='lat' dir='ltr'><em>B</em></span> <span class='ocrx_word' id='word_1_532' title='bbox 2075 5052 2099 5115; x_wconf 86' lang='lat' dir='ltr'><strong>s)</strong></span> <span class='ocrx_word' id='word_1_533' title='bbox 2120 5050 2142 5101; x_wconf 89' lang='lat' dir='ltr'><strong><em>S</em></strong></span> <span class='ocrx_word' id='word_1_534' title='bbox 2154 5074 2184 5092; x_wconf 89' lang='lat'><strong><em>=</em></strong></span> 
     </span>
     <span class='ocr_line' id='line_1_45' title="bbox 694 5117 2187 5188; baseline 0.001 -18"><span class='ocrx_word' id='word_1_535' title='bbox 694 5120 772 5180; x_wconf 81' lang='lat' dir='ltr'><strong><em>NU.,·</em></strong></span> <span class='ocrx_word' id='word_1_536' title='bbox 791 5117 961 5187; x_wconf 82' lang='lat' dir='ltr'><strong>Nisingnano</strong></span> <span class='ocrx_word' id='word_1_537' title='bbox 975 5120 1000 5169; x_wconf 90' lang='lat' dir='ltr'><em>B</em></span> <span class='ocrx_word' id='word_1_538' title='bbox 1054 5122 1075 5182; x_wconf 87' lang='lat' dir='ltr'><strong>t)</strong></span> <span class='ocrx_word' id='word_1_539' title='bbox 1095 5119 1121 5171; x_wconf 92' lang='lat' dir='ltr'><em>B</em></span> <span class='ocrx_word' id='word_1_540' title='bbox 1136 5145 1165 5161; x_wconf 82' lang='lat'><strong>--</strong></span> <span class='ocrx_word' id='word_1_541' title='bbox 1181 5120 1257 5180; x_wconf 84' lang='lat' dir='ltr'><strong>ll&#39;U.,·</strong></span> <span class='ocrx_word' id='word_1_542' title='bbox 1270 5118 1459 5171; x_wconf 89' lang='lat' dir='ltr'><strong>VersilianoS</strong></span> <span class='ocrx_word' id='word_1_543' title='bbox 1512 5122 1541 5185; x_wconf 92' lang='grc' dir='ltr'><strong>ιι)</strong></span> <span class='ocrx_word' id='word_1_544' title='bbox 1564 5121 1589 5171; x_wconf 88' lang='grc' dir='ltr'><em>Β</em></span> <span class='ocrx_word' id='word_1_545' title='bbox 1600 5146 1630 5163; x_wconf 90' lang='lat'><strong><em>=</em></strong></span> <span class='ocrx_word' id='word_1_546' title='bbox 1642 5120 1720 5181; x_wconf 77' lang='lat' dir='ltr'><strong><em>NU.,·</em></strong></span> <span class='ocrx_word' id='word_1_547' title='bbox 1737 5118 1941 5188; x_wconf 80' lang='lat' dir='ltr'><strong>PatrignauoS</strong></span> <span class='ocrx_word' id='word_1_548' title='bbox 1992 5123 2020 5185; x_wconf 87' lang='lat' dir='ltr'><strong>v)</strong></span> <span class='ocrx_word' id='word_1_549' title='bbox 2040 5121 2128 5171; x_wconf 62' lang='lat' dir='ltr'><strong>indm</strong></span> <span class='ocrx_word' id='word_1_550' title='bbox 2139 5121 2187 5172; x_wconf 75' lang='lat' dir='ltr'><strong>der</strong></span> 
     </span>
     <span class='ocr_line' id='line_1_46' title="bbox 694 5190 2230 5255; baseline -0.001 -14"><span class='ocrx_word' id='word_1_551' title='bbox 694 5190 832 5242; x_wconf 65' lang='lat' dir='ltr'><strong>Sabratae</strong></span> <span class='ocrx_word' id='word_1_552' title='bbox 849 5207 887 5241; x_wconf 82' lang='lat' dir='ltr'><strong>aa</strong></span> <span class='ocrx_word' id='word_1_553' title='bbox 905 5190 990 5241; x_wconf 80' lang='lat' dir='ltr'><strong>dieser</strong></span> <span class='ocrx_word' id='word_1_554' title='bbox 1008 5190 1085 5241; x_wconf 77' lang='lat' dir='ltr'><strong>Stella</strong></span> <span class='ocrx_word' id='word_1_555' title='bbox 1103 5190 1205 5253; x_wconf 70' lang='grc' dir='ltr'><em>ὸεφαηη</em></span> <span class='ocrx_word' id='word_1_556' title='bbox 1223 5191 1280 5241; x_wconf 76' lang='lat' dir='ltr'><strong>sr&#39;clr</strong></span> <span class='ocrx_word' id='word_1_557' title='bbox 1297 5207 1333 5241; x_wconf 84' lang='lat' dir='ltr'><strong>an</strong></span> <span class='ocrx_word' id='word_1_558' title='bbox 1354 5191 1388 5247; x_wconf 84' lang='grc' dir='ltr'><strong>Ι),</strong></span> <span class='ocrx_word' id='word_1_559' title='bbox 1402 5193 1454 5241; x_wconf 78' lang='grc'><strong>284</strong></span> <span class='ocrx_word' id='word_1_560' title='bbox 1473 5192 1692 5255; x_wconf 73' lang='lat' dir='ltr'><strong>amumblr&#39;cssea,</strong></span> <span class='ocrx_word' id='word_1_561' title='bbox 1717 5192 1857 5243; x_wconf 73' lang='lat' dir='ltr'><strong>unterla&#39;cea</strong></span> <span class='ocrx_word' id='word_1_562' title='bbox 1878 5207 1909 5243; x_wconf 74' lang='lat' dir='ltr'><strong>er</strong></span> <span class='ocrx_word' id='word_1_563' title='bbox 1931 5207 1958 5242; x_wconf 77' lang='lat' dir='ltr'><strong>aa</strong></span> <span class='ocrx_word' id='word_1_564' title='bbox 1983 5194 2058 5243; x_wconf 65' lang='lat' dir='ltr'><strong>dm</strong></span> <span class='ocrx_word' id='word_1_565' title='bbox 2075 5193 2119 5243; x_wconf 75' lang='lat' dir='ltr'><strong>dis</strong></span> <span class='ocrx_word' id='word_1_566' title='bbox 2137 5192 2187 5242; x_wconf 74' lang='lat' dir='ltr'><strong>Go-</strong></span> <span class='ocrx_word' id='word_1_567' title='bbox 2202 5201 2230 5239; x_wconf 75' lang='lat' dir='ltr'><strong>aa</strong></span> 
     </span>
     <span class='ocr_line' id='line_1_47' title="bbox 693 5260 2189 5329; baseline 0.001 -17"><span class='ocrx_word' id='word_1_568' title='bbox 693 5261 826 5327; x_wconf 70' lang='lat' dir='ltr'><strong>rodhmnp</strong></span> <span class='ocrx_word' id='word_1_569' title='bbox 849 5263 898 5311; x_wconf 79' lang='lat' dir='ltr'><strong>der</strong></span> <span class='ocrx_word' id='word_1_570' title='bbox 922 5261 1160 5326; x_wconf 77' lang='lat' dir='ltr'><strong>ousyesprochenen</strong></span> <span class='ocrx_word' id='word_1_571' title='bbox 1188 5261 1257 5311; x_wconf 73' lang='lat' dir='ltr'><strong>aaa</strong></span> <span class='ocrx_word' id='word_1_572' title='bbox 1281 5260 1463 5312; x_wconf 78' lang='lat' dir='ltr'><strong>eatbaltcndca</strong></span> <span class='ocrx_word' id='word_1_573' title='bbox 1489 5262 1553 5313; x_wconf 72' lang='lat' dir='ltr'><strong>Sar:</strong></span> <span class='ocrx_word' id='word_1_574' title='bbox 1577 5263 1739 5326; x_wconf 69' lang='lat' dir='ltr'><strong>eiazusrtpm</strong></span> <span class='ocrx_word' id='word_1_575' title='bbox 1828 5263 1865 5329; x_wconf 84' lang='lat' dir='ltr'><strong>w)</strong></span> <span class='ocrx_word' id='word_1_576' title='bbox 1892 5262 1971 5323; x_wconf 75' lang='lat' dir='ltr'><em>NU.;</em></span> <span class='ocrx_word' id='word_1_577' title='bbox 1997 5263 2062 5326; x_wconf 66' lang='lat' dir='ltr'><strong>fehlt</strong></span> <span class='ocrx_word' id='word_1_578' title='bbox 2088 5265 2116 5314; x_wconf 75' lang='lat' dir='ltr'><strong>ia</strong></span> <span class='ocrx_word' id='word_1_579' title='bbox 2143 5262 2189 5313; x_wconf 86' lang='grc' dir='ltr'><strong>ΒΕ</strong></span> 
     </span>
     <span class='ocr_line' id='line_1_48' title="bbox 693 5331 2187 5401; baseline 0.001 -17"><span class='ocrx_word' id='word_1_580' title='bbox 693 5334 721 5397; x_wconf 79' lang='grc' dir='ltr'><strong>ιι)</strong></span> <span class='ocrx_word' id='word_1_581' title='bbox 739 5334 804 5384; x_wconf 91' lang='lat' dir='ltr'><strong>S=</strong></span> <span class='ocrx_word' id='word_1_582' title='bbox 819 5333 849 5383; x_wconf 87' lang='lat' dir='ltr'><em>N</em></span> <span class='ocrx_word' id='word_1_583' title='bbox 852 5333 882 5385; x_wconf 84' lang='lat' dir='ltr'><strong>U.</strong></span> <span class='ocrx_word' id='word_1_584' title='bbox 889 5350 900 5392; x_wconf 89' lang='lat'><strong>,·</strong></span> <span class='ocrx_word' id='word_1_585' title='bbox 919 5331 992 5399; x_wconf 89' lang='lat' dir='ltr'><strong>quod</strong></span> <span class='ocrx_word' id='word_1_586' title='bbox 1005 5332 1030 5382; x_wconf 92' lang='lat' dir='ltr'><strong><em>B</em></strong></span> <span class='ocrx_word' id='word_1_587' title='bbox 1092 5331 1121 5397; x_wconf 80' lang='lat' dir='ltr'><strong>y)</strong></span> <span class='ocrx_word' id='word_1_588' title='bbox 1141 5332 1176 5391; x_wconf 81' lang='lat' dir='ltr'><strong>S;</strong></span> <span class='ocrx_word' id='word_1_589' title='bbox 1194 5335 1221 5383; x_wconf 88' lang='lat' dir='ltr'><strong>ct</strong></span> <span class='ocrx_word' id='word_1_590' title='bbox 1239 5347 1427 5398; x_wconf 85' lang='lat' dir='ltr'><strong>aquarumque</strong></span> <span class='ocrx_word' id='word_1_591' title='bbox 1440 5333 1465 5383; x_wconf 90' lang='lat' dir='ltr'><em>B</em></span> <span class='ocrx_word' id='word_1_592' title='bbox 1530 5333 1556 5395; x_wconf 76' lang='grc' dir='ltr'><strong>ι’)</strong></span> <span class='ocrx_word' id='word_1_593' title='bbox 1574 5333 1737 5399; x_wconf 89' lang='lat' dir='ltr'><strong>scripturam</strong></span> <span class='ocrx_word' id='word_1_594' title='bbox 1751 5333 1787 5399; x_wconf 87' lang='lat' dir='ltr'><strong>B;</strong></span> <span class='ocrx_word' id='word_1_595' title='bbox 1806 5348 2008 5400; x_wconf 90' lang='lat' dir='ltr'><strong>quemcumque</strong></span> <span class='ocrx_word' id='word_1_596' title='bbox 2025 5332 2187 5401; x_wconf 85' lang='lat' dir='ltr'><strong>scripturam</strong></span> 
     </span>
     <span class='ocr_line' id='line_1_49' title="bbox 693 5401 2187 5469; baseline -0.001 -13"><span class='ocrx_word' id='word_1_597' title='bbox 693 5410 722 5456; x_wconf 91' lang='lat' dir='ltr'><strong>et</strong></span> <span class='ocrx_word' id='word_1_598' title='bbox 740 5408 844 5457; x_wconf 84' lang='lat' dir='ltr'><strong>cartam</strong></span> <span class='ocrx_word' id='word_1_599' title='bbox 858 5404 891 5469; x_wconf 90' lang='lat' dir='ltr'><strong>S;</strong></span> <span class='ocrx_word' id='word_1_600' title='bbox 915 5404 965 5467; x_wconf 70' lang='lat' dir='ltr'><strong>aql.</strong></span> <span class='ocrx_word' id='word_1_601' title='bbox 984 5401 1163 5468; x_wconf 88' lang='lat' dir='ltr'><strong>inscriptione</strong></span> <span class='ocrx_word' id='word_1_602' title='bbox 1182 5406 1318 5454; x_wconf 86' lang='lat' dir='ltr'><strong>cartarum</strong></span> <span class='ocrx_word' id='word_1_603' title='bbox 1338 5405 1367 5453; x_wconf 64' lang='grc' dir='ltr'><strong>ἐκ</strong></span> <span class='ocrx_word' id='word_1_604' title='bbox 1387 5401 1422 5455; x_wconf 89' lang='lat' dir='ltr'><strong>D.</strong></span> <span class='ocrx_word' id='word_1_605' title='bbox 1436 5406 1488 5455; x_wconf 75' lang='grc'><strong>284</strong></span> <span class='ocrx_word' id='word_1_606' title='bbox 1567 5405 1595 5465; x_wconf 89' lang='grc' dir='ltr'><strong>ιι)</strong></span> <span class='ocrx_word' id='word_1_607' title='bbox 1613 5404 1638 5454; x_wconf 90' lang='grc' dir='ltr'><em>Β</em></span> <span class='ocrx_word' id='word_1_608' title='bbox 1653 5429 1684 5447; x_wconf 83' lang='lat'>=</span> <span class='ocrx_word' id='word_1_609' title='bbox 1699 5404 1733 5458; x_wconf 84' lang='lat' dir='ltr'><strong>l).</strong></span> <span class='ocrx_word' id='word_1_610' title='bbox 1746 5408 1798 5455; x_wconf 78' lang='grc'><strong>284</strong></span> <span class='ocrx_word' id='word_1_611' title='bbox 1881 5403 1909 5469; x_wconf 91' lang='lat' dir='ltr'><strong>b)</strong></span> <span class='ocrx_word' id='word_1_612' title='bbox 1929 5405 1964 5466; x_wconf 87' lang='lat' dir='ltr'><strong>S,·</strong></span> <span class='ocrx_word' id='word_1_613' title='bbox 1986 5403 2187 5457; x_wconf 83' lang='lat' dir='ltr'><strong>tradictioneB</strong></span> 
     </span>
     <span class='ocr_line' id='line_1_50' title="bbox 694 5472 2187 5545; baseline 0 -19"><span class='ocrx_word' id='word_1_614' title='bbox 694 5484 719 5540; x_wconf 92' lang='lat' dir='ltr'><strong>c)</strong></span> <span class='ocrx_word' id='word_1_615' title='bbox 743 5475 778 5535; x_wconf 83' lang='lat' dir='ltr'><strong>S,·</strong></span> <span class='ocrx_word' id='word_1_616' title='bbox 802 5473 981 5526; x_wconf 89' lang='lat' dir='ltr'><strong>LucesernB</strong></span> <span class='ocrx_word' id='word_1_617' title='bbox 1053 5472 1082 5539; x_wconf 86' lang='lat' dir='ltr'><strong>d)</strong></span> <span class='ocrx_word' id='word_1_618' title='bbox 1107 5478 1134 5523; x_wconf 86' lang='lat' dir='ltr'><strong>et</strong></span> <span class='ocrx_word' id='word_1_619' title='bbox 1153 5489 1236 5538; x_wconf 91' lang='lat' dir='ltr'><strong>qnam</strong></span> <span class='ocrx_word' id='word_1_620' title='bbox 1254 5475 1303 5525; x_wconf 90' lang='grc' dir='ltr'><strong>ΒΕ</strong></span> <span class='ocrx_word' id='word_1_621' title='bbox 1372 5476 1397 5537; x_wconf 87' lang='lat' dir='ltr'><strong>e)</strong></span> <span class='ocrx_word' id='word_1_622' title='bbox 1424 5474 1460 5535; x_wconf 87' lang='lat' dir='ltr'><strong>S,·</strong></span> <span class='ocrx_word' id='word_1_623' title='bbox 1484 5473 1544 5525; x_wconf 90' lang='lat' dir='ltr'><strong>uria</strong></span> <span class='ocrx_word' id='word_1_624' title='bbox 1563 5476 1588 5526; x_wconf 91' lang='lat' dir='ltr'><em>B</em></span> <span class='ocrx_word' id='word_1_625' title='bbox 1660 5474 1685 5537; x_wconf 75' lang='lat' dir='ltr'><strong>s)</strong></span> <span class='ocrx_word' id='word_1_626' title='bbox 1709 5478 1744 5535; x_wconf 89' lang='grc' dir='ltr'><strong>Ε,·</strong></span> <span class='ocrx_word' id='word_1_627' title='bbox 1766 5473 1859 5528; x_wconf 81' lang='lat' dir='ltr'><strong>ridere</strong></span> <span class='ocrx_word' id='word_1_628' title='bbox 1878 5478 1988 5527; x_wconf 83' lang='lat' dir='ltr'><strong>tenetur</strong></span> <span class='ocrx_word' id='word_1_629' title='bbox 2005 5476 2030 5528; x_wconf 89' lang='lat' dir='ltr'><em>B</em></span> <span class='ocrx_word' id='word_1_630' title='bbox 2100 5476 2130 5545; x_wconf 77' lang='lat' dir='ltr'><strong>g)</strong></span> <span class='ocrx_word' id='word_1_631' title='bbox 2152 5474 2187 5533; x_wconf 87' lang='lat' dir='ltr'><strong>S;</strong></span> 
     </span>
     <span class='ocr_line' id='line_1_51' title="bbox 694 5543 2231 5613; baseline 0 -16"><span class='ocrx_word' id='word_1_632' title='bbox 694 5544 792 5597; x_wconf 89' lang='lat' dir='ltr'><strong>delano</strong></span> <span class='ocrx_word' id='word_1_633' title='bbox 805 5545 830 5597; x_wconf 91' lang='lat' dir='ltr'><em>B</em></span> <span class='ocrx_word' id='word_1_634' title='bbox 885 5544 913 5607; x_wconf 86' lang='lat' dir='ltr'><strong>h)</strong></span> <span class='ocrx_word' id='word_1_635' title='bbox 930 5560 978 5596; x_wconf 87' lang='lat' dir='ltr'><strong>scu</strong></span> <span class='ocrx_word' id='word_1_636' title='bbox 996 5543 1124 5610; x_wconf 85' lang='lat' dir='ltr'><strong>nullaque</strong></span> <span class='ocrx_word' id='word_1_637' title='bbox 1138 5544 1198 5605; x_wconf 69' lang='lat' dir='ltr'><strong>Bs-</strong></span> <span class='ocrx_word' id='word_1_638' title='bbox 1218 5546 1268 5607; x_wconf 62' lang='lat' dir='ltr'><strong>sul.</strong></span> <span class='ocrx_word' id='word_1_639' title='bbox 1282 5546 1309 5598; x_wconf 89' lang='lat' dir='ltr'><strong>S.</strong></span> <span class='ocrx_word' id='word_1_640' title='bbox 1323 5547 1374 5595; x_wconf 71' lang='lat'><strong>341</strong></span> <span class='ocrx_word' id='word_1_641' title='bbox 1392 5545 1426 5598; x_wconf 89' lang='lat' dir='ltr'><strong>N.</strong></span> <span class='ocrx_word' id='word_1_642' title='bbox 1440 5561 1458 5596; x_wconf 91' lang='grc' dir='ltr'><strong>ιι</strong></span> <span class='ocrx_word' id='word_1_643' title='bbox 1513 5544 1532 5601; x_wconf 82' lang='grc' dir='ltr'><strong>ἰ)</strong></span> <span class='ocrx_word' id='word_1_644' title='bbox 1552 5546 1616 5597; x_wconf 72' lang='lat' dir='ltr'><strong>S:</strong></span> <span class='ocrx_word' id='word_1_645' title='bbox 1632 5546 1712 5607; x_wconf 84' lang='lat' dir='ltr'><em>NU.;</em></span> <span class='ocrx_word' id='word_1_646' title='bbox 1731 5550 1759 5597; x_wconf 85' lang='lat' dir='ltr'><strong>et</strong></span> <span class='ocrx_word' id='word_1_647' title='bbox 1776 5545 1929 5613; x_wconf 84' lang='lat' dir='ltr'><strong>inquietare</strong></span> <span class='ocrx_word' id='word_1_648' title='bbox 1941 5546 1967 5598; x_wconf 92' lang='lat' dir='ltr'><em>B</em></span> <span class='ocrx_word' id='word_1_649' title='bbox 2024 5545 2054 5613; x_wconf 78' lang='lat' dir='ltr'><strong>k)</strong></span> <span class='ocrx_word' id='word_1_650' title='bbox 2073 5547 2108 5600; x_wconf 89' lang='lat' dir='ltr'><strong>D.</strong></span> <span class='ocrx_word' id='word_1_651' title='bbox 2120 5548 2187 5605; x_wconf 48' lang='lat'><strong>28&amp;</strong></span> <span class='ocrx_word' id='word_1_652' title='bbox 2202 5558 2231 5597; x_wconf 77' lang='lat' dir='ltr'><strong>so</strong></span> 
     </span>
     <span class='ocr_line' id='line_1_52' title="bbox 693 5614 2189 5684; baseline 0.001 -17"><span class='ocrx_word' id='word_1_653' title='bbox 693 5615 783 5667; x_wconf 85' lang='lat' dir='ltr'><strong>eidem</strong></span> <span class='ocrx_word' id='word_1_654' title='bbox 801 5615 967 5667; x_wconf 88' lang='lat' dir='ltr'><strong>monasterio</strong></span> <span class='ocrx_word' id='word_1_655' title='bbox 981 5615 1028 5667; x_wconf 91' lang='grc' dir='ltr'><strong>ΒΕ</strong></span> <span class='ocrx_word' id='word_1_656' title='bbox 1101 5615 1120 5671; x_wconf 84' lang='grc' dir='ltr'><strong>Ι)</strong></span> <span class='ocrx_word' id='word_1_657' title='bbox 1144 5615 1191 5679; x_wconf 68' lang='grc' dir='ltr'><strong>ιρι.</strong></span> <span class='ocrx_word' id='word_1_658' title='bbox 1204 5614 1239 5668; x_wconf 83' lang='grc' dir='ltr'><strong>Β,</strong></span> <span class='ocrx_word' id='word_1_659' title='bbox 1253 5619 1307 5667; x_wconf 81' lang='grc'><strong>278</strong></span> <span class='ocrx_word' id='word_1_660' title='bbox 1324 5616 1392 5681; x_wconf 82' lang='lat' dir='ltr'><strong>N.q</strong></span> <span class='ocrx_word' id='word_1_661' title='bbox 1468 5620 1506 5679; x_wconf 86' lang='lat' dir='ltr'><strong>nr)</strong></span> <span class='ocrx_word' id='word_1_662' title='bbox 1525 5617 1560 5676; x_wconf 85' lang='lat' dir='ltr'><strong>S,·</strong></span> <span class='ocrx_word' id='word_1_663' title='bbox 1578 5622 1746 5684; x_wconf 88' lang='lat' dir='ltr'><strong>presummat</strong></span> <span class='ocrx_word' id='word_1_664' title='bbox 1759 5618 1784 5668; x_wconf 90' lang='lat' dir='ltr'><em>B</em></span> <span class='ocrx_word' id='word_1_665' title='bbox 1858 5620 1887 5683; x_wconf 88' lang='grc' dir='ltr'><strong>ιι)</strong></span> <span class='ocrx_word' id='word_1_666' title='bbox 1908 5617 1942 5671; x_wconf 89' lang='lat' dir='ltr'><strong>D.</strong></span> <span class='ocrx_word' id='word_1_667' title='bbox 1955 5620 2026 5678; x_wconf 69' lang='lat'><strong>2845</strong></span> <span class='ocrx_word' id='word_1_668' title='bbox 2049 5616 2131 5670; x_wconf 80' lang='lat' dir='ltr'><strong>buius</strong></span> <span class='ocrx_word' id='word_1_669' title='bbox 2143 5616 2189 5669; x_wconf 77' lang='grc' dir='ltr'><strong>ΒΕ</strong></span> 
     </span>
     <span class='ocr_line' id='line_1_53' title="bbox 694 5685 2187 5755; baseline 0.001 -18"><span class='ocrx_word' id='word_1_670' title='bbox 694 5690 721 5745; x_wconf 85' lang='grc' dir='ltr'><strong>ο)</strong></span> <span class='ocrx_word' id='word_1_671' title='bbox 738 5687 772 5747; x_wconf 84' lang='grc' dir='ltr'><strong>Ε,-</strong></span> <span class='ocrx_word' id='word_1_672' title='bbox 790 5685 1010 5738; x_wconf 84' lang='lat' dir='ltr'><strong>contradicentes</strong></span> <span class='ocrx_word' id='word_1_673' title='bbox 1026 5690 1179 5737; x_wconf 87' lang='lat' dir='ltr'><strong>memorato</strong></span> <span class='ocrx_word' id='word_1_674' title='bbox 1192 5686 1217 5736; x_wconf 89' lang='grc' dir='ltr'><em>Β</em></span> <span class='ocrx_word' id='word_1_675' title='bbox 1271 5692 1300 5753; x_wconf 73' lang='lat' dir='ltr'><strong>pt</strong></span> <span class='ocrx_word' id='word_1_676' title='bbox 1320 5686 1345 5736; x_wconf 92' lang='grc' dir='ltr'><em>Β</em></span> <span class='ocrx_word' id='word_1_677' title='bbox 1357 5711 1387 5728; x_wconf 86' lang='lat'>=</span> <span class='ocrx_word' id='word_1_678' title='bbox 1400 5686 1435 5740; x_wconf 89' lang='lat' dir='ltr'><strong>D.</strong></span> <span class='ocrx_word' id='word_1_679' title='bbox 1448 5691 1501 5737; x_wconf 76' lang='grc'><strong>284</strong></span> <span class='ocrx_word' id='word_1_680' title='bbox 1557 5690 1585 5754; x_wconf 83' lang='lat' dir='ltr'><strong>q)</strong></span> <span class='ocrx_word' id='word_1_681' title='bbox 1607 5688 1641 5748; x_wconf 86' lang='lat' dir='ltr'><strong>S,·</strong></span> <span class='ocrx_word' id='word_1_682' title='bbox 1659 5687 1818 5740; x_wconf 86' lang='lat' dir='ltr'><strong>theleonum</strong></span> <span class='ocrx_word' id='word_1_683' title='bbox 1831 5688 1857 5740; x_wconf 92' lang='grc' dir='ltr'><em>Β</em></span> <span class='ocrx_word' id='word_1_684' title='bbox 1910 5692 1935 5755; x_wconf 86' lang='lat' dir='ltr'><strong>r)</strong></span> <span class='ocrx_word' id='word_1_685' title='bbox 1956 5688 2022 5744; x_wconf 72' lang='grc' dir='ltr'><strong>ΝΗ,</strong></span> <span class='ocrx_word' id='word_1_686' title='bbox 2032 5713 2063 5732; x_wconf 83' lang='lat'>=</span> <span class='ocrx_word' id='word_1_687' title='bbox 2075 5690 2110 5743; x_wconf 85' lang='lat' dir='ltr'><strong>D,</strong></span> <span class='ocrx_word' id='word_1_688' title='bbox 2120 5690 2187 5745; x_wconf 69' lang='lat'><strong>284:</strong></span> 
     </span>
     <span class='ocr_line' id='line_1_54' title="bbox 695 5756 944 5810; baseline 0 -2"><span class='ocrx_word' id='word_1_689' title='bbox 695 5757 789 5810; x_wconf 85' lang='lat' dir='ltr'><strong>decern</strong></span> <span class='ocrx_word' id='word_1_690' title='bbox 807 5756 884 5808; x_wconf 89' lang='lat' dir='ltr'><strong>milia</strong></span> <span class='ocrx_word' id='word_1_691' title='bbox 897 5758 944 5809; x_wconf 90' lang='grc' dir='ltr'><strong>ΒΕ</strong></span> 
     </span>
    </p>
   </div>
   <div class='ocr_carea' id='block_1_4' title="bbox 0 0 2388 6512">
    <p class='ocr_par' dir='ltr' id='par_1_4' title="bbox 0 0 2388 6512">
     <span class='ocr_line' id='line_1_55' title="bbox 0 0 2388 6512; baseline 0 0"><span class='ocrx_word' id='word_1_692' title='bbox 0 0 2388 6512; x_wconf 95' lang='lat' dir='ltr'><strong> </strong></span> 
     </span>
    </p>
   </div>
  </div>
 </body>
</html>
