4828 6520
518 308 584 370 690
1121 307 1583 368 KAISERURKUNDEN.

632 509 715 568 Wort
736 509 797 569 stad
818 508 900 567 teins
918 507 1066 582 Wertdttrtp
1088 505 1187 579 findet,
1209 507 1257 566 dt'e
1278 506 1332 565 deo
1353 524 1385 565 so
1408 506 1493 565 uicit
1513 506 1708 565 erkenabarea
1731 504 1789 565 Stil
1811 506 1861 565 des
1882 524 1937 566 voa
1957 506 2111 567 Genuam
2132 508 2176 567 be

625 616 775 675 Madeltert
797 614 950 674 Dictatore
971 614 1106 686 verret&
1128 613 1170 672 sie
1191 614 1231 672 ist
1252 612 1364 671 adici
1386 612 1515 672 mittier
1539 613 1698 671 rutenae
1719 612 1828 672 stlwcr
1848 613 2009 684 offendar,
2032 614 2102 673 dcc
2122 614 2178 673 der

625 722 766 782 Felsclter
793 738 909 780 earnes
930 719 971 779 D.
996 719 1043 779 die
1071 718 1297 791 Sclrmftztittea
1323 718 1548 794 (Maoprainm,
1573 717 1733 789 Olunta,
1755 717 2084 794 Beeopaitiousuiclter)
2110 720 2176 779 den

625 827 667 888 D.
692 827 831 903 Iatdwips
852 826 1081 886 desDctttscltea
1102 826 1226 885 entleltm
1248 826 1309 895 irat,
1331 825 1371 884 da
1393 825 1453 883 ihm
1474 825 1556 895 doct,
1578 844 1659 884 weita
1681 825 1743 883 ihm
1764 824 1819 884 dus
1841 824 1989 885 Dirii'.
2011 827 2175 902 terpeleyen

625 934 713 1005 lette,
747 933 1000 1008 eiaeAaletauap
1034 953 1073 992 aa
1101 932 1192 991 dieses
1220 932 1294 991 cadi
1322 933 1354 990 in
1381 931 1435 990 dett
1462 931 2212 1008 msatreaMerltmuleusoeielauterpelepent

625 1041 712 1100 lette
751 1040 900 1100 Dentati
917 1058 995 1099 mttts
1013 1039 1178 1114 fadpestellt
1195 1038 1318 1109 werden
1340 1038 1409 1097 dass
1430 1039 1479 1097 die
1496 1038 1621 1097 Kanzlet'
1639 1038 1798 1097 Heinricts
1812 1038 1869 1097 IV.
1892 1056 1993 1097 casem
2010 1038 2175 1115 Fatetup

627 1145 1236 1222 fereinecttesDiplompeltulteuhot,
1265 1145 1532 1219 soaaffdlcudes
1559 1145 1632 1203 auct
1660 1144 1819 1219 miamoy,
1849 1144 2175 1205 dumsiencidtert

626 1255 673 1314 eia
701 1272 733 1313 so
761 1254 969 1329 uapmiictts
991 1253 1168 1322 Machteerlc
1198 1272 1237 1312 aa
1265 1252 1363 1311 desen
1386 1250 1484 1325 spitze
1512 1252 1584 1310 noch
1611 1253 1686 1311 duze
1714 1251 1776 1310 tiae
1799 1252 1852 1320 fer
1873 1250 2017 1310 Heian'clt
2032 1250 2078 1310 Π.
2101 1270 2176 1326 quas

626 1361 802 1436 centuplicet
822 1360 998 1422 Jatreszaiz
1019 1360 1102 1430 stelit,
1125 1360 1176 1418 hat
1198 1359 1331 1417 tdatcltca
1354 1358 1456 1417 lussea

626 1527 831 1618 {Henricus
855 1527 968 1592 divine
996 1529 1110 1613 gracia
1136 1549 1196 1591 rex
1220 1538 1254 1592 et
1276 1527 1453 1612 imperator
1475 1524 1626 1591 omnibus
1649 1525 1771 1612 regulis
1795 1538 1828 1591 et
1850 1525 1989 1591 ducibus
2012 1528 2083 1591 sive
2107 1528 2174 1612 epi·
2194 1550 2221 1589 rc

520 1636 629 1722 scopis
657 1635 712 1699 vel
742 1633 916 1699 abbatibus
946 1635 1092 1721 graciam
1123 1656 1215 1698 suam
1246 1644 1278 1698 et
1309 1632 1456 1697 salutem.
1594 1632 1690 1697 Anno
1721 1631 1762 1696 ab
1793 1634 2018 1697 incarnatione
2051 1632 2175 1697 domini

520 1740 744 1830 Deccc}LXX
766 1743 852 1806 inter
873 1741 992 1806 multas
1016 1740 1176 1827 querelas,
1208 1763 1272 1827 que
1295 1739 1338 1803 ad
1361 1760 1482 1803 noceam
1507 1755 1682 1804 serenitatem
1705 1738 1934 1827 undecumque
1957 1739 2065 1829 delate
2088 1752 2173 1821 sunt,

519 1864 590 1914 adiit
611 1871 671 1912 nos
694 1862 860 1913 venerabilis
877 1848 1087 1934 Magontinus
1110 1863 1334 1927 archiepiscopus
1352 1844 1601 1911 Ercheubaldus
1622 1858 1797 1933 nostreque
1821 1846 2047 1911 sollicitudinis
2070 1848 2174 1934 speci·

519 1955 580 2020 alis
610 1955 741 2020 adiutor
770 1978 984 2041 conquerens,
1015 1954 1104 2042 quod
1127 1953 1292 2041 quoddam
1316 1968 1511 2021 monmterium
1535 1976 1629 2016 sunm
1653 1965 1750 2033 otinga
1774 1954 1915 2035 nomine,
1939 1952 2028 2040 quod
2050 1968 2173 2033 inpage

520 2075 684 2142 spircgouie
710 2077 793 2126 sitnm
823 2074 882 2143 est,
906 2074 1030 2125 tuntum
1054 2060 1261 2125 defensomm
1285 2083 1344 2124 seu
1367 2070 1559 2141 ceterorum,
1590 2060 1646 2145 qui
1669 2058 1757 2123 idem
1780 2061 2013 2124 monasterium
2036 2062 2173 2125 circum·
2193 2078 2219 2117 ¹⁶

519 2168 637 2249 sident,
667 2168 854 2233 violentiam
878 2178 1054 2254 pateretur,
1085 2180 1130 2247 ut,
1162 2167 1351 2253 aufugiente
1374 2166 1508 2247 familia,
1539 2166 1631 2230 cuius
1660 2163 1748 2230 bona
1777 2167 1896 2231 iniuste
1926 2166 2173 2253 diripiebantur,

518 2276 749 2361 omnipotentis
780 2274 834 2339 dei
857 2275 1032 2338 servicium
1056 2273 1177 2337 ibidem
1202 2272 1366 2355 deficeret,
1397 2273 1460 2336 nisi
1482 2302 1531 2351 per
1555 2294 1676 2337 nocuum
1701 2272 1845 2358 regalem
1869 2289 2059 2339 aucterimem
2081 2275 2175 2337 iuxta

519 2383 655 2468 antiqua
677 2380 852 2466 privilegia
874 2380 1083 2444 decessorum
1106 2392 1289 2445 nostrorum
1316 2379 1423 2443 eidem
1447 2378 1519 2444 loco
1543 2377 1774 2443 consuleretur.
1822 2379 1991 2465 Siquidem
2014 2379 2174 2466 gloriosus

519 2489 672 2574 princeps
691 2486 902 2572 Dagabertus
919 2489 955 2550 in
974 2487 1095 2551 bonore
1115 2496 1227 2572 sancte
1251 2497 1283 2550 et
1306 2486 1475 2574 individue
1499 2486 1651 2550 trinitatis
1675 2486 1844 2573 sanctique
1864 2486 2058 2551 Michehelis
2080 2486 2173 2550 arch·

520 2593 629 2680 angeli
651 2594 738 2658 idem
763 2595 994 2657 monasterium
1017 2595 1051 2656 in
1070 2595 1202 2679 proprio
1227 2592 1356 2657 domate
1381 2593 1563 2657 construxit
1585 2592 1707 2679 talique
1731 2594 1801 2657 iure
1825 2605 1858 2657 et
1880 2593 2052 2679 privilegio
2075 2616 2175 2679 supra
2191 2612 2220 2651 ao

520 2700 643 2765 dietum
666 2699 773 2764 locum
797 2702 1005 2787 premunivit,
1029 2712 1065 2764 ut
1087 2699 1190 2764 abbas
1214 2699 1310 2763 simul
1333 2723 1407 2764 cum
1427 2699 1550 2763 familia
1573 2697 1615 2763 ab
1640 2701 1727 2763 omni
1751 2700 1890 2765 servicio
1914 2701 2001 2785 regis
2024 2722 2082 2763 seu
2106 2701 2174 2785 epi-

520 2809 612 2893 scopi
629 2830 687 2871 seu
703 2807 855 2871 advocati
872 2818 1048 2871 excusatus
1064 2807 1252 2871 monasterii
1268 2807 1319 2869 sui
1335 2804 1527 2870 utilitatibus
1544 2805 1738 2871 omnimodis
1753 2806 1910 2888 intendat,
1930 2818 2069 2893 excepto
2086 2806 2174 2892 quod

519 2913 711 2999 blegentiuo
733 2913 856 2999 presuli
880 2937 980 2977 unum
1005 2912 1167 2977 caballum
1190 2912 1334 2977 modium
1358 2913 1484 2999 triticee
1508 2912 1613 2999 farine
1635 2923 1818 2998 portantem
1841 2912 1884 2976 ad
1907 2912 2050 2998 regalem
2074 2935 2173 2999 expe·

520 3020 681 3083 dicionem
712 3019 753 3083 ob
785 3031 1012 3084 testamentum
1043 3019 1137 3084 huius
1167 3020 1328 3105 pectionis
1356 3021 1563 3084 transmittat.
1609 3019 1683 3084 Hoc
1714 3019 1920 3105 privilegium
1947 3019 2055 3084 multis
2078 3021 2173 3083 annis

519 3128 554 3189 in
577 3125 693 3190 eodem
711 3126 783 3191 loco
804 3127 998 3191 custoditum
1024 3138 1081 3207 est,
1106 3148 1275 3212 quousque
1300 3155 1366 3189 casu
1393 3141 1535 3190 accidente
1561 3125 1648 3189 idem
1673 3142 1864 3191 monasterium
1889 3148 2052 3191 unacum
2076 3127 2218 3212 privi-aa

520 3231 614 3317 legiis
645 3233 713 3296 suis
743 3248 801 3313 igni
831 3232 1035 3297 combustum
1066 3244 1124 3296 est.
1171 3233 1291 3296 Postea
1321 3244 1430 3295 antem
1460 3233 1617 3297 abbatum
1648 3245 1892 3319 ceterorumque
1918 3232 2064 3297 fidelium
2088 3232 2172 3298 solli-

520 3338 664 3402 citudine
698 3339 731 3402 in
763 3341 925 3425 integrum
958 3349 1144 3426 reparatum
1175 3361 1248 3403 cum
1278 3339 1395 3402 iterum
1421 3338 1628 3404 defensorum
1660 3362 1718 3403 seu
1748 3337 1966 3425 quorumlibet
1995 3339 2174 3403 insolencia

520 3444 767 3530 deprimeretur,
790 3459 955 3510 venerabilis
980 3461 1110 3511 Rabanus
1136 3460 1340 3525 Magonciensis
1356 3472 1374 3502 s
1401 3446 1576 3532 episeopus
1600 3457 1639 3511 ἢ*
1662 3447 1835 3510 victoriose
1859 3467 1936 3530 rege
1960 3445 2173 3511 Luodouuieo

519 3553 587 3615 suis
617 3550 772 3637 precibus
801 3551 950 3635 obtinuit,
981 3564 1142 3638 quatenus
1169 3582 1212 3616 res
1236 3580 1253 3610 s
1281 3567 1419 3632 mancipia
1449 3561 1482 3616 et
1512 3564 1626 3631 predictJ
1656 3551 1709 3615 vel
1740 3562 1959 3627 ministerialem,
1991 3576 2053 3639 que
2084 3566 2172 3617 ante-

520 3679 667 3722 cessores
698 3660 748 3722 sui
778 3689 858 3739 reges
887 3675 1044 3737 ceterique
1072 3671 1187 3723 fideles
1215 3673 1250 3723 ad
1275 3673 1349 3722 idem
1375 3675 1570 3723 monasterium
1597 3676 1818 3733 tradiderunt,
1846 3681 1905 3723 sue
1929 3676 2111 3724 auctoritate
2138 3675 2173 3725 sd
2191 3683 2218 3722 rt

520 3763 661 3829 eundem
684 3765 801 3847 locum,
831 3776 867 3829 ut
897 3767 986 3851 prius
1009 3765 1168 3851 dispositu
1194 3777 1297 3849 erant,
1322 3779 1491 3847 delegaret.
1539 3767 1747 3854 Quapropter
1776 3789 1835 3830 uos
1866 3788 1996 3853 quoque
2026 3782 2173 3832 tenorem

519 3873 649 3957 iusticie
679 3883 842 3937 sectantes
866 3870 908 3935 Ob
933 3902 1053 3936 amorem
1079 3887 1201 3937 divinum
1228 3894 1256 3937 et
1281 3890 1486 3938 venerationem
1512 3876 1617 3939 saneti
1642 3887 1803 3938 llichnhelis
1829 3887 1988 3952 archangeli
2014 3897 2043 3938 et
2069 3876 2172 3939 saneti

519 3992 655 4044 Theodoti
673 3994 808 4058 martyris,
828 3994 906 4042 cuius
923 4006 940 4036 s
957 3994 1074 4044 nomini
1094 3978 1180 4043 idem
1207 3996 1400 4045 monasterium
1424 3992 1650 4045 consecratum
1674 3992 1733 4061 est,
1765 3982 1855 4045 iuxta
1885 3979 2040 4045 honorem
2063 3994 2172 4069 nostr-q

521 4085 690 4171 dignitatis
722 4096 755 4150 et
786 4101 953 4165 peticionem
987 4085 1132 4149 eiusdem
1166 4088 1311 4173 episcopi
1346 4087 1402 4151 tali
1438 4089 1569 4151 racione
1604 4110 1682 4173 sepe
1717 4087 1804 4151 dicto
1838 4086 1909 4150 loco
1942 4086 2173 4171 consuluimus,

520 4203 697 4257 statuentes
728 4191 864 4275 scilicet,
895 4203 930 4256 ut
959 4192 1132 4278 privilegia
1162 4194 1346 4257 securitatis
1376 4217 1444 4279 sup,
1475 4205 1510 4258 ut
1539 4194 1788 4279 predecessores
1817 4193 1881 4256 mei
1911 4204 2100 4276 sanxerunt,
2130 4218 2172 4259 er
2190 4214 2216 4256 tt

520 4321 628 4365 nostre
654 4300 757 4386 regali
789 4315 970 4364 auctoritate
1000 4300 1228 4386 undecumque
1259 4300 1384 4364 illibata
1413 4299 1613 4365 obtineant‘.
1660 4300 1696 4366 si
1723 4300 1796 4387 quis
1819 4321 1897 4363 vero
1919 4299 2006 4364 hanc
2029 4312 2172 4365 nostram

520 4408 765 4493 preceptionem
795 4406 932 4493 posthac
963 4406 1154 4493 supergredi
1184 4406 1237 4469 vel
1260 4407 1383 4471 violare
1407 4409 1651 4494 presumpserit,
1674 4406 1776 4471 veluti
1800 4407 1991 4470 maiestatee
2016 4431 2090 4472 reus
2114 4432 2173 4473 sex

520 4514 643 4577 talenta
672 4515 742 4577 artri
773 4514 816 4578 ad
846 4535 945 4598 supra
974 4513 1097 4577 dictum
1127 4512 1235 4577 locum
1265 4513 1431 4599 persolvat
1464 4514 1663 4600 totidemque
1697 4511 1739 4577 ob
1768 4524 1912 4577 nostram
1942 4514 2174 4579 inveniendam

519 4620 665 4705 graciam
690 4631 822 4684 coactus
845 4619 971 4683 reddat.

628 4762 708 4839 (C.)‘¹
730 4760 747 4850 8
771 4760 930 4848 Signume
955 4761 1065 4825 domni
1090 4761 1177 4839 (itt.)d
1200 4760 1336 4827 Henrici
1360 4765 1559 4828 serenissimi
1582 4766 1669 4850 regis
1679 4765 1701 4826 s.
1721 4762 1738 4851 ξ
2190 4794 2218 4832 to

1177 4895 1260 4977 (cdd
1290 4905 1381 4975 (Silii
1411 4898 1516 4979 (SR-ld

591 5089 655 5145 itt.
681 5089 827 5160 [Bresslan]
867 5094 893 5157 a)
915 5091 980 5143 oter
996 5092 1045 5143 der
1063 5091 1135 5143 Zeile
1152 5092 1346 5159 acciperapec
1403 5093 1433 5157 b)
1448 5093 1518 5146 diere
1536 5094 1625 5145 Worte
1641 5094 1704 5145 sind
1721 5095 1752 5145 in
1769 5094 1817 5145 der
1832 5092 1891 5146 VU.
1910 5094 1965 5157 aas
1978 5092 2072 5143 Rasur
2089 5094 2172 5144 inter·

679 5163 773 5229 poliert
845 5166 872 5227 e)
893 5165 918 5213 Α
991 5161 1021 5229 d)
1045 5163 1087 5214 dic
1109 5163 1199 5215 bet'tlen
1218 5164 1365 5230 Chremen,
1391 5165 1442 5216 das
1460 5166 1646 5230 Monoprumm
1666 5165 1722 5215 und
1739 5166 1790 5215 dus
1807 5163 2091 5230 resp-emmeram
2108 5165 2173 5216 titud

679 5235 728 5285 der
745 5234 800 5287 VU.
819 5234 1033 5298 sempeterna
1123 5237 1149 5297 e)
1176 5237 1262 5286 ducor
1279 5251 1338 5287 war
1354 5235 1433 5287 sciton
1457 5237 1558 5288 etamsi
1574 5235 1691 5306 Signum
1713 5233 1807 5287 domni
1829 5238 1859 5287 ὄπ
1882 5236 2064 5300 midumai
2082 5235 2172 5286 Bittis·

679 5306 769 5357 stoberr
787 5304 961 5369 paeehm'ehen,
981 5305 1046 5357 doclt
1064 5307 1127 5357 sind
1144 5308 1187 5358 die
1204 5307 1292 5358 Werte
1309 5307 1395 5358 durch
1414 5309 1489 5359 einen
1505 5323 1614 5373 prosata
1631 5307 1710 5359 rece
1728 5308 1784 5370 aus
1798 5308 1854 5359 dem
1871 5306 2028 5372 Perpamtnt
2045 5306 2103 5369 foai
2120 5322 2171 5357 ttet-
2188 5314 2215 5353 tt

680 5376 800 5427 eserici
815 5377 873 5426 und
889 5377 958 5427 wohl
972 5377 1080 5429 debete
1096 5377 1248 5428 mittier-holt
1303 5377 1328 5444 f)
1347 5379 1483 5443 duhirtter,
1499 5378 1650 5444 pleicltfolls
1666 5381 1695 5429 t'n
1710 5380 1890 5444 cerionem
1905 5377 2017 5443 Solu-itt,
2033 5392 2083 5428 oon
2099 5379 2172 5428 einer

674 5448 807 5512 janperen
827 5447 919 5512 Hand,
946 5448 1038 5499 welche
1055 5449 1124 5499 cuch
1143 5451 1171 5499 t'n
1190 5450 1269 5500 dorso
1287 5451 1361 5501 tinen
1379 5450 1506 5500 l'mrterlt
1524 5450 1588 5501 eder
1605 5452 1648 5501 die
1668 5450 1822 5515 mundunp
1839 5449 1986 5513 Bambtrpt
2003 5450 2171 5514 einpetrcpcn

680 5518 735 5583 hat,
755 5516 992 5586 Babenbergeusis
1064 5522 1092 5585 g)
1115 5520 1283 5571 uacaturus
1307 5522 1376 5572 eines
1401 5521 1521 5584 sciotheri
1540 5522 1652 5587 Sieqelsp
1675 5521 1739 5572 dass
1763 5521 1827 5587 dies,
1853 5523 1900 5572 wit
1924 5519 1960 5574 N.
1977 5519 2079 5571 Archia
2095 5523 2122 5584 3,
2135 5522 2170 5571 44

679 5604 865 5723 qmmm
892 5592 935 5653 ist,
959 5590 1017 5642 dem
1041 5593 1147 5643 zotica
1172 5591 1357 5657 Keniptat‘epel
1373 5591 1519 5644 Hcinrr'clts
1543 5592 1718 5659 mdtqeultmt
1743 5594 1790 5659 rei,
1817 5593 1883 5644 idest
1906 5591 1961 5641 stet
1986 5590 2059 5641 uelit
2082 5590 2172 5642 citha

822 5702 829 5715 ,
2187 5669 2215 5707 ω
