4800 6516
859 431 1097 488 HEINRICH
1120 434 1158 488 Π.
1200 434 1294 490 1002.
1867 430 1907 491 15

253 623 350 687 datur
380 635 478 709 atque
510 621 698 707 diligentius
730 633 951 703 conservetur,
984 643 1084 684 rnanu
1116 622 1248 707 propria
1281 619 1393 685 subter
1423 643 1497 684 eam
1525 620 1726 691 firmavimus
1751 635 1783 686 et
1810 621 1907 708 sigilli

252 731 354 794 nostri
379 730 580 815 inpressione
604 729 765 814 assignari
790 729 954 791 iussimus.

359 868 377 959 ᾖ
401 870 537 956 Signum
561 870 671 933 domni
695 870 844 933 Heinrici
870 876 933 947 (11.1
958 871 1044 955 regis
1069 869 1284 933 invictissimi.
1313 868 1330 957 ᾖ

359 1010 588 1101 {Egilbertus
613 1010 827 1076 cancellarius
851 1012 925 1075 rice
949 1010 1114 1096 Unilligisi
1138 1010 1391 1097 archicapellani
1415 1035 1524 1098 recog.
1549 1010 1566 1101 ᾖ
1746 1023 1801 1083 (SI.
1821 1022 1862 1092 2.)

217 1188 230 1227 5
359 1152 590 1219 batavinis
618 1153 683 1217 kal.
712 1164 793 1239 sept.
823 1175 908 1216 anno
937 1153 1120 1217 dominicae
1148 1154 1381 1218 incarnationis
1407 1168 1479 1237 1111,
1507 1154 1684 1220 indictione
1708 1154 1794 1237 xvi,
1823 1180 1908 1221 anno

253 1285 332 1327 vero
356 1261 466 1325 domni
490 1261 638 1325 Heinrici
662 1262 749 1345 regis
773 1275 803 1337 13
828 1272 936 1323 acttnn
960 1258 1198 1344 Nouiomagof.

1055 1551 1116 1635 la.

253 1713 431 1788 Heinrich
467 1714 632 1814 besta‘tiqt
662 1713 742 1786 cleas
767 1712 932 1787 Bistbota
958 1711 1197 1786 Halbecstadt
1231 1712 1302 1785 dea
1326 1713 1563 1804 Besitzstaad,
1599 1712 1907 1808 aisiamenta,

255 1834 326 1907 dea
355 1832 547 1905 11611116
572 1831 821 1923 Halberstadt,
849 1831 917 1904 das
943 1829 1148 1905 Waltlceclst
1172 1831 1252 1904 aad
1277 1830 1415 1905 6011616
1438 1830 1583 1905 Rechts.

211 1986 236 2023 10
1442 1959 1556 2018 Utrecltt
1580 1961 1660 2021 1002
1682 1963 1793 2037 ductat
1810 1965 1861 2023 27.

366 2101 678 2175 Oriqiuoltroasstoupt
701 2100 742 2158 K.
766 2100 873 2170 Adolss
895 2118 950 2157 cort
973 2102 1052 2157 1295
1075 2101 1193 2159 Jaauat·
1212 2102 1231 2159 9
1253 2102 1294 2159 im
1317 2101 1344 2158 11.
1371 2100 1570 2160 Staatsarcbiv
1593 2121 1628 2160 za
1652 2103 1754 2161 Berlin
1780 2105 1849 2172 (B).

363 2242 532 2301 Heinecsias
556 2242 678 2300 1101101.
706 2240 883 2299 6011611611.
907 2241 1012 2315 sylloge
1035 2241 1054 2298 4
1077 2260 1130 2300 ures
1152 2242 1182 2299 B
1205 2242 1274 2301 oder
1296 2243 1448 2314 ,1111111111
1470 2243 1562 2302 danos
1590 2265 1632 2290 =
1655 2244 1816 2316 Leucbseld
1837 2249 1905 2307 Ant.

363 2348 592 2407 1161116111666
615 2368 657 2394 =
682 2347 802 2405 Leibttiz
824 2347 899 2404 Atra
925 2348 953 2415 3,
973 2348 1041 2416 819,
1066 2368 1107 2393 =
1131 2347 1229 2422 Lt't'aip
1252 2348 1319 2407 ΒΑ.
1341 2340 1403 2417 17⁶,
1423 2350 1460 2407 19
1484 2353 1515 2408 tt⁰
1533 2351 1562 2419 9,
1591 2371 1633 2397 =
1657 2351 1816 2423 Lettcltseld
1837 2354 1905 2414 Ant.

364 2456 542 2513 transmarine
560 2456 607 2513 33.
633 2484 676 2491 -
699 2453 858 2525 Leuclrseld
879 2453 947 2511 Arri.
972 2453 1184 2527 Blaulreuhurp.
1203 2456 1242 2512 65
1265 2474 1318 2512 uris
1335 2453 1365 2513 C.
1390 2485 1434 2493 —
1457 2454 1596 2532 Luderst'q
1618 2456 1682 2516 net.
1701 2460 1730 2527 7,
1746 2461 1806 2517 437
1821 2464 1854 2519 0θ
1869 2463 1908 2522 10

362 2579 415 2620 aas
437 2561 475 2620 B.
500 2591 543 2599 -
568 2561 696 2619 Schmidt
721 2560 784 2619 ΕΒ.
809 2560 857 2618 (ies
880 2559 1045 2630 Hochstifts
1067 2559 1258 2619 Hslberstaclt
1282 2562 1309 2631 1,
1325 2562 1365 2619 45
1388 2564 1475 2623 11060
1497 2562 1598 2622 6116.
1623 2593 1666 2602 -
1690 2565 1816 2625 Bobmer
1834 2567 1905 2643 Req.

362 2670 431 2727 902.
456 2697 500 2705 -
524 2666 647 2741 Stttrttpf
665 2665 736 2742 ch.
758 2667 842 2724 1319.

366 2809 549 2868 Geschttehea
574 2810 644 2867 0611
667 2807 909 2867 00111104.

362 2959 401 3023 10
431 2960 561 3023 nornine
594 2974 706 3022 sancte
737 2970 770 3023 et
795 2957 964 3021 individue
998 2959 1160 3022 trinitatis
1213 2958 1388 3023 Heinricus
1419 2960 1531 3024 divina
1563 2960 1694 3027 favente
1728 2964 1907 3031 clemencia

256 3089 325 3130 reu.
434 3078 620 3130 Ecclesiarum
634 3080 678 3129 dei
696 3095 788 3129 curam
808 3094 911 3143 gerere,
931 3079 1117 3143 peticionibus
1130 3095 1241 3143 quoque
1260 3095 1402 3130 servorum
1415 3080 1459 3129 dei
1479 3097 1600 3132 annuere
1619 3084 1730 3147 regibus
1751 3094 1777 3135 et
1796 3087 1905 3137 honori-

212 3198 238 3235 20
256 3179 336 3228 ficum
356 3195 388 3228 ac
407 3176 517 3228 salubre
534 3178 593 3227 lore
608 3178 715 3227 structis
728 3176 855 3227 fidelibus
874 3174 980 3240 liquido
998 3175 1092 3226 claret.
1130 3177 1304 3243 Quapropter
1323 3179 1449 3227 omnibus
1468 3178 1594 3229 fidelibus
1615 3183 1715 3231 nostris
1734 3186 1906 3247 presentibus

256 3275 363 3326 seilicet
389 3284 472 3341 atque
499 3275 598 3325 tuturis
625 3282 720 3324 notum
745 3291 804 3325 esse
831 3273 967 3333 volumus,
994 3274 1132 3339 quomodo
1160 3276 1201 3323 vir
1227 3273 1391 3325 venerabilis
1417 3261 1582 3327 Amoldus
1607 3287 1701 3329 sancte
1725 3280 1769 3331 dei
1789 3280 1906 3333 ecclesie

257 3382 497 3432 Halberstadensis
518 3379 609 3447 presul
630 3390 750 3431 nostram
770 3382 867 3431 adiens
887 3379 1065 3430 clemenciam
1084 3382 1202 3455 piorum
1218 3379 1460 3432 antecessorum
1488 3391 1644 3434 nostrorum
1665 3402 1759 3451 regum
1778 3387 1906 3440 videlicet

257 3488 284 3531 et
309 3482 504 3546 imperatorum
528 3481 581 3545 ipsi
608 3480 667 3529 sedi
688 3495 819 3528 concessa
845 3486 976 3544 precepta
995 3486 1022 3528 et
1041 3478 1187 3544 privilegia
1205 3478 1313 3538 detulit,
1340 3480 1434 3530 eadem
1461 3497 1477 3530 a
1500 3483 1580 3531 nobis
1600 3484 1716 3534 concedi
1735 3493 1763 3536 et
1782 3488 1906 3537 roborari

257 3578 418 3644 deposcens.
456 3579 513 3628 Nos
534 3594 599 3627 1610
619 3578 654 3626 ob
674 3576 854 3626 devocionem
873 3574 973 3625 dilecte
993 3563 1140 3647 coniugis
1159 3586 1251 3626 nostre
1268 3561 1480 3649 Cunegundis
1500 3579 1631 3630 videlicet
1650 3569 1762 3653 regine
1782 3600 1832 3633 nec
1852 3601 1907 3636 non

212 3694 237 3732 25
257 3682 284 3726 et
308 3677 492 3725 interventum
517 3673 626 3725 fidelis
653 3676 758 3724 nostri
779 3672 909 3738 Willigisi
929 3673 1091 3738 Mogontine
1111 3675 1183 3723 sedis
1203 3675 1351 3724 venerandi
1371 3675 1573 3743 archiepiscopi
1591 3692 1607 3723 1
1628 3681 1672 3744 pie
1696 3681 1828 3745 peticioni
1847 3684 1906 3732 eius

256 3775 402 3838 benignum
422 3788 563 3822 assensum
576 3772 722 3837 prebentes
742 3772 840 3831 omnia,
860 3787 914 3835 que
934 3780 1082 3821 memorate
1097 3770 1323 3821 Halberstadensi
1337 3771 1453 3822 ecclesie
1471 3775 1506 3824 ab
1526 3761 1786 3828 antecessoribus
1805 3781 1905 3830 nostris

256 3882 331 3945 regia
350 3878 393 3929 161
414 3880 590 3945 imperatoria
615 3878 807 3928 munificencia
832 3879 891 3926 sive
917 3876 1035 3927 aliorum
1058 3877 1179 3927 fidelium
1199 3877 1354 3928 collacione
1381 3865 1450 3929 sivo
1477 3897 1525 3946 per
1544 3884 1695 3948 precariam
1714 3886 1786 3935 iuste
1805 3886 1907 3936 tradita

255 3976 327 4045 sunt,
347 3994 374 4037 et
393 3987 505 4052 insuper
524 3993 681 4044 mercatum,
701 4001 781 4049 quem
801 3985 881 4033 beate
901 3985 1030 4033 memorie
1050 3971 1158 4033 senior
1178 3994 1272 4033 noster
1291 3970 1367 4035 Otto
1386 3974 1506 4036 tercius
1527 3974 1681 4040 Videlicet
1700 3988 1733 4041 et
1757 3994 1907 4058 imperator

255 4104 389 4160 augustus
414 4108 430 4139 1
460 4095 488 4143 in
516 4091 662 4159 principali
695 4091 756 4141 loco
786 4089 1011 4142 Helberstadensi
1041 4090 1240 4156 perpetualiter
1267 4092 1421 4142 babendum
1450 4098 1600 4156 concessit,
1632 4083 1905 4168 quemadmodum

211 4210 353 4257 1061001
372 4217 421 4266 per
442 4188 503 4250 hoc
524 4208 648 4249 nostrum
667 4206 825 4265 preceptum
845 4199 1024 4258 decrevimus,
1051 4185 1172 4270 quique
1195 4186 1285 4269 pl'ius
1308 4199 1463 4271 precepto
1488 4187 1623 4252 secundi
1648 4190 1780 4254 Ottonis
1804 4193 1905 4278 impe·

256 4295 372 4358 ratoris
396 4294 525 4379 augusti
549 4308 577 4355 in
597 4305 659 4355 loco
679 4305 827 4371 Saligestat
846 4312 946 4355 vocato
966 4288 1159 4371 habebatur,
1182 4321 1237 4354 una
1256 4320 1318 4354 curu
1336 4305 1464 4356 thelouiis
1484 4324 1516 4357 ac
1536 4311 1652 4360 monetis
1673 4317 1699 4360 et
1718 4313 1795 4376 regio
1815 4313 1905 4363 banno

255 4408 284 4455 in
310 4407 434 4470 utrisque
462 4404 530 4454 locis
553 4405 678 4454 tenendis
699 4412 726 4454 et
745 4403 913 4469 accipiendis
934 4410 961 4453 et
980 4400 1099 4467 regalem
1119 4402 1297 4452 heribannum
1321 4420 1404 4470 super
1427 4403 1527 4455 milites
1552 4405 1653 4456 liberos
1673 4416 1700 4457 et
1718 4424 1813 4458 servos
1833 4411 1904 4460 eius-

256 4514 317 4562 dem
336 4510 454 4562 ecclesie
480 4514 534 4560 ac⁸
556 4517 649 4560 nostre
669 4510 858 4575 precepcionis
884 4511 960 4573 regia
985 4509 1150 4558 atrctoritate
1172 4509 1278 4575 prefato
1299 4511 1431 4576 episcopo
1451 4518 1479 4561 et
1498 4513 1557 4561 eius
1576 4512 1692 4564 ecclesie
1712 4516 1824 4579 suisque
1844 4532 1904 4566 suc·

256 4620 411 4668 censoribus
426 4618 516 4667 denno
531 4618 664 4666 donamus
684 4623 767 4680 atque
781 4615 980 4675 confirmanius,
1000 4616 1183 4680 precipientes
1197 4615 1308 4666 tirmiter
1327 4618 1403 4682 regio
1418 4619 1504 4678 iussu,
1524 4625 1554 4668 01
1568 4618 1660 4670 nullus
1679 4620 1762 4672 iudex
1776 4621 1905 4687 publicus

211 4741 304 4781 11160
323 4724 446 4790 quelibet
471 4724 616 4773 iudiciaria
638 4738 756 4788 persona
780 4713 922 4771 eiusdemb
946 4721 1019 4770 sedis
1046 4720 1110 4770 litos
1135 4737 1167 4770 ac
1191 4721 1306 4771 colonos
1325 4739 1374 4773 seu
1394 4724 1534 4788 quoslibet
1552 4728 1626 4776 viros
1653 4727 1687 4776 sd
1706 4729 1794 4794 ipsam
1812 4728 1906 4779 sedem

257 4833 338 4882 variis
358 4832 446 4882 modis
466 4832 612 4895 inquisitos
631 4826 674 4878 rel
695 4829 784 4879 adhuc
805 4827 982 4892 inquirendos
998 4825 1123 4892 quolibet
1142 4828 1223 4877 modo
1239 4828 1401 4893 distringere
1421 4831 1531 4891 audeat,
1549 4832 1598 4882 sed
1617 4842 1726 4885 maneat
1746 4836 1832 4900 ipsius
1851 4835 1905 4885 1061

256 4932 387 4995 episeopo
407 4927 525 4978 facultas
549 4929 659 4994 propria
686 4942 738 4991 que
762 4927 796 4976 de
820 4926 872 4975 hiis
899 4927 970 4975 iuste
993 4924 1112 4975 voluerit
1136 4926 1264 4975 faciendi.
1301 4926 1344 4976 Ad
1368 4927 1418 4977 ltec
1443 4930 1530 4979 eciam
1556 4947 1605 4996 pro
1630 4919 1766 4981 senioris
1790 4920 1904 4984 nostri·

255 5046 318 5108 que
342 5022 557 5085 antecessoris
581 5019 669 5084 felici
692 5020 849 5083 memoria
871 5040 1019 5097 nostraque
1040 5048 1170 5097 prospera
1189 5031 1378 5084 incolumitate
1394 5036 1480 5084 eciam
1500 5037 1623 5102 predicte
1643 5037 1761 5088 ecclesie
1777 5040 1904 5090 concedi·

255 5150 323 5193 mus,
350 5142 379 5184 ut
399 5133 517 5183 babeant
537 5132 658 5183 eiusdem
677 5131 750 5181 sedis
770 5131 862 5180 clerici
883 5132 1015 5180 canonice
1039 5137 1123 5194 atque
1143 5129 1331 5181 ecclesiastice
1357 5147 1406 5181 seu
1430 5134 1502 5182 inter
1525 5150 1554 5184 se
1574 5133 1617 5185 vel
1638 5134 1749 5186 aliunde
1769 5136 1850 5201 digne
1870 5137 1904 5187 ad

210 5238 707 5303 10110661600160160161611160111
728 5239 887 5303 episcopum
908 5235 1022 5287 liberam
1046 5252 1078 5286 ac
1105 5237 1242 5302 propriam
1268 5236 1437 5298 facultatem,
1464 5248 1627 5306 maneatque
1654 5242 1742 5292 eidem
1768 5242 1904 5294 10601101

255 5338 305 5388 hec
329 5338 473 5387 concessio
498 5353 580 5401 quam
605 5337 693 5385 omnis
720 5337 854 5385 emunitas
881 5350 1009 5399 umquam
1036 5336 1070 5384 ab
1097 5319 1357 5384 antecessoribus
1391 5338 1492 5386 nostris
1520 5336 1586 5387 illuc
1616 5356 1748 5390 concessa
1775 5341 1852 5392 lirma
1878 5350 1905 5393 et

256 5434 452 5501 perpetualiter
477 5434 604 5485 tenenda.
641 5434 677 5482 Et
703 5441 733 5482 ut
758 5432 810 5482 hoc
837 5440 929 5482 nostre
955 5433 1129 5482 auctoritatis
1148 5432 1288 5482 decretum
1312 5433 1414 5483 tirmius
1439 5434 1619 5500 stabiliusque
1644 5447 1809 5502 perseveret,
1835 5439 1905 5490 hanc

256 5549 357 5592 cartam
376 5542 440 5592 inde
461 5541 597 5591 conscribi
617 5541 746 5590 iussimus
765 5538 904 5602 anuloque
923 5544 1018 5587 nostro
1038 5538 1196 5602 insignitam
1215 5555 1297 5589 manu
1316 5542 1428 5607 propria
1447 5542 1543 5592 subtus
1563 5542 1737 5594 firmavimus.

344 5713 388 5768 la.
411 5712 434 5780 i)
450 5722 526 5770 vnn,
541 5722 589 5770 11,
605 5722 615 5759 1
637 5716 727 5764 actum
747 5709 920 5779 Nouiomago
939 5710 1062 5763 1161111011
1081 5710 1283 5776 nassamones.

208 5813 236 5852 ⁴⁶
344 5802 386 5858 la.
409 5801 555 5873 [Bresslau]
617 5812 642 5867 a)
663 5801 687 5852 B
705 5801 756 5864 fur
778 5799 829 5852 hac
909 5799 938 5866 b)
954 5797 1064 5853 eosdem
1084 5799 1108 5850 B
