<?xml version="1.0" encoding="UTF-8"?>
<!DOCTYPE html PUBLIC "-//W3C//DTD XHTML 1.0 Transitional//EN"
    "http://www.w3.org/TR/xhtml1/DTD/xhtml1-transitional.dtd">
<html xmlns="http://www.w3.org/1999/xhtml" xml:lang="en" lang="en">
 <head>
  <title>
</title>
<meta http-equiv="Content-Type" content="text/html;charset=utf-8" />
  <meta name='ocr-system' content='tesseract 3.04.00' />
  <meta name='ocr-capabilities' content='ocr_page ocr_carea ocr_par ocr_line ocrx_word'/>
</head>
<body>
  <div class='ocr_page' id='page_1' title='image "./monumentagerman01gescgoog/monumentagerman01gescgoog_0418.png"; bbox 0 0 4766 6604; ppageno 0'>
   <div class='ocr_carea' id='block_1_1' title="bbox 851 429 1893 494">
    <p class='ocr_par' dir='ltr' id='par_1_1' title="bbox 851 429 1893 494">
     <span class='ocr_line' id='line_1_1' title="bbox 851 429 1893 494; baseline -0.002 -1"><span class='ocrx_word' id='word_1_1' title='bbox 851 436 1088 493; x_wconf 81' lang='lat' dir='ltr'>HEINRICH</span> <span class='ocrx_word' id='word_1_2' title='bbox 1110 438 1148 492; x_wconf 93' lang='grc' dir='ltr'>Π.</span> <span class='ocrx_word' id='word_1_3' title='bbox 1191 434 1286 494; x_wconf 81' lang='lat'>1014.</span> <span class='ocrx_word' id='word_1_4' title='bbox 1829 429 1893 491; x_wconf 84' lang='lat'>383</span> 
     </span>
    </p>
   </div>
   <div class='ocr_carea' id='block_1_2' title="bbox 351 632 1900 1351">
    <p class='ocr_par' dir='ltr' id='par_1_2' title="bbox 351 632 1900 1351">
     <span class='ocr_line' id='line_1_2' title="bbox 351 632 1895 707; baseline -0.003 -12"><span class='ocrx_word' id='word_1_5' title='bbox 351 638 410 695; x_wconf 73' lang='lat'>414</span> <span class='ocrx_word' id='word_1_6' title='bbox 435 636 516 703; x_wconf 87' lang='lat' dir='ltr'><strong><em>(VU.</em></strong></span> <span class='ocrx_word' id='word_1_7' title='bbox 532 636 567 703; x_wconf 83' lang='grc' dir='ltr'>Ι)</span> <span class='ocrx_word' id='word_1_8' title='bbox 598 635 822 707; x_wconf 68' lang='lat' dir='ltr'>ztrrielpesitlrrt</span> <span class='ocrx_word' id='word_1_9' title='bbox 851 634 982 705; x_wconf 76' lang='lat' dir='ltr'>werden,</span> <span class='ocrx_word' id='word_1_10' title='bbox 1011 634 1043 691; x_wconf 80' lang='lat' dir='ltr'>ia</span> <span class='ocrx_word' id='word_1_11' title='bbox 1072 634 1135 693; x_wconf 83' lang='lat' dir='ltr'>dem</span> <span class='ocrx_word' id='word_1_12' title='bbox 1164 634 1210 692; x_wconf 85' lang='lat' dir='ltr'>die</span> <span class='ocrx_word' id='word_1_13' title='bbox 1233 633 1427 692; x_wconf 73' lang='lat' dir='ltr'>Marl’trechte</span> <span class='ocrx_word' id='word_1_14' title='bbox 1456 632 1644 707; x_wconf 78' lang='lat' dir='ltr'>belrcffeadea</span> <span class='ocrx_word' id='word_1_15' title='bbox 1666 632 1816 691; x_wconf 77' lang='lat' dir='ltr'>Abschoitt</span> <span class='ocrx_word' id='word_1_16' title='bbox 1838 637 1895 690; x_wconf 81' lang='lat' dir='ltr'>ent-</span> 
     </span>
     <span class='ocr_line' id='line_1_3' title="bbox 351 738 1896 818; baseline -0.004 -16"><span class='ocrx_word' id='word_1_17' title='bbox 351 744 462 818; x_wconf 72' lang='lat' dir='ltr'>spricht</span> <span class='ocrx_word' id='word_1_18' title='bbox 484 743 529 801; x_wconf 82' lang='lat' dir='ltr'>ein</span> <span class='ocrx_word' id='word_1_19' title='bbox 552 742 634 800; x_wconf 74' lang='lat' dir='ltr'>Theti</span> <span class='ocrx_word' id='word_1_20' title='bbox 656 741 719 799; x_wconf 84' lang='lat' dir='ltr'>dem</span> <span class='ocrx_word' id='word_1_21' title='bbox 742 741 836 799; x_wconf 70' lang='lat' dir='ltr'>bislee</span> <span class='ocrx_word' id='word_1_22' title='bbox 858 759 914 798; x_wconf 82' lang='lat' dir='ltr'>nur</span> <span class='ocrx_word' id='word_1_23' title='bbox 932 741 964 798; x_wconf 82' lang='lat' dir='ltr'>in</span> <span class='ocrx_word' id='word_1_24' title='bbox 982 741 1206 799; x_wconf 79' lang='lat' dir='ltr'>verstr&#39;c&#39;mmeller</span> <span class='ocrx_word' id='word_1_25' title='bbox 1225 740 1336 799; x_wconf 82' lang='lat' dir='ltr'>Gestalt</span> <span class='ocrx_word' id='word_1_26' title='bbox 1357 740 1527 813; x_wconf 79' lang='lat' dir='ltr'>pedroelcteo</span> <span class='ocrx_word' id='word_1_27' title='bbox 1549 738 1590 798; x_wconf 91' lang='lat' dir='ltr'>D.</span> <span class='ocrx_word' id='word_1_28' title='bbox 1611 738 1816 813; x_wconf 74' lang='lat' dir='ltr'>Berenparsl.</span> <span class='ocrx_word' id='word_1_29' title='bbox 1840 757 1896 796; x_wconf 80' lang='lat' dir='ltr'>eon</span> 
     </span>
     <span class='ocr_line' id='line_1_4' title="bbox 353 845 1900 921; baseline -0.003 -13"><span class='ocrx_word' id='word_1_30' title='bbox 353 852 411 909; x_wconf 83' lang='lat'>917</span> <span class='ocrx_word' id='word_1_31' title='bbox 426 850 584 908; x_wconf 74' lang='lat' dir='ltr'>November</span> <span class='ocrx_word' id='word_1_32' title='bbox 600 850 639 906; x_wconf 85' lang='lat'>17</span> <span class='ocrx_word' id='word_1_33' title='bbox 653 848 780 906; x_wconf 77' lang='lat' dir='ltr'>Bo&#39;lrmer</span> <span class='ocrx_word' id='word_1_34' title='bbox 794 847 865 921; x_wconf 77' lang='lat' dir='ltr'>Rep.</span> <span class='ocrx_word' id='word_1_35' title='bbox 883 847 959 905; x_wconf 82' lang='lat' dir='ltr'>Kar.</span> <span class='ocrx_word' id='word_1_36' title='bbox 978 848 1057 905; x_wconf 80' lang='lat'><em>1358</em></span> <span class='ocrx_word' id='word_1_37' title='bbox 1074 847 1156 913; x_wconf 83' lang='lat' dir='ltr'><strong><em>(VU.</em></strong></span> <span class='ocrx_word' id='word_1_38' title='bbox 1170 846 1240 919; x_wconf 85' lang='lat' dir='ltr'><em>II)‚·</em></span> <span class='ocrx_word' id='word_1_39' title='bbox 1258 847 1299 904; x_wconf 81' lang='lat' dir='ltr'>im</span> <span class='ocrx_word' id='word_1_40' title='bbox 1320 846 1468 921; x_wconf 73' lang='lat' dir='ltr'>solpendcn</span> <span class='ocrx_word' id='word_1_41' title='bbox 1487 847 1554 904; x_wconf 84' lang='lat' dir='ltr'>sind</span> <span class='ocrx_word' id='word_1_42' title='bbox 1573 846 1625 904; x_wconf 83' lang='lat' dir='ltr'>der</span> <span class='ocrx_word' id='word_1_43' title='bbox 1644 845 1716 904; x_wconf 71' lang='lat' dir='ltr'>Text</span> <span class='ocrx_word' id='word_1_44' title='bbox 1731 845 1783 905; x_wconf 80' lang='lat' dir='ltr'>der</span> <span class='ocrx_word' id='word_1_45' title='bbox 1801 845 1900 905; x_wconf 74' lang='grc' dir='ltr'>ΠΗ</span> 
     </span>
     <span class='ocr_line' id='line_1_5' title="bbox 352 952 1896 1027; baseline -0.003 -12"><span class='ocrx_word' id='word_1_46' title='bbox 352 957 411 1016; x_wconf 84' lang='lat' dir='ltr'>and</span> <span class='ocrx_word' id='word_1_47' title='bbox 426 957 477 1014; x_wconf 85' lang='lat' dir='ltr'>der</span> <span class='ocrx_word' id='word_1_48' title='bbox 492 956 541 1014; x_wconf 82' lang='lat' dir='ltr'>des</span> <span class='ocrx_word' id='word_1_49' title='bbox 552 953 620 1013; x_wconf 90' lang='lat' dir='ltr'>DO.</span> <span class='ocrx_word' id='word_1_50' title='bbox 634 953 699 1012; x_wconf 90' lang='grc' dir='ltr'><em>ΙΙΙ.</em></span> <span class='ocrx_word' id='word_1_51' title='bbox 713 954 772 1011; x_wconf 81' lang='grc'>374</span> <span class='ocrx_word' id='word_1_52' title='bbox 788 954 869 1019; x_wconf 87' lang='lat' dir='ltr'><em>(VU.</em></span> <span class='ocrx_word' id='word_1_53' title='bbox 884 953 960 1019; x_wconf 85' lang='lat' dir='ltr'>HI)</span> <span class='ocrx_word' id='word_1_54' title='bbox 977 953 1147 1012; x_wconf 79' lang='lat' dir='ltr'>ineinander</span> <span class='ocrx_word' id='word_1_55' title='bbox 1160 953 1321 1027; x_wconf 79' lang='lat' dir='ltr'>pearheilet,</span> <span class='ocrx_word' id='word_1_56' title='bbox 1337 954 1390 1013; x_wconf 82' lang='lat' dir='ltr'>mit</span> <span class='ocrx_word' id='word_1_57' title='bbox 1405 953 1535 1011; x_wconf 66' lang='lat' dir='ltr'>oetatem</span> <span class='ocrx_word' id='word_1_58' title='bbox 1550 954 1682 1011; x_wconf 68' lang='lat' dir='ltr'>letzim</span> <span class='ocrx_word' id='word_1_59' title='bbox 1697 952 1737 1010; x_wconf 91' lang='lat' dir='ltr'>D.</span> <span class='ocrx_word' id='word_1_60' title='bbox 1751 955 1812 1014; x_wconf 86' lang='lat'>306</span> <span class='ocrx_word' id='word_1_61' title='bbox 1826 954 1896 1012; x_wconf 82' lang='lat' dir='ltr'>noch</span> 
     </span>
     <span class='ocr_line' id='line_1_6' title="bbox 352 1049 1897 1138; baseline -0.002 -16"><span class='ocrx_word' id='word_1_62' title='bbox 352 1065 443 1138; x_wconf 76' lang='lat' dir='ltr'>eiaipe</span> <span class='ocrx_word' id='word_1_63' title='bbox 464 1062 570 1121; x_wconf 81' lang='grc' dir='ltr'><em>αοᾶενε</em></span> <span class='ocrx_word' id='word_1_64' title='bbox 591 1049 900 1135; x_wconf 75' lang='lat' dir='ltr'>bbereioetimmanpen</span> <span class='ocrx_word' id='word_1_65' title='bbox 923 1061 968 1118; x_wconf 83' lang='lat' dir='ltr'>als</span> <span class='ocrx_word' id='word_1_66' title='bbox 990 1060 1037 1119; x_wconf 83' lang='lat' dir='ltr'>die</span> <span class='ocrx_word' id='word_1_67' title='bbox 1058 1079 1113 1119; x_wconf 87' lang='lat' dir='ltr'>von</span> <span class='ocrx_word' id='word_1_68' title='bbox 1136 1060 1243 1133; x_wconf 74' lang='lat' dir='ltr'>Rieqer</span> <span class='ocrx_word' id='word_1_69' title='bbox 1266 1060 1620 1133; x_wconf 70' lang='lat' dir='ltr'>Iramunitlttsptioilepien</span> <span class='ocrx_word' id='word_1_70' title='bbox 1646 1062 1698 1130; x_wconf 75' lang='grc' dir='ltr'><em>[ἄν</em></span> <span class='ocrx_word' id='word_1_71' title='bbox 1719 1060 1897 1119; x_wconf 79' lang='lat' dir='ltr'>italienisclre</span> 
     </span>
     <span class='ocr_line' id='line_1_7' title="bbox 352 1166 1895 1242; baseline -0.003 -13"><span class='ocrx_word' id='word_1_72' title='bbox 352 1171 521 1230; x_wconf 75' lang='lat' dir='ltr'>Bisthiimer</span> <span class='ocrx_word' id='word_1_73' title='bbox 542 1170 585 1227; x_wconf 83' lang='lat'>28</span> <span class='ocrx_word' id='word_1_74' title='bbox 613 1167 870 1242; x_wconf 73' lang='lat' dir='ltr'>hernorpehohenen</span> <span class='ocrx_word' id='word_1_75' title='bbox 900 1167 1044 1238; x_wconf 75' lang='lat' dir='ltr'>ausiceist.</span> <span class='ocrx_word' id='word_1_76' title='bbox 1068 1196 1113 1205; x_wconf 90' lang='lat'>—</span> <span class='ocrx_word' id='word_1_77' title='bbox 1142 1167 1187 1224; x_wconf 81' lang='lat' dir='ltr'>Za</span> <span class='ocrx_word' id='word_1_78' title='bbox 1216 1167 1279 1225; x_wconf 82' lang='lat' dir='ltr'>dem</span> <span class='ocrx_word' id='word_1_79' title='bbox 1309 1167 1437 1237; x_wconf 77' lang='lat' dir='ltr'>soischen</span> <span class='ocrx_word' id='word_1_80' title='bbox 1460 1166 1733 1240; x_wconf 59' lang='lat' dir='ltr'>incarnationem</span> <span class='ocrx_word' id='word_1_81' title='bbox 1758 1167 1814 1241; x_wconf 75' lang='lat' dir='ltr'>apl.</span> <span class='ocrx_word' id='word_1_82' title='bbox 1839 1167 1895 1225; x_wconf 79' lang='lat' dir='ltr'>Er-</span> 
     </span>
     <span class='ocr_line' id='line_1_8' title="bbox 353 1273 848 1351; baseline -0.012 -15"><span class='ocrx_word' id='word_1_83' title='bbox 353 1279 547 1351; x_wconf 75' lang='lat' dir='ltr'>lltuternnpen,</span> <span class='ocrx_word' id='word_1_84' title='bbox 570 1275 720 1334; x_wconf 82' lang='lat' dir='ltr'>Abschnitt</span> <span class='ocrx_word' id='word_1_85' title='bbox 739 1273 803 1332; x_wconf 85' lang='grc' dir='ltr'>ΠΙ.</span> <span class='ocrx_word' id='word_1_86' title='bbox 844 1278 848 1287; x_wconf 94' lang='grc'><strong>’</strong></span> 
     </span>
    </p>
   </div>
   <div class='ocr_carea' id='block_1_3' title="bbox 201 1475 1981 4662">
    <p class='ocr_par' dir='ltr' id='par_1_3' title="bbox 201 1475 1981 4662">
     <span class='ocr_line' id='line_1_9' title="bbox 352 1475 1898 1545; baseline -0.002 0"><span class='ocrx_word' id='word_1_87' title='bbox 352 1482 393 1545; x_wconf 92' lang='lat' dir='ltr'>In</span> <span class='ocrx_word' id='word_1_88' title='bbox 414 1480 545 1544; x_wconf 91' lang='lat' dir='ltr'>nomine</span> <span class='ocrx_word' id='word_1_89' title='bbox 569 1490 680 1543; x_wconf 88' lang='lat' dir='ltr'>sancte</span> <span class='ocrx_word' id='word_1_90' title='bbox 706 1490 738 1541; x_wconf 91' lang='lat' dir='ltr'>et</span> <span class='ocrx_word' id='word_1_91' title='bbox 760 1477 927 1542; x_wconf 90' lang='lat' dir='ltr'>individue</span> <span class='ocrx_word' id='word_1_92' title='bbox 957 1478 1120 1542; x_wconf 89' lang='lat' dir='ltr'>trinitatis.</span> <span class='ocrx_word' id='word_1_93' title='bbox 1167 1477 1352 1542; x_wconf 75' lang='lat' dir='ltr'>Henricus⁸</span> <span class='ocrx_word' id='word_1_94' title='bbox 1381 1476 1494 1541; x_wconf 86' lang='lat' dir='ltr'>divina</span> <span class='ocrx_word' id='word_1_95' title='bbox 1524 1476 1694 1542; x_wconf 73' lang='lat' dir='ltr'>ordinante</span> <span class='ocrx_word' id='word_1_96' title='bbox 1725 1475 1898 1542; x_wconf 84' lang='lat' dir='ltr'>clementia</span> 
     </span>
     <span class='ocr_line' id='line_1_10' title="bbox 247 1588 1928 1672; baseline -0.002 -18"><span class='ocrx_word' id='word_1_97' title='bbox 247 1591 464 1654; x_wconf 81' lang='lat' dir='ltr'>Romanorum</span> <span class='ocrx_word' id='word_1_98' title='bbox 485 1588 663 1672; x_wconf 79' lang='lat' dir='ltr'>imperator</span> <span class='ocrx_word' id='word_1_99' title='bbox 680 1595 846 1671; x_wconf 82' lang='lat' dir='ltr'>augustus.</span> <span class='ocrx_word' id='word_1_100' title='bbox 938 1599 966 1649; x_wconf 86' lang='lat' dir='ltr'>Si</span> <span class='ocrx_word' id='word_1_101' title='bbox 987 1615 1053 1664; x_wconf 85' lang='lat' dir='ltr'>erga</span> <span class='ocrx_word' id='word_1_102' title='bbox 1072 1598 1135 1649; x_wconf 83' lang='lat' dir='ltr'>locs</span> <span class='ocrx_word' id='word_1_103' title='bbox 1154 1599 1254 1649; x_wconf 82' lang='lat' dir='ltr'>divinis</span> <span class='ocrx_word' id='word_1_104' title='bbox 1274 1594 1414 1649; x_wconf 73' lang='lat' dir='ltr'>cultibusb</span> <span class='ocrx_word' id='word_1_105' title='bbox 1433 1600 1591 1663; x_wconf 87' lang='lat' dir='ltr'>mancipata</span> <span class='ocrx_word' id='word_1_106' title='bbox 1609 1598 1742 1649; x_wconf 86' lang='lat' dir='ltr'>beneficia</span> <span class='ocrx_word' id='word_1_107' title='bbox 1761 1605 1899 1665; x_wconf 90' lang='lat' dir='ltr'>oportuna</span> <span class='ocrx_word' id='word_1_108' title='bbox 1917 1612 1928 1651; x_wconf 89' lang='lat'>1</span> 
     </span>
     <span class='ocr_line' id='line_1_11' title="bbox 203 1706 1898 1775; baseline -0.002 -14"><span class='ocrx_word' id='word_1_109' title='bbox 203 1724 229 1762; x_wconf 84' lang='grc' dir='ltr'>ιο</span> <span class='ocrx_word' id='word_1_110' title='bbox 249 1710 385 1775; x_wconf 80' lang='lat' dir='ltr'>largimur,</span> <span class='ocrx_word' id='word_1_111' title='bbox 407 1709 540 1775; x_wconf 85' lang='lat' dir='ltr'>premium</span> <span class='ocrx_word' id='word_1_112' title='bbox 556 1707 636 1756; x_wconf 89' lang='lat' dir='ltr'>uobis</span> <span class='ocrx_word' id='word_1_113' title='bbox 652 1723 669 1756; x_wconf 90' lang='lat' dir='ltr'>a</span> <span class='ocrx_word' id='word_1_114' title='bbox 686 1706 739 1755; x_wconf 89' lang='lat' dir='ltr'>deo</span> <span class='ocrx_word' id='word_1_115' title='bbox 757 1712 850 1756; x_wconf 89' lang='lat' dir='ltr'>eterne</span> <span class='ocrx_word' id='word_1_116' title='bbox 868 1706 1056 1757; x_wconf 80' lang='lat' dir='ltr'>retributionis</span> <span class='ocrx_word' id='word_1_117' title='bbox 1073 1706 1186 1772; x_wconf 90' lang='lat' dir='ltr'>rependi</span> <span class='ocrx_word' id='word_1_118' title='bbox 1202 1722 1257 1755; x_wconf 91' lang='lat' dir='ltr'>non</span> <span class='ocrx_word' id='word_1_119' title='bbox 1274 1706 1467 1770; x_wconf 75' lang='lat' dir='ltr'>ambigimus0.</span> <span class='ocrx_word' id='word_1_120' title='bbox 1502 1706 1611 1756; x_wconf 84' lang='lat' dir='ltr'>Idcirco</span> <span class='ocrx_word' id='word_1_121' title='bbox 1633 1706 1755 1756; x_wconf 87' lang='lat' dir='ltr'>omnium</span> <span class='ocrx_word' id='word_1_122' title='bbox 1777 1706 1898 1757; x_wconf 86' lang='lat' dir='ltr'>fidelium</span> 
     </span>
     <span class='ocr_line' id='line_1_12' title="bbox 245 1811 1914 1878; baseline -0.002 -11"><span class='ocrx_word' id='word_1_123' title='bbox 245 1823 340 1867; x_wconf 85' lang='lat' dir='ltr'>sancte</span> <span class='ocrx_word' id='word_1_124' title='bbox 359 1816 404 1866; x_wconf 90' lang='lat' dir='ltr'>dei</span> <span class='ocrx_word' id='word_1_125' title='bbox 424 1814 541 1866; x_wconf 89' lang='lat' dir='ltr'>ecclesie</span> <span class='ocrx_word' id='word_1_126' title='bbox 560 1820 771 1877; x_wconf 86' lang='lat' dir='ltr'>nostrorumque</span> <span class='ocrx_word' id='word_1_127' title='bbox 790 1814 957 1878; x_wconf 86' lang='lat' dir='ltr'>presentium</span> <span class='ocrx_word' id='word_1_128' title='bbox 977 1812 1086 1863; x_wconf 89' lang='lat' dir='ltr'>scilicet</span> <span class='ocrx_word' id='word_1_129' title='bbox 1105 1811 1137 1863; x_wconf 83' lang='lat' dir='ltr'>et</span> <span class='ocrx_word' id='word_1_130' title='bbox 1157 1813 1310 1863; x_wconf 76' lang='lat' dir='ltr'>futurorum</span> <span class='ocrx_word' id='word_1_131' title='bbox 1329 1811 1443 1863; x_wconf 77' lang='lat' dir='ltr'>solertia</span> <span class='ocrx_word' id='word_1_132' title='bbox 1461 1813 1578 1872; x_wconf 86' lang='lat' dir='ltr'>noverit,</span> <span class='ocrx_word' id='word_1_133' title='bbox 1598 1814 1664 1878; x_wconf 85' lang='lat' dir='ltr'>quia</span> <span class='ocrx_word' id='word_1_134' title='bbox 1682 1813 1777 1864; x_wconf 84' lang='lat' dir='ltr'>adicus</span> <span class='ocrx_word' id='word_1_135' title='bbox 1795 1816 1914 1875; x_wconf 53' lang='lat' dir='ltr'>serent„</span> 
     </span>
     <span class='ocr_line' id='line_1_13' title="bbox 246 1905 1898 1986; baseline -0.002 -12"><span class='ocrx_word' id='word_1_136' title='bbox 246 1931 330 1974; x_wconf 81' lang='lat' dir='ltr'>tatem</span> <span class='ocrx_word' id='word_1_137' title='bbox 349 1922 476 1974; x_wconf 88' lang='lat' dir='ltr'>culminis</span> <span class='ocrx_word' id='word_1_138' title='bbox 494 1923 582 1972; x_wconf 87' lang='lat' dir='ltr'>nostri</span> <span class='ocrx_word' id='word_1_139' title='bbox 600 1907 717 1970; x_wconf 80' lang='lat' dir='ltr'>Petrus</span> <span class='ocrx_word' id='word_1_140' title='bbox 735 1905 946 1970; x_wconf 81' lang='lat' dir='ltr'>Nouariensis</span> <span class='ocrx_word' id='word_1_141' title='bbox 966 1920 1086 1970; x_wconf 84' lang='lat' dir='ltr'>civitatis</span> <span class='ocrx_word' id='word_1_142' title='bbox 1105 1919 1270 1971; x_wconf 82' lang='lat' dir='ltr'>venerabilis</span> <span class='ocrx_word' id='word_1_143' title='bbox 1289 1918 1382 1986; x_wconf 78' lang='lat' dir='ltr'>presul</span> <span class='ocrx_word' id='word_1_144' title='bbox 1398 1926 1547 1984; x_wconf 87' lang='lat' dir='ltr'>nosterque</span> <span class='ocrx_word' id='word_1_145' title='bbox 1564 1918 1683 1970; x_wconf 89' lang='lat' dir='ltr'>dilectus</span> <span class='ocrx_word' id='word_1_146' title='bbox 1700 1919 1788 1971; x_wconf 86' lang='lat' dir='ltr'>fidelis</span> <span class='ocrx_word' id='word_1_147' title='bbox 1804 1920 1898 1971; x_wconf 89' lang='lat' dir='ltr'>retulit</span> 
     </span>
     <span class='ocr_line' id='line_1_14' title="bbox 246 2012 1899 2100; baseline -0.002 -19"><span class='ocrx_word' id='word_1_148' title='bbox 246 2031 380 2096; x_wconf 87' lang='lat' dir='ltr'>quosdam</span> <span class='ocrx_word' id='word_1_149' title='bbox 405 2035 562 2079; x_wconf 89' lang='lat' dir='ltr'>nostrorum</span> <span class='ocrx_word' id='word_1_150' title='bbox 587 2023 759 2100; x_wconf 77' lang='lat' dir='ltr'>parentum</span> <span class='ocrx_word' id='word_1_151' title='bbox 782 2012 842 2076; x_wconf 68' lang='lat' dir='ltr'>aed</span> <span class='ocrx_word' id='word_1_152' title='bbox 866 2028 1123 2093; x_wconf 81' lang='lat' dir='ltr'>predecessorum</span> <span class='ocrx_word' id='word_1_153' title='bbox 1150 2044 1244 2091; x_wconf 82' lang='lat' dir='ltr'>regum</span> <span class='ocrx_word' id='word_1_154' title='bbox 1268 2040 1285 2071; x_wconf 67' lang='lat' dir='ltr'>a</span> <span class='ocrx_word' id='word_1_155' title='bbox 1313 2033 1341 2077; x_wconf 90' lang='lat' dir='ltr'>et</span> <span class='ocrx_word' id='word_1_156' title='bbox 1365 2028 1573 2092; x_wconf 85' lang='lat' dir='ltr'>imperatorum,</span> <span class='ocrx_word' id='word_1_157' title='bbox 1601 2013 1749 2077; x_wconf 80' lang='lat' dir='ltr'>Ottonifl⁰</span> <span class='ocrx_word' id='word_1_158' title='bbox 1773 2013 1899 2079; x_wconf 78' lang='lat' dir='ltr'>scilicet</span> 
     </span>
     <span class='ocr_line' id='line_1_15' title="bbox 246 2119 1897 2208; baseline -0.002 -20"><span class='ocrx_word' id='word_1_159' title='bbox 246 2124 379 2188; x_wconf 86' lang='lat' dir='ltr'>maioris</span> <span class='ocrx_word' id='word_1_160' title='bbox 401 2121 524 2208; x_wconf 89' lang='lat' dir='ltr'>filiique</span> <span class='ocrx_word' id='word_1_161' title='bbox 549 2121 619 2184; x_wconf 87' lang='lat' dir='ltr'>eius</span> <span class='ocrx_word' id='word_1_162' title='bbox 643 2143 682 2184; x_wconf 90' lang='lat' dir='ltr'>ac</span> <span class='ocrx_word' id='word_1_163' title='bbox 704 2121 862 2205; x_wconf 71' lang='lat' dir='ltr'>nepotis0,</span> <span class='ocrx_word' id='word_1_164' title='bbox 889 2150 995 2184; x_wconf 82' lang='lat' dir='ltr'>omnem</span> <span class='ocrx_word' id='word_1_165' title='bbox 1016 2133 1163 2185; x_wconf 83' lang='lat' dir='ltr'>liberorum</span> <span class='ocrx_word' id='word_1_166' title='bbox 1182 2134 1320 2184; x_wconf 86' lang='lat' dir='ltr'>hominum</span> <span class='ocrx_word' id='word_1_167' title='bbox 1340 2134 1463 2199; x_wconf 78' lang='lat' dir='ltr'>predicte</span> <span class='ocrx_word' id='word_1_168' title='bbox 1483 2135 1603 2185; x_wconf 67' lang='lat' dir='ltr'>ciurana</span> <span class='ocrx_word' id='word_1_169' title='bbox 1627 2119 1838 2184; x_wconf 89' lang='lat' dir='ltr'>Nouarieusis</span> <span class='ocrx_word' id='word_1_170' title='bbox 1865 2152 1897 2185; x_wconf 79' lang='lat' dir='ltr'>ao</span> 
     </span>
     <span class='ocr_line' id='line_1_16' title="bbox 202 2228 1897 2312; baseline -0.003 -14"><span class='ocrx_word' id='word_1_171' title='bbox 202 2257 228 2298; x_wconf 76' lang='grc' dir='ltr'>ιο</span> <span class='ocrx_word' id='word_1_172' title='bbox 248 2262 296 2312; x_wconf 86' lang='lat' dir='ltr'>per</span> <span class='ocrx_word' id='word_1_173' title='bbox 314 2245 412 2309; x_wconf 81' lang='lat' dir='ltr'>viginti</span> <span class='ocrx_word' id='word_1_174' title='bbox 431 2250 551 2308; x_wconf 85' lang='lat' dir='ltr'>quatuor</span> <span class='ocrx_word' id='word_1_175' title='bbox 575 2229 610 2291; x_wconf 83' lang='lat' dir='ltr'>in</span> <span class='ocrx_word' id='word_1_176' title='bbox 631 2228 768 2292; x_wconf 80' lang='lat' dir='ltr'>circuitu</span> <span class='ocrx_word' id='word_1_177' title='bbox 793 2236 901 2291; x_wconf 75' lang='lat' dir='ltr'>stadius</span> <span class='ocrx_word' id='word_1_178' title='bbox 927 2257 977 2307; x_wconf 91' lang='lat' dir='ltr'>pro</span> <span class='ocrx_word' id='word_1_179' title='bbox 1002 2248 1126 2306; x_wconf 89' lang='lat' dir='ltr'>tempore</span> <span class='ocrx_word' id='word_1_180' title='bbox 1152 2240 1394 2290; x_wconf 80' lang='lat' dir='ltr'>cohabitatorums</span> <span class='ocrx_word' id='word_1_181' title='bbox 1419 2242 1573 2291; x_wconf 89' lang='lat' dir='ltr'>districtum</span> <span class='ocrx_word' id='word_1_182' title='bbox 1599 2240 1709 2307; x_wconf 89' lang='lat' dir='ltr'>publice</span> <span class='ocrx_word' id='word_1_183' title='bbox 1735 2241 1801 2291; x_wconf 91' lang='lat' dir='ltr'>olim</span> <span class='ocrx_word' id='word_1_184' title='bbox 1825 2244 1897 2308; x_wconf 86' lang='lat' dir='ltr'>parti</span> 
     </span>
     <span class='ocr_line' id='line_1_17' title="bbox 247 2347 1897 2419; baseline -0.002 -16"><span class='ocrx_word' id='word_1_185' title='bbox 247 2355 428 2419; x_wconf 83' lang='lat' dir='ltr'>pertinentem</span> <span class='ocrx_word' id='word_1_186' title='bbox 446 2351 500 2400; x_wconf 89' lang='lat' dir='ltr'>iuri</span> <span class='ocrx_word' id='word_1_187' title='bbox 519 2365 569 2399; x_wconf 88' lang='lat' dir='ltr'>sue</span> <span class='ocrx_word' id='word_1_188' title='bbox 589 2347 706 2399; x_wconf 87' lang='lat' dir='ltr'>ecclesie</span> <span class='ocrx_word' id='word_1_189' title='bbox 725 2348 879 2398; x_wconf 83' lang='lat' dir='ltr'>subdidisse</span> <span class='ocrx_word' id='word_1_190' title='bbox 898 2349 1087 2413; x_wconf 77' lang='lat' dir='ltr'>prefatumque</span> <span class='ocrx_word' id='word_1_191' title='bbox 1106 2347 1198 2398; x_wconf 86' lang='lat' dir='ltr'>sedem</span> <span class='ocrx_word' id='word_1_192' title='bbox 1217 2349 1245 2397; x_wconf 91' lang='lat' dir='ltr'>iu</span> <span class='ocrx_word' id='word_1_193' title='bbox 1264 2347 1395 2398; x_wconf 88' lang='lat' dir='ltr'>honorem</span> <span class='ocrx_word' id='word_1_194' title='bbox 1414 2354 1508 2398; x_wconf 86' lang='lat' dir='ltr'>sancte</span> <span class='ocrx_word' id='word_1_195' title='bbox 1535 2349 1579 2398; x_wconf 92' lang='lat' dir='ltr'>dei</span> <span class='ocrx_word' id='word_1_196' title='bbox 1605 2350 1746 2414; x_wconf 83' lang='lat' dir='ltr'>genitricis</span> <span class='ocrx_word' id='word_1_197' title='bbox 1772 2366 1823 2399; x_wconf 89' lang='lat' dir='ltr'>nec</span> <span class='ocrx_word' id='word_1_198' title='bbox 1842 2366 1897 2400; x_wconf 92' lang='lat' dir='ltr'>uou</span> 
     </span>
     <span class='ocr_line' id='line_1_18' title="bbox 248 2454 1895 2523; baseline -0.002 -14"><span class='ocrx_word' id='word_1_199' title='bbox 248 2467 275 2510; x_wconf 88' lang='lat' dir='ltr'>et</span> <span class='ocrx_word' id='word_1_200' title='bbox 294 2460 367 2508; x_wconf 87' lang='lat' dir='ltr'>beati</span> <span class='ocrx_word' id='word_1_201' title='bbox 387 2457 534 2508; x_wconf 84' lang='lat' dir='ltr'>Gaudentii</span> <span class='ocrx_word' id='word_1_202' title='bbox 554 2455 718 2505; x_wconf 80' lang='lat' dir='ltr'>contessoris</span> <span class='ocrx_word' id='word_1_203' title='bbox 738 2454 838 2505; x_wconf 86' lang='lat' dir='ltr'>Christi</span> <span class='ocrx_word' id='word_1_204' title='bbox 858 2455 976 2504; x_wconf 85' lang='lat' dir='ltr'>dicatam</span> <span class='ocrx_word' id='word_1_205' title='bbox 1003 2471 1065 2504; x_wconf 91' lang='lat' dir='ltr'>cum</span> <span class='ocrx_word' id='word_1_206' title='bbox 1091 2456 1173 2505; x_wconf 90' lang='lat' dir='ltr'>rebus</span> <span class='ocrx_word' id='word_1_207' title='bbox 1193 2461 1220 2504; x_wconf 89' lang='lat' dir='ltr'>et</span> <span class='ocrx_word' id='word_1_208' title='bbox 1239 2456 1365 2505; x_wconf 91' lang='lat' dir='ltr'>omnihus</span> <span class='ocrx_word' id='word_1_209' title='bbox 1384 2456 1538 2506; x_wconf 87' lang='lat' dir='ltr'>homiuibus</span> <span class='ocrx_word' id='word_1_210' title='bbox 1558 2455 1592 2505; x_wconf 88' lang='lat' dir='ltr'>ad</span> <span class='ocrx_word' id='word_1_211' title='bbox 1612 2472 1672 2506; x_wconf 87' lang='lat' dir='ltr'>eam</span> <span class='ocrx_word' id='word_1_212' title='bbox 1691 2454 1817 2521; x_wconf 83' lang='lat' dir='ltr'>legaliter</span> <span class='ocrx_word' id='word_1_213' title='bbox 1836 2473 1895 2523; x_wconf 89' lang='lat' dir='ltr'>per·</span> 
     </span>
     <span class='ocr_line' id='line_1_19' title="bbox 247 2545 1895 2635; baseline -0.002 -19"><span class='ocrx_word' id='word_1_214' title='bbox 247 2567 398 2616; x_wconf 90' lang='lat' dir='ltr'>tinentihus</span> <span class='ocrx_word' id='word_1_215' title='bbox 417 2566 468 2615; x_wconf 88' lang='lat' dir='ltr'>sub</span> <span class='ocrx_word' id='word_1_216' title='bbox 487 2580 538 2614; x_wconf 84' lang='lat' dir='ltr'>sua</span> <span class='ocrx_word' id='word_1_217' title='bbox 557 2554 716 2628; x_wconf 73' lang='lat' dir='ltr'>recepisse¹²</span> <span class='ocrx_word' id='word_1_218' title='bbox 732 2563 850 2612; x_wconf 90' lang='lat' dir='ltr'>tuitione</span> <span class='ocrx_word' id='word_1_219' title='bbox 870 2578 902 2612; x_wconf 84' lang='lat' dir='ltr'>ac</span> <span class='ocrx_word' id='word_1_220' title='bbox 929 2556 1116 2613; x_wconf 73' lang='lat' dir='ltr'>defensionel.</span> <span class='ocrx_word' id='word_1_221' title='bbox 1160 2545 1310 2611; x_wconf 72' lang='lat' dir='ltr'>Relatum</span> <span class='ocrx_word' id='word_1_222' title='bbox 1334 2560 1383 2612; x_wconf 77' lang='lat' dir='ltr'>est</span> <span class='ocrx_word' id='word_1_223' title='bbox 1406 2570 1546 2634; x_wconf 78' lang='lat' dir='ltr'>quoque,</span> <span class='ocrx_word' id='word_1_224' title='bbox 1569 2549 1772 2613; x_wconf 61' lang='lat' dir='ltr'>mercatum*</span> <span class='ocrx_word' id='word_1_225' title='bbox 1793 2550 1895 2635; x_wconf 79' lang='lat' dir='ltr'>ipsius</span> 
     </span>
     <span class='ocr_line' id='line_1_20' title="bbox 247 2653 1938 2747; baseline -0.003 -25"><span class='ocrx_word' id='word_1_226' title='bbox 247 2656 407 2747; x_wconf 68' lang='grc' dir='ltr'>Νοοονίο1</span> <span class='ocrx_word' id='word_1_227' title='bbox 434 2657 585 2738; x_wconf 86' lang='lat' dir='ltr'>civitatis,</span> <span class='ocrx_word' id='word_1_228' title='bbox 610 2654 698 2741; x_wconf 91' lang='lat' dir='ltr'>quod</span> <span class='ocrx_word' id='word_1_229' title='bbox 721 2655 808 2718; x_wconf 89' lang='lat' dir='ltr'>omni</span> <span class='ocrx_word' id='word_1_230' title='bbox 832 2654 885 2718; x_wconf 92' lang='lat' dir='ltr'>die</span> <span class='ocrx_word' id='word_1_231' title='bbox 908 2654 997 2718; x_wconf 84' lang='lat' dir='ltr'>Iovis</span> <span class='ocrx_word' id='word_1_232' title='bbox 1020 2655 1136 2739; x_wconf 82' lang='lat' dir='ltr'>agitur,</span> <span class='ocrx_word' id='word_1_233' title='bbox 1160 2676 1221 2718; x_wconf 88' lang='lat' dir='ltr'>nec</span> <span class='ocrx_word' id='word_1_234' title='bbox 1245 2676 1310 2718; x_wconf 92' lang='lat' dir='ltr'>nou</span> <span class='ocrx_word' id='word_1_235' title='bbox 1333 2653 1470 2718; x_wconf 87' lang='lat' dir='ltr'>alterum</span> <span class='ocrx_word' id='word_1_236' title='bbox 1493 2665 1671 2719; x_wconf 85' lang='lat' dir='ltr'>mercatum</span> <span class='ocrx_word' id='word_1_237' title='bbox 1694 2670 1723 2719; x_wconf 87' lang='lat' dir='ltr'>in</span> <span class='ocrx_word' id='word_1_238' title='bbox 1749 2670 1895 2722; x_wconf 77' lang='lat' dir='ltr'>Gaudiano</span> <span class='ocrx_word' id='word_1_239' title='bbox 1914 2680 1938 2718; x_wconf 88' lang='lat'>11</span> 
     </span>
     <span class='ocr_line' id='line_1_21' title="bbox 202 2761 1896 2849; baseline -0.002 -18"><span class='ocrx_word' id='word_1_240' title='bbox 202 2765 374 2832; x_wconf 82' lang='lat' dir='ltr'>sedecimo</span> <span class='ocrx_word' id='word_1_241' title='bbox 405 2764 458 2828; x_wconf 90' lang='lat' dir='ltr'>die</span> <span class='ocrx_word' id='word_1_242' title='bbox 487 2763 772 2848; x_wconf 79' lang='lat' dir='ltr'>uniuscuiusqueln</span> <span class='ocrx_word' id='word_1_243' title='bbox 795 2762 916 2825; x_wconf 85' lang='lat' dir='ltr'>mensis</span> <span class='ocrx_word' id='word_1_244' title='bbox 946 2763 1155 2825; x_wconf 86' lang='lat' dir='ltr'>constitutum</span> <span class='ocrx_word' id='word_1_245' title='bbox 1186 2772 1218 2825; x_wconf 92' lang='lat' dir='ltr'>et</span> <span class='ocrx_word' id='word_1_246' title='bbox 1247 2774 1386 2826; x_wconf 71' lang='lat' dir='ltr'>annuns¹²</span> <span class='ocrx_word' id='word_1_247' title='bbox 1411 2782 1561 2827; x_wconf 82' lang='lat' dir='ltr'>mereatum</span> <span class='ocrx_word' id='word_1_248' title='bbox 1588 2764 1623 2825; x_wconf 91' lang='lat' dir='ltr'>in</span> <span class='ocrx_word' id='word_1_249' title='bbox 1653 2761 1769 2826; x_wconf 89' lang='lat' dir='ltr'>eadem</span> <span class='ocrx_word' id='word_1_250' title='bbox 1798 2763 1896 2849; x_wconf 86' lang='lat' dir='ltr'>plebe</span> 
     </span>
     <span class='ocr_line' id='line_1_22' title="bbox 246 2882 1896 2948; baseline -0.001 -12"><span class='ocrx_word' id='word_1_251' title='bbox 246 2903 319 2936; x_wconf 89' lang='lat' dir='ltr'>nono</span> <span class='ocrx_word' id='word_1_252' title='bbox 339 2884 470 2936; x_wconf 86' lang='lat' dir='ltr'>kalendas</span> <span class='ocrx_word' id='word_1_253' title='bbox 488 2884 704 2943; x_wconf 83' lang='lat' dir='ltr'>novembrium0,</span> <span class='ocrx_word' id='word_1_254' title='bbox 722 2883 751 2933; x_wconf 93' lang='lat' dir='ltr'>id</span> <span class='ocrx_word' id='word_1_255' title='bbox 771 2888 832 2932; x_wconf 73' lang='lat' dir='ltr'>estl‘</span> <span class='ocrx_word' id='word_1_256' title='bbox 851 2898 901 2948; x_wconf 91' lang='lat' dir='ltr'>per</span> <span class='ocrx_word' id='word_1_257' title='bbox 919 2888 1055 2932; x_wconf 66' lang='lat' dir='ltr'>omnest</span> <span class='ocrx_word' id='word_1_258' title='bbox 1079 2883 1287 2932; x_wconf 64' lang='lat' dir='ltr'>testivitatem</span> <span class='ocrx_word' id='word_1_259' title='bbox 1311 2883 1462 2932; x_wconf 81' lang='lat' dir='ltr'>beatissimi</span> <span class='ocrx_word' id='word_1_260' title='bbox 1482 2882 1584 2933; x_wconf 87' lang='lat' dir='ltr'>Iuliani</span> <span class='ocrx_word' id='word_1_261' title='bbox 1604 2884 1767 2935; x_wconf 84' lang='lat' dir='ltr'>confessoris</span> <span class='ocrx_word' id='word_1_262' title='bbox 1787 2883 1896 2945; x_wconf 85' lang='lat' dir='ltr'>Christi,</span> 
     </span>
     <span class='ocr_line' id='line_1_23' title="bbox 247 2974 1896 3062; baseline 0 -20"><span class='ocrx_word' id='word_1_263' title='bbox 247 2978 337 3043; x_wconf 88' lang='lat' dir='ltr'>aliud</span> <span class='ocrx_word' id='word_1_264' title='bbox 359 2979 457 3042; x_wconf 89' lang='lat' dir='ltr'>etiam</span> <span class='ocrx_word' id='word_1_265' title='bbox 480 2996 629 3041; x_wconf 79' lang='lat' dir='ltr'>mereatum</span> <span class='ocrx_word' id='word_1_266' title='bbox 648 2991 676 3039; x_wconf 85' lang='lat' dir='ltr'>in</span> <span class='ocrx_word' id='word_1_267' title='bbox 696 2988 814 3040; x_wconf 70' lang='lat' dir='ltr'>(restriar</span> <span class='ocrx_word' id='word_1_268' title='bbox 841 2976 928 3039; x_wconf 91' lang='lat' dir='ltr'>omni</span> <span class='ocrx_word' id='word_1_269' title='bbox 952 2974 1004 3038; x_wconf 91' lang='lat' dir='ltr'>die</span> <span class='ocrx_word' id='word_1_270' title='bbox 1029 2974 1193 3039; x_wconf 87' lang='lat' dir='ltr'>dominica</span> <span class='ocrx_word' id='word_1_271' title='bbox 1215 2974 1433 3057; x_wconf 83' lang='lat' dir='ltr'>hedificatum,</span> <span class='ocrx_word' id='word_1_272' title='bbox 1462 2975 1550 3061; x_wconf 90' lang='lat' dir='ltr'>quod</span> <span class='ocrx_word' id='word_1_273' title='bbox 1572 2977 1707 3062; x_wconf 89' lang='lat' dir='ltr'>insuper</span> <span class='ocrx_word' id='word_1_274' title='bbox 1728 2980 1896 3042; x_wconf 89' lang='lat' dir='ltr'>aunuatim</span> 
     </span>
     <span class='ocr_line' id='line_1_24' title="bbox 247 3080 1896 3171; baseline -0.001 -22"><span class='ocrx_word' id='word_1_275' title='bbox 247 3088 281 3149; x_wconf 89' lang='lat' dir='ltr'>iu</span> <span class='ocrx_word' id='word_1_276' title='bbox 304 3086 479 3149; x_wconf 83' lang='lat' dir='ltr'>festivitate</span> <span class='ocrx_word' id='word_1_277' title='bbox 503 3094 688 3148; x_wconf 85' lang='lat' dir='ltr'>sanctorum</span> <span class='ocrx_word' id='word_1_278' title='bbox 711 3084 878 3146; x_wconf 88' lang='lat' dir='ltr'>martirum</span> <span class='ocrx_word' id='word_1_279' title='bbox 901 3081 1083 3146; x_wconf 78' lang='lat' dir='ltr'>Prothasii⁸</span> <span class='ocrx_word' id='word_1_280' title='bbox 1108 3092 1141 3145; x_wconf 90' lang='lat' dir='ltr'>et</span> <span class='ocrx_word' id='word_1_281' title='bbox 1160 3080 1330 3145; x_wconf 82' lang='lat' dir='ltr'>Geruasii¹</span> <span class='ocrx_word' id='word_1_282' title='bbox 1356 3081 1502 3163; x_wconf 69' lang='lat' dir='ltr'>colitur‘,</span> <span class='ocrx_word' id='word_1_283' title='bbox 1528 3084 1743 3167; x_wconf 82' lang='lat' dir='ltr'>concessisse3</span> <span class='ocrx_word' id='word_1_284' title='bbox 1767 3096 1896 3171; x_wconf 89' lang='lat' dir='ltr'>portum</span> 
     </span>
     <span class='ocr_line' id='line_1_25' title="bbox 247 3188 1896 3279; baseline 0 -23"><span class='ocrx_word' id='word_1_285' title='bbox 247 3214 377 3279; x_wconf 89' lang='lat' dir='ltr'>quoque</span> <span class='ocrx_word' id='word_1_286' title='bbox 407 3192 463 3277; x_wconf 88' lang='lat' dir='ltr'>qui</span> <span class='ocrx_word' id='word_1_287' title='bbox 493 3202 630 3255; x_wconf 87' lang='lat' dir='ltr'>vocatur</span> <span class='ocrx_word' id='word_1_288' title='bbox 652 3190 862 3254; x_wconf 80' lang='lat' dir='ltr'>Bestaniumu</span> <span class='ocrx_word' id='word_1_289' title='bbox 892 3188 1037 3274; x_wconf 86' lang='lat' dir='ltr'>predicte</span> <span class='ocrx_word' id='word_1_290' title='bbox 1069 3189 1207 3253; x_wconf 87' lang='lat' dir='ltr'>ecclesie</span> <span class='ocrx_word' id='word_1_291' title='bbox 1240 3188 1370 3253; x_wconf 86' lang='lat' dir='ltr'>dedisse</span> <span class='ocrx_word' id='word_1_292' title='bbox 1404 3191 1614 3271; x_wconf 83' lang='lat' dir='ltr'>memoravit,</span> <span class='ocrx_word' id='word_1_293' title='bbox 1650 3202 1801 3276; x_wconf 89' lang='lat' dir='ltr'>preterea</span> <span class='ocrx_word' id='word_1_294' title='bbox 1830 3202 1896 3256; x_wconf 91' lang='lat' dir='ltr'>tres</span> 
     </span>
     <span class='ocr_line' id='line_1_26' title="bbox 201 3293 1897 3383; baseline -0.002 -17"><span class='ocrx_word' id='word_1_295' title='bbox 201 3326 228 3366; x_wconf 73' lang='grc' dir='ltr'><em>νο</em></span> <span class='ocrx_word' id='word_1_296' title='bbox 246 3321 377 3363; x_wconf 87' lang='lat' dir='ltr'>mansos</span> <span class='ocrx_word' id='word_1_297' title='bbox 395 3300 429 3362; x_wconf 91' lang='lat' dir='ltr'>in</span> <span class='ocrx_word' id='word_1_298' title='bbox 450 3298 530 3363; x_wconf 85' lang='lat' dir='ltr'>Orta</span> <span class='ocrx_word' id='word_1_299' title='bbox 548 3299 670 3383; x_wconf 89' lang='lat' dir='ltr'>positos</span> <span class='ocrx_word' id='word_1_300' title='bbox 690 3296 827 3361; x_wconf 88' lang='lat' dir='ltr'>ecclesie</span> <span class='ocrx_word' id='word_1_301' title='bbox 847 3296 951 3359; x_wconf 89' lang='lat' dir='ltr'>sancti</span> <span class='ocrx_word' id='word_1_302' title='bbox 970 3295 1046 3359; x_wconf 91' lang='lat' dir='ltr'>Iulii</span> <span class='ocrx_word' id='word_1_303' title='bbox 1065 3293 1239 3360; x_wconf 82' lang='lat' dir='ltr'>contulisse</span> <span class='ocrx_word' id='word_1_304' title='bbox 1260 3306 1292 3359; x_wconf 91' lang='lat' dir='ltr'>et</span> <span class='ocrx_word' id='word_1_305' title='bbox 1309 3296 1451 3360; x_wconf 90' lang='lat' dir='ltr'>hostium</span> <span class='ocrx_word' id='word_1_306' title='bbox 1469 3295 1611 3360; x_wconf 78' lang='lat' dir='ltr'>{luminis</span> <span class='ocrx_word' id='word_1_307' title='bbox 1631 3296 1718 3383; x_wconf 91' lang='lat' dir='ltr'>quod</span> <span class='ocrx_word' id='word_1_308' title='bbox 1737 3299 1897 3363; x_wconf 75' lang='lat' dir='ltr'>Piscoua&#39;</span> 
     </span>
     <span class='ocr_line' id='line_1_27' title="bbox 248 3402 1897 3492; baseline -0.001 -22"><span class='ocrx_word' id='word_1_309' title='bbox 248 3405 375 3486; x_wconf 88' lang='lat' dir='ltr'>dicitur,</span> <span class='ocrx_word' id='word_1_310' title='bbox 400 3405 487 3492; x_wconf 89' lang='lat' dir='ltr'>quod</span> <span class='ocrx_word' id='word_1_311' title='bbox 510 3404 616 3468; x_wconf 84' lang='lat' dir='ltr'>influit</span> <span class='ocrx_word' id='word_1_312' title='bbox 638 3427 697 3490; x_wconf 90' lang='lat' dir='ltr'>per</span> <span class='ocrx_word' id='word_1_313' title='bbox 719 3402 830 3467; x_wconf 82' lang='lat' dir='ltr'>villam</span> <span class='ocrx_word' id='word_1_314' title='bbox 854 3426 917 3489; x_wconf 91' lang='lat' dir='ltr'>que</span> <span class='ocrx_word' id='word_1_315' title='bbox 936 3403 1163 3467; x_wconf 78' lang='lat' dir='ltr'>Pitiuascumw</span> <span class='ocrx_word' id='word_1_316' title='bbox 1181 3413 1327 3485; x_wconf 83' lang='lat' dir='ltr'>vocatur,</span> <span class='ocrx_word' id='word_1_317' title='bbox 1351 3424 1425 3468; x_wconf 89' lang='lat' dir='ltr'>cum</span> <span class='ocrx_word' id='word_1_318' title='bbox 1448 3404 1591 3490; x_wconf 85' lang='lat' dir='ltr'>piscaria</span> <span class='ocrx_word' id='word_1_319' title='bbox 1613 3404 1676 3469; x_wconf 85' lang='lat' dir='ltr'>laci</span> <span class='ocrx_word' id='word_1_320' title='bbox 1700 3415 1733 3469; x_wconf 91' lang='lat' dir='ltr'>et</span> <span class='ocrx_word' id='word_1_321' title='bbox 1755 3403 1897 3469; x_wconf 88' lang='lat' dir='ltr'>fluminis</span> 
     </span>
     <span class='ocr_line' id='line_1_28' title="bbox 247 3509 1897 3599; baseline 0.001 -23"><span class='ocrx_word' id='word_1_322' title='bbox 247 3513 290 3576; x_wconf 89' lang='lat' dir='ltr'>ad</span> <span class='ocrx_word' id='word_1_323' title='bbox 313 3513 400 3599; x_wconf 90' lang='lat' dir='ltr'>ipsos</span> <span class='ocrx_word' id='word_1_324' title='bbox 423 3535 554 3577; x_wconf 88' lang='lat' dir='ltr'>mansos</span> <span class='ocrx_word' id='word_1_325' title='bbox 576 3513 779 3598; x_wconf 90' lang='lat' dir='ltr'>pertinente¹</span> <span class='ocrx_word' id='word_1_326' title='bbox 803 3510 895 3574; x_wconf 83' lang='lat' dir='ltr'>iuxta</span> <span class='ocrx_word' id='word_1_327' title='bbox 918 3509 1055 3574; x_wconf 89' lang='lat' dir='ltr'>insulam</span> <span class='ocrx_word' id='word_1_328' title='bbox 1079 3512 1183 3575; x_wconf 88' lang='lat' dir='ltr'>sancti</span> <span class='ocrx_word' id='word_1_329' title='bbox 1206 3509 1315 3592; x_wconf 61' lang='lat' dir='ltr'>Iulii53</span> <span class='ocrx_word' id='word_1_330' title='bbox 1340 3509 1552 3575; x_wconf 86' lang='lat' dir='ltr'>demandavit</span> <span class='ocrx_word' id='word_1_331' title='bbox 1574 3511 1708 3597; x_wconf 87' lang='lat' dir='ltr'>insuper</span> <span class='ocrx_word' id='word_1_332' title='bbox 1731 3512 1897 3598; x_wconf 88' lang='lat' dir='ltr'>quandam</span> 
     </span>
     <span class='ocr_line' id='line_1_29' title="bbox 247 3617 1899 3704; baseline 0.001 -21"><span class='ocrx_word' id='word_1_333' title='bbox 247 3632 367 3683; x_wconf 89' lang='lat' dir='ltr'>terram</span> <span class='ocrx_word' id='word_1_334' title='bbox 390 3619 467 3684; x_wconf 92' lang='lat' dir='ltr'>olim</span> <span class='ocrx_word' id='word_1_335' title='bbox 491 3619 531 3683; x_wconf 87' lang='lat' dir='ltr'>de</span> <span class='ocrx_word' id='word_1_336' title='bbox 555 3632 645 3683; x_wconf 83' lang='lat' dir='ltr'>curte</span> <span class='ocrx_word' id='word_1_337' title='bbox 669 3618 762 3702; x_wconf 83' lang='lat' dir='ltr'>regni</span> <span class='ocrx_word' id='word_1_338' title='bbox 784 3618 886 3680; x_wconf 87' lang='lat' dir='ltr'>nostri</span> <span class='ocrx_word' id='word_1_339' title='bbox 905 3617 1107 3681; x_wconf 89' lang='lat' dir='ltr'>Romaniano</span> <span class='ocrx_word' id='word_1_340' title='bbox 1130 3618 1366 3703; x_wconf 77' lang='lat' dir='ltr'>pertinentem¹</span> <span class='ocrx_word' id='word_1_341' title='bbox 1385 3640 1479 3681; x_wconf 88' lang='lat' dir='ltr'>secus</span> <span class='ocrx_word' id='word_1_342' title='bbox 1498 3619 1603 3704; x_wconf 85' lang='lat' dir='ltr'>ripam</span> <span class='ocrx_word' id='word_1_343' title='bbox 1621 3619 1685 3685; x_wconf 90' lang='lat' dir='ltr'>laci</span> <span class='ocrx_word' id='word_1_344' title='bbox 1705 3622 1760 3704; x_wconf 92' lang='lat' dir='ltr'>qui</span> <span class='ocrx_word' id='word_1_345' title='bbox 1778 3619 1899 3684; x_wconf 88' lang='lat' dir='ltr'>dicitur</span> 
     </span>
     <span class='ocr_line' id='line_1_30' title="bbox 247 3723 1896 3813; baseline 0 -24"><span class='ocrx_word' id='word_1_346' title='bbox 247 3727 351 3791; x_wconf 87' lang='lat' dir='ltr'>sancti</span> <span class='ocrx_word' id='word_1_347' title='bbox 375 3726 470 3790; x_wconf 77' lang='lat' dir='ltr'>Iuliiy</span> <span class='ocrx_word' id='word_1_348' title='bbox 492 3728 631 3813; x_wconf 86' lang='lat' dir='ltr'>positam</span> <span class='ocrx_word' id='word_1_349' title='bbox 655 3724 822 3811; x_wconf 79' lang='lat' dir='ltr'>predicte⁸</span> <span class='ocrx_word' id='word_1_350' title='bbox 845 3723 1040 3788; x_wconf 88' lang='lat' dir='ltr'>Nouariensi</span> <span class='ocrx_word' id='word_1_351' title='bbox 1065 3723 1203 3788; x_wconf 87' lang='lat' dir='ltr'>ecclesie</span> <span class='ocrx_word' id='word_1_352' title='bbox 1227 3723 1436 3809; x_wconf 67' lang='lat' dir='ltr'>perdensam,</span> <span class='ocrx_word' id='word_1_353' title='bbox 1469 3725 1521 3788; x_wconf 89' lang='lat' dir='ltr'>cui</span> <span class='ocrx_word' id='word_1_354' title='bbox 1552 3748 1594 3788; x_wconf 89' lang='lat' dir='ltr'>ex</span> <span class='ocrx_word' id='word_1_355' title='bbox 1618 3726 1706 3789; x_wconf 91' lang='lat' dir='ltr'>omui</span> <span class='ocrx_word' id='word_1_356' title='bbox 1728 3738 1820 3812; x_wconf 90' lang='lat' dir='ltr'>parte</span> <span class='ocrx_word' id='word_1_357' title='bbox 1843 3749 1896 3791; x_wconf 87' lang='lat' dir='ltr'>res</span> 
     </span>
     <span class='ocr_line' id='line_1_31' title="bbox 201 3829 1897 3919; baseline -0.001 -20"><span class='ocrx_word' id='word_1_358' title='bbox 201 3860 229 3899; x_wconf 73' lang='lat' dir='ltr'>ro</span> <span class='ocrx_word' id='word_1_359' title='bbox 247 3834 349 3919; x_wconf 90' lang='lat' dir='ltr'>ipsius</span> <span class='ocrx_word' id='word_1_360' title='bbox 372 3833 584 3897; x_wconf 80' lang='lat' dir='ltr'>Nouariensis</span> <span class='ocrx_word' id='word_1_361' title='bbox 608 3830 746 3895; x_wconf 88' lang='lat' dir='ltr'>ecclesie</span> <span class='ocrx_word' id='word_1_362' title='bbox 771 3829 954 3912; x_wconf 62' lang='lat' dir='ltr'>coherente,</span> <span class='ocrx_word' id='word_1_363' title='bbox 979 3831 1076 3916; x_wconf 77' lang='lat' dir='ltr'>qnin⁰</span> <span class='ocrx_word' id='word_1_364' title='bbox 1101 3831 1198 3894; x_wconf 87' lang='lat' dir='ltr'>etiam</span> <span class='ocrx_word' id='word_1_365' title='bbox 1228 3831 1333 3915; x_wconf 88' lang='lat' dir='ltr'>ripam</span> <span class='ocrx_word' id='word_1_366' title='bbox 1357 3840 1390 3893; x_wconf 91' lang='lat' dir='ltr'>et</span> <span class='ocrx_word' id='word_1_367' title='bbox 1412 3829 1541 3894; x_wconf 89' lang='lat' dir='ltr'>alveum</span> <span class='ocrx_word' id='word_1_368' title='bbox 1565 3831 1673 3895; x_wconf 86' lang='lat' dir='ltr'>Ticini</span> <span class='ocrx_word' id='word_1_369' title='bbox 1697 3831 1739 3895; x_wconf 87' lang='lat' dir='ltr'>ab</span> <span class='ocrx_word' id='word_1_370' title='bbox 1763 3855 1802 3897; x_wconf 91' lang='lat' dir='ltr'>eo</span> <span class='ocrx_word' id='word_1_371' title='bbox 1826 3833 1897 3899; x_wconf 88' lang='lat' dir='ltr'>loco</span> 
     </span>
     <span class='ocr_line' id='line_1_32' title="bbox 247 3936 1897 4026; baseline -0.001 -22"><span class='ocrx_word' id='word_1_372' title='bbox 247 3942 303 4026; x_wconf 90' lang='lat' dir='ltr'>qui</span> <span class='ocrx_word' id='word_1_373' title='bbox 327 3940 446 4005; x_wconf 89' lang='lat' dir='ltr'>dicitur</span> <span class='ocrx_word' id='word_1_374' title='bbox 464 3938 695 4005; x_wconf 70' lang='lat' dir='ltr'>Cameriascotl</span> <span class='ocrx_word' id='word_1_375' title='bbox 717 3960 821 4024; x_wconf 89' lang='lat' dir='ltr'>usque</span> <span class='ocrx_word' id='word_1_376' title='bbox 844 3936 886 4000; x_wconf 90' lang='lat' dir='ltr'>ad</span> <span class='ocrx_word' id='word_1_377' title='bbox 905 3936 1011 4001; x_wconf 91' lang='lat' dir='ltr'>locum</span> <span class='ocrx_word' id='word_1_378' title='bbox 1031 3938 1087 4022; x_wconf 90' lang='lat' dir='ltr'>qui</span> <span class='ocrx_word' id='word_1_379' title='bbox 1106 3947 1243 4001; x_wconf 84' lang='lat' dir='ltr'>vocatur</span> <span class='ocrx_word' id='word_1_380' title='bbox 1260 3936 1359 4000; x_wconf 87' lang='lat' dir='ltr'>Petra</span> <span class='ocrx_word' id='word_1_381' title='bbox 1377 3937 1494 4001; x_wconf 85' lang='lat' dir='ltr'>Maura</span> <span class='ocrx_word' id='word_1_382' title='bbox 1514 3960 1587 4001; x_wconf 91' lang='lat' dir='ltr'>cum</span> <span class='ocrx_word' id='word_1_383' title='bbox 1607 3937 1757 4001; x_wconf 87' lang='lat' dir='ltr'>omnibns</span> <span class='ocrx_word' id='word_1_384' title='bbox 1777 3939 1897 4003; x_wconf 89' lang='lat' dir='ltr'>molen-</span> 
     </span>
     <span class='ocr_line' id='line_1_33' title="bbox 248 4043 1896 4133; baseline -0.001 -22"><span class='ocrx_word' id='word_1_385' title='bbox 248 4047 333 4111; x_wconf 87' lang='lat' dir='ltr'>dinis</span> <span class='ocrx_word' id='word_1_386' title='bbox 369 4046 604 4133; x_wconf 90' lang='lat' dir='ltr'>piscatiouihus</span> <span class='ocrx_word' id='word_1_387' title='bbox 636 4068 751 4108; x_wconf 88' lang='lat' dir='ltr'>verum</span> <span class='ocrx_word' id='word_1_388' title='bbox 785 4045 884 4108; x_wconf 88' lang='lat' dir='ltr'>etiam</span> <span class='ocrx_word' id='word_1_389' title='bbox 921 4044 1074 4107; x_wconf 84' lang='lat' dir='ltr'>aurificiis</span> <span class='ocrx_word' id='word_1_390' title='bbox 1107 4045 1140 4106; x_wconf 92' lang='lat' dir='ltr'>in</span> <span class='ocrx_word' id='word_1_391' title='bbox 1173 4045 1223 4107; x_wconf 88' lang='lat' dir='ltr'>ius</span> <span class='ocrx_word' id='word_1_392' title='bbox 1256 4056 1290 4107; x_wconf 90' lang='lat' dir='ltr'>et</span> <span class='ocrx_word' id='word_1_393' title='bbox 1322 4043 1499 4107; x_wconf 90' lang='lat' dir='ltr'>dominium</span> <span class='ocrx_word' id='word_1_394' title='bbox 1533 4067 1610 4130; x_wconf 87' lang='lat' dir='ltr'>sepe</span> <span class='ocrx_word' id='word_1_395' title='bbox 1641 4043 1727 4109; x_wconf 90' lang='lat' dir='ltr'>dicte</span> <span class='ocrx_word' id='word_1_396' title='bbox 1759 4045 1896 4110; x_wconf 88' lang='lat' dir='ltr'>ecclesie</span> 
     </span>
     <span class='ocr_line' id='line_1_34' title="bbox 247 4149 1897 4240; baseline -0.001 -22"><span class='ocrx_word' id='word_1_397' title='bbox 247 4154 476 4235; x_wconf 81' lang='lat' dir='ltr'>transfudisse,</span> <span class='ocrx_word' id='word_1_398' title='bbox 506 4164 542 4217; x_wconf 90' lang='lat' dir='ltr'>ut</span> <span class='ocrx_word' id='word_1_399' title='bbox 570 4151 650 4217; x_wconf 90' lang='lat' dir='ltr'>nulli</span> <span class='ocrx_word' id='word_1_400' title='bbox 679 4149 760 4215; x_wconf 93' lang='lat' dir='ltr'>inibi</span> <span class='ocrx_word' id='word_1_401' title='bbox 790 4173 905 4214; x_wconf 88' lang='lat' dir='ltr'>aurum</span> <span class='ocrx_word' id='word_1_402' title='bbox 935 4149 1032 4214; x_wconf 86' lang='lat' dir='ltr'>liceat</span> <span class='ocrx_word' id='word_1_403' title='bbox 1061 4149 1209 4214; x_wconf 86' lang='lat' dir='ltr'>laborare</span> <span class='ocrx_word' id='word_1_404' title='bbox 1240 4162 1351 4237; x_wconf 89' lang='lat' dir='ltr'>preter</span> <span class='ocrx_word' id='word_1_405' title='bbox 1379 4149 1546 4214; x_wconf 87' lang='lat' dir='ltr'>licentiam</span> <span class='ocrx_word' id='word_1_406' title='bbox 1576 4153 1721 4238; x_wconf 88' lang='lat' dir='ltr'>episcopi</span> <span class='ocrx_word' id='word_1_407' title='bbox 1752 4154 1808 4239; x_wconf 90' lang='lat' dir='ltr'>qui</span> <span class='ocrx_word' id='word_1_408' title='bbox 1838 4177 1897 4240; x_wconf 92' lang='lat' dir='ltr'>pro</span> 
     </span>
     <span class='ocr_line' id='line_1_35' title="bbox 248 4255 1981 4347; baseline 0 -22"><span class='ocrx_word' id='word_1_409' title='bbox 248 4275 393 4347; x_wconf 80' lang='lat' dir='ltr'>tempore</span> <span class='ocrx_word' id='word_1_410' title='bbox 412 4261 519 4325; x_wconf 78' lang='lat' dir='ltr'>fuerit.</span> <span class='ocrx_word' id='word_1_411' title='bbox 557 4274 681 4337; x_wconf 88' lang='lat' dir='ltr'>Ideoque</span> <span class='ocrx_word' id='word_1_412' title='bbox 694 4274 748 4322; x_wconf 85' lang='lat' dir='ltr'>iam</span> <span class='ocrx_word' id='word_1_413' title='bbox 761 4273 851 4321; x_wconf 89' lang='lat' dir='ltr'>dictus</span> <span class='ocrx_word' id='word_1_414' title='bbox 868 4255 978 4343; x_wconf 75' lang='lat' dir='ltr'>presul</span> <span class='ocrx_word' id='word_1_415' title='bbox 996 4278 1117 4321; x_wconf 90' lang='lat' dir='ltr'>nostram</span> <span class='ocrx_word' id='word_1_416' title='bbox 1134 4270 1278 4337; x_wconf 88' lang='lat' dir='ltr'>supliciter</span> <span class='ocrx_word' id='word_1_417' title='bbox 1290 4278 1418 4335; x_wconf 84' lang='lat' dir='ltr'>precatus</span> <span class='ocrx_word' id='word_1_418' title='bbox 1432 4279 1474 4321; x_wconf 91' lang='lat' dir='ltr'>est</span> <span class='ocrx_word' id='word_1_419' title='bbox 1486 4270 1685 4333; x_wconf 89' lang='lat' dir='ltr'>celsitudinem,</span> <span class='ocrx_word' id='word_1_420' title='bbox 1705 4280 1735 4324; x_wconf 89' lang='lat' dir='ltr'>ut</span> <span class='ocrx_word' id='word_1_421' title='bbox 1747 4274 1897 4324; x_wconf 90' lang='lat' dir='ltr'>secundum</span> <span class='ocrx_word' id='word_1_422' title='bbox 1918 4287 1934 4328; x_wconf 84' lang='lat'>1.</span> <span class='ocrx_word' id='word_1_423' title='bbox 1945 4286 1981 4325; x_wconf 78' lang='grc' dir='ltr'>ΠΙ</span> 
     </span>
     <span class='ocr_line' id='line_1_36' title="bbox 203 4364 1898 4450; baseline -0.001 -18"><span class='ocrx_word' id='word_1_424' title='bbox 203 4394 231 4434; x_wconf 82' lang='lat' dir='ltr'>so</span> <span class='ocrx_word' id='word_1_425' title='bbox 249 4383 472 4448; x_wconf 88' lang='lat' dir='ltr'>predecessorum</span> <span class='ocrx_word' id='word_1_426' title='bbox 497 4388 653 4432; x_wconf 88' lang='lat' dir='ltr'>nostrorum</span> <span class='ocrx_word' id='word_1_427' title='bbox 677 4388 791 4450; x_wconf 81' lang='lat' dir='ltr'>regum</span> <span class='ocrx_word' id='word_1_428' title='bbox 814 4364 867 4428; x_wconf 80' lang='lat' dir='ltr'>Vel</span> <span class='ocrx_word' id='word_1_429' title='bbox 890 4365 1122 4450; x_wconf 79' lang='lat' dir='ltr'>imperatorum</span> <span class='ocrx_word' id='word_1_430' title='bbox 1149 4379 1328 4428; x_wconf 87' lang='lat' dir='ltr'>auctoritates</span> <span class='ocrx_word' id='word_1_431' title='bbox 1357 4385 1478 4430; x_wconf 88' lang='lat' dir='ltr'>nostram</span> <span class='ocrx_word' id='word_1_432' title='bbox 1505 4379 1606 4430; x_wconf 77' lang='lat' dir='ltr'>addere</span> <span class='ocrx_word' id='word_1_433' title='bbox 1634 4380 1808 4447; x_wconf 79' lang='lat' dir='ltr'>dignaremur</span> <span class='ocrx_word' id='word_1_434' title='bbox 1835 4398 1898 4431; x_wconf 88' lang='lat' dir='ltr'>cou-</span> 
     </span>
     <span class='ocr_line' id='line_1_37' title="bbox 248 4483 1899 4560; baseline -0.001 -20"><span class='ocrx_word' id='word_1_435' title='bbox 248 4491 436 4540; x_wconf 86' lang='lat' dir='ltr'>firmatioucm.</span> <span class='ocrx_word' id='word_1_436' title='bbox 468 4490 525 4538; x_wconf 82' lang='lat' dir='ltr'>Nos</span> <span class='ocrx_word' id='word_1_437' title='bbox 538 4489 655 4554; x_wconf 88' lang='lat' dir='ltr'>denique</span> <span class='ocrx_word' id='word_1_438' title='bbox 669 4502 718 4553; x_wconf 89' lang='lat' dir='ltr'>pro</span> <span class='ocrx_word' id='word_1_439' title='bbox 732 4486 775 4536; x_wconf 86' lang='lat' dir='ltr'>dei</span> <span class='ocrx_word' id='word_1_440' title='bbox 790 4501 881 4535; x_wconf 90' lang='lat' dir='ltr'>amore</span> <span class='ocrx_word' id='word_1_441' title='bbox 895 4487 1039 4549; x_wconf 91' lang='lat' dir='ltr'>animeque</span> <span class='ocrx_word' id='word_1_442' title='bbox 1056 4491 1149 4535; x_wconf 87' lang='lat' dir='ltr'>nostre</span> <span class='ocrx_word' id='word_1_443' title='bbox 1167 4485 1288 4536; x_wconf 88' lang='lat' dir='ltr'>remedio</span> <span class='ocrx_word' id='word_1_444' title='bbox 1308 4483 1341 4535; x_wconf 77' lang='lat' dir='ltr'>et</span> <span class='ocrx_word' id='word_1_445' title='bbox 1359 4492 1540 4536; x_wconf 90' lang='lat' dir='ltr'>nostrorum</span> <span class='ocrx_word' id='word_1_446' title='bbox 1560 4488 1709 4537; x_wconf 81' lang='lat' dir='ltr'>auinrarum</span> <span class='ocrx_word' id='word_1_447' title='bbox 1728 4485 1899 4560; x_wconf 80' lang='lat' dir='ltr'>parentum</span> 
     </span>
     <span class='ocr_line' id='line_1_38' title="bbox 249 4592 1899 4662; baseline 0.001 -17"><span class='ocrx_word' id='word_1_448' title='bbox 249 4597 331 4661; x_wconf 81' lang='lat' dir='ltr'>digne</span> <span class='ocrx_word' id='word_1_449' title='bbox 350 4598 491 4647; x_wconf 88' lang='lat' dir='ltr'>memorati</span> <span class='ocrx_word' id='word_1_450' title='bbox 511 4594 627 4662; x_wconf 88' lang='lat' dir='ltr'>presulis</span> <span class='ocrx_word' id='word_1_451' title='bbox 646 4595 777 4661; x_wconf 90' lang='lat' dir='ltr'>peticioni</span> <span class='ocrx_word' id='word_1_452' title='bbox 797 4594 976 4644; x_wconf 87' lang='lat' dir='ltr'>assentientes</span> <span class='ocrx_word' id='word_1_453' title='bbox 1002 4592 1055 4642; x_wconf 89' lang='lat' dir='ltr'>hoc</span> <span class='ocrx_word' id='word_1_454' title='bbox 1081 4598 1174 4642; x_wconf 88' lang='lat' dir='ltr'>nostre</span> <span class='ocrx_word' id='word_1_455' title='bbox 1200 4593 1372 4643; x_wconf 83' lang='lat' dir='ltr'>arroteritatis</span> <span class='ocrx_word' id='word_1_456' title='bbox 1398 4594 1535 4643; x_wconf 89' lang='lat' dir='ltr'>munimen</span> <span class='ocrx_word' id='word_1_457' title='bbox 1561 4594 1619 4644; x_wconf 88' lang='lat' dir='ltr'>lieri</span> <span class='ocrx_word' id='word_1_458' title='bbox 1645 4596 1824 4656; x_wconf 87' lang='lat' dir='ltr'>decrevimus,</span> <span class='ocrx_word' id='word_1_459' title='bbox 1851 4613 1899 4662; x_wconf 91' lang='lat' dir='ltr'>pcr</span> 
     </span>
    </p>
   </div>
   <div class='ocr_carea' id='block_1_4' title="bbox 249 4698 1899 4769">
    <p class='ocr_par' dir='ltr' id='par_1_4' title="bbox 249 4698 1899 4769">
     <span class='ocr_line' id='line_1_39' title="bbox 249 4698 1899 4769; baseline 0.001 -17"><span class='ocrx_word' id='word_1_460' title='bbox 249 4705 324 4769; x_wconf 87' lang='lat' dir='ltr'>quod</span> <span class='ocrx_word' id='word_1_461' title='bbox 344 4704 516 4754; x_wconf 89' lang='lat' dir='ltr'>decernimus</span> <span class='ocrx_word' id='word_1_462' title='bbox 534 4703 681 4752; x_wconf 89' lang='lat' dir='ltr'>statuimus</span> <span class='ocrx_word' id='word_1_463' title='bbox 700 4708 783 4765; x_wconf 89' lang='lat' dir='ltr'>atque</span> <span class='ocrx_word' id='word_1_464' title='bbox 801 4702 935 4759; x_wconf 91' lang='lat' dir='ltr'>iubemus,</span> <span class='ocrx_word' id='word_1_465' title='bbox 959 4706 989 4749; x_wconf 90' lang='lat' dir='ltr'>ut</span> <span class='ocrx_word' id='word_1_466' title='bbox 1008 4698 1100 4749; x_wconf 92' lang='lat' dir='ltr'>nullus</span> <span class='ocrx_word' id='word_1_467' title='bbox 1120 4701 1240 4749; x_wconf 85' lang='lat' dir='ltr'>marchio</span> <span class='ocrx_word' id='word_1_468' title='bbox 1260 4715 1351 4750; x_wconf 87' lang='lat' dir='ltr'>comes</span> <span class='ocrx_word' id='word_1_469' title='bbox 1370 4702 1525 4751; x_wconf 80' lang='lat' dir='ltr'>vicecomes</span> <span class='ocrx_word' id='word_1_470' title='bbox 1544 4701 1698 4752; x_wconf 88' lang='lat' dir='ltr'>sculdasius</span> <span class='ocrx_word' id='word_1_471' title='bbox 1718 4703 1762 4754; x_wconf 78' lang='lat' dir='ltr'>rel</span> <span class='ocrx_word' id='word_1_472' title='bbox 1782 4702 1899 4768; x_wconf 87' lang='lat' dir='ltr'>quilibet</span> 
     </span>
    </p>
   </div>
   <div class='ocr_carea' id='block_1_5' title="bbox 204 4943 1905 5871">
    <p class='ocr_par' dir='ltr' id='par_1_5' title="bbox 204 4943 1900 5299">
     <span class='ocr_line' id='line_1_40' title="bbox 320 4943 1900 5018; baseline -0.002 -16"><span class='ocrx_word' id='word_1_473' title='bbox 320 4948 384 5003; x_wconf 71' lang='lat'>806.</span> <span class='ocrx_word' id='word_1_474' title='bbox 410 4947 515 5018; x_wconf 80' lang='lat' dir='ltr'>[Bloch]</span> <span class='ocrx_word' id='word_1_475' title='bbox 552 4948 579 5013; x_wconf 88' lang='lat' dir='ltr'>a)</span> <span class='ocrx_word' id='word_1_476' title='bbox 599 4945 773 4999; x_wconf 87' lang='lat' dir='ltr'>HeuricusB</span> <span class='ocrx_word' id='word_1_477' title='bbox 833 4944 863 5011; x_wconf 85' lang='lat' dir='ltr'>b)</span> <span class='ocrx_word' id='word_1_478' title='bbox 885 4944 1051 4997; x_wconf 88' lang='lat' dir='ltr'>cultubusB</span> <span class='ocrx_word' id='word_1_479' title='bbox 1112 4946 1137 5009; x_wconf 85' lang='lat' dir='ltr'>c)</span> <span class='ocrx_word' id='word_1_480' title='bbox 1157 4943 1340 5012; x_wconf 81' lang='lat' dir='ltr'>ambiguimus</span> <span class='ocrx_word' id='word_1_481' title='bbox 1354 4946 1402 4997; x_wconf 86' lang='lat' dir='ltr'>BC</span> <span class='ocrx_word' id='word_1_482' title='bbox 1460 4943 1490 5009; x_wconf 88' lang='lat' dir='ltr'>d)</span> <span class='ocrx_word' id='word_1_483' title='bbox 1508 4948 1536 4998; x_wconf 84' lang='lat' dir='ltr'>et</span> <span class='ocrx_word' id='word_1_484' title='bbox 1549 4946 1598 4997; x_wconf 84' lang='lat' dir='ltr'>CI)</span> <span class='ocrx_word' id='word_1_485' title='bbox 1651 4948 1676 5013; x_wconf 88' lang='lat' dir='ltr'>e)</span> <span class='ocrx_word' id='word_1_486' title='bbox 1696 4965 1760 4999; x_wconf 82' lang='lat' dir='ltr'>mon</span> <span class='ocrx_word' id='word_1_487' title='bbox 1777 4955 1900 5000; x_wconf 71' lang='grc' dir='ltr'><em>εννοονοεί</em></span> 
     </span>
     <span class='ocr_line' id='line_1_41' title="bbox 204 5015 1900 5085; baseline -0.001 -14"><span class='ocrx_word' id='word_1_488' title='bbox 204 5046 232 5081; x_wconf 79' lang='lat' dir='ltr'>to</span> <span class='ocrx_word' id='word_1_489' title='bbox 411 5025 438 5071; x_wconf 80' lang='lat' dir='ltr'>in</span> <span class='ocrx_word' id='word_1_490' title='bbox 457 5021 514 5072; x_wconf 76' lang='lat' dir='ltr'>dens</span> <span class='ocrx_word' id='word_1_491' title='bbox 532 5020 633 5070; x_wconf 80' lang='lat' dir='ltr'>Passus</span> <span class='ocrx_word' id='word_1_492' title='bbox 652 5015 918 5085; x_wconf 78' lang='lat' dir='ltr'>(litenis—nepotis</span> <span class='ocrx_word' id='word_1_493' title='bbox 930 5019 1085 5068; x_wconf 76' lang='lat' dir='ltr'>Accusatioe</span> <span class='ocrx_word' id='word_1_494' title='bbox 1102 5021 1165 5067; x_wconf 73' lang='lat' dir='ltr'>rrae</span> <span class='ocrx_word' id='word_1_495' title='bbox 1183 5017 1231 5067; x_wconf 82' lang='grc' dir='ltr'>ἄεν</span> <span class='ocrx_word' id='word_1_496' title='bbox 1250 5018 1380 5079; x_wconf 60' lang='lat' dir='ltr'>Genium</span> <span class='ocrx_word' id='word_1_497' title='bbox 1398 5017 1446 5067; x_wconf 87' lang='grc' dir='ltr'>ἄεν</span> <span class='ocrx_word' id='word_1_498' title='bbox 1464 5018 1611 5083; x_wconf 79' lang='lat' dir='ltr'>Schreiber,</span> <span class='ocrx_word' id='word_1_499' title='bbox 1629 5021 1678 5071; x_wconf 89' lang='grc' dir='ltr'>ἄεν</span> <span class='ocrx_word' id='word_1_500' title='bbox 1695 5021 1745 5069; x_wconf 79' lang='lat' dir='ltr'>dea</span> <span class='ocrx_word' id='word_1_501' title='bbox 1763 5020 1900 5071; x_wconf 78' lang='lat' dir='ltr'>Einschub</span> 
     </span>
     <span class='ocr_line' id='line_1_42' title="bbox 409 5087 1900 5155; baseline -0.001 -12"><span class='ocrx_word' id='word_1_502' title='bbox 409 5092 517 5155; x_wconf 78' lang='lat' dir='ltr'>nrochte,</span> <span class='ocrx_word' id='word_1_503' title='bbox 542 5094 576 5141; x_wconf 78' lang='lat' dir='ltr'>ist</span> <span class='ocrx_word' id='word_1_504' title='bbox 599 5091 685 5141; x_wconf 77' lang='lat' dir='ltr'>durch</span> <span class='ocrx_word' id='word_1_505' title='bbox 703 5090 753 5139; x_wconf 79' lang='lat' dir='ltr'>dus</span> <span class='ocrx_word' id='word_1_506' title='bbox 771 5089 966 5153; x_wconf 73' lang='lat' dir='ltr'>eoranpebende</span> <span class='ocrx_word' id='word_1_507' title='bbox 983 5087 1454 5155; x_wconf 86' lang='lat' dir='ltr'>predecessorum—imperatorum</span> <span class='ocrx_word' id='word_1_508' title='bbox 1471 5105 1506 5138; x_wconf 71' lang='lat' dir='ltr'>eu</span> <span class='ocrx_word' id='word_1_509' title='bbox 1524 5090 1572 5139; x_wconf 85' lang='grc' dir='ltr'><em>ἄεν</em></span> <span class='ocrx_word' id='word_1_510' title='bbox 1591 5092 1694 5155; x_wconf 67' lang='lat' dir='ltr'>imperi</span> <span class='ocrx_word' id='word_1_511' title='bbox 1714 5093 1900 5142; x_wconf 74' lang='lat' dir='ltr'>t&#39;onstruetiorr</span> 
     </span>
     <span class='ocr_line' id='line_1_43' title="bbox 409 5159 1899 5228; baseline 0 -15"><span class='ocrx_word' id='word_1_512' title='bbox 409 5165 522 5214; x_wconf 72' lang='grc' dir='ltr'><em>νενίεᾶεί</em></span> <span class='ocrx_word' id='word_1_513' title='bbox 540 5164 646 5213; x_wconf 79' lang='lat' dir='ltr'>worden</span> <span class='ocrx_word' id='word_1_514' title='bbox 701 5161 726 5225; x_wconf 87' lang='lat' dir='ltr'>l)</span> <span class='ocrx_word' id='word_1_515' title='bbox 748 5160 837 5211; x_wconf 87' lang='lat' dir='ltr'>studia</span> <span class='ocrx_word' id='word_1_516' title='bbox 849 5162 876 5211; x_wconf 89' lang='grc' dir='ltr'>Ι)</span> <span class='ocrx_word' id='word_1_517' title='bbox 930 5162 959 5227; x_wconf 74' lang='lat' dir='ltr'>g)</span> <span class='ocrx_word' id='word_1_518' title='bbox 978 5159 1107 5226; x_wconf 81' lang='lat' dir='ltr'>quoabit,</span> <span class='ocrx_word' id='word_1_519' title='bbox 1124 5159 1179 5209; x_wconf 83' lang='lat' dir='ltr'>und</span> <span class='ocrx_word' id='word_1_520' title='bbox 1192 5176 1222 5211; x_wconf 85' lang='lat' dir='ltr'>so</span> <span class='ocrx_word' id='word_1_521' title='bbox 1237 5160 1305 5210; x_wconf 75' lang='lat' dir='ltr'>auch</span> <span class='ocrx_word' id='word_1_522' title='bbox 1322 5167 1411 5225; x_wconf 75' lang='lat' dir='ltr'>untes,</span> <span class='ocrx_word' id='word_1_523' title='bbox 1430 5159 1454 5210; x_wconf 93' lang='lat' dir='ltr'><em>B</em></span> <span class='ocrx_word' id='word_1_524' title='bbox 1508 5159 1537 5223; x_wconf 91' lang='lat' dir='ltr'>h)</span> <span class='ocrx_word' id='word_1_525' title='bbox 1556 5161 1720 5228; x_wconf 86' lang='lat' dir='ltr'>recipisscB</span> <span class='ocrx_word' id='word_1_526' title='bbox 1774 5162 1794 5223; x_wconf 78' lang='lat' dir='ltr'>i)</span> <span class='ocrx_word' id='word_1_527' title='bbox 1814 5162 1899 5213; x_wconf 77' lang='lat' dir='ltr'>durch</span> 
     </span>
     <span class='ocr_line' id='line_1_44' title="bbox 410 5230 1900 5299; baseline -0.001 -13"><span class='ocrx_word' id='word_1_528' title='bbox 410 5236 482 5286; x_wconf 84' lang='lat' dir='ltr'>Lech</span> <span class='ocrx_word' id='word_1_529' title='bbox 499 5239 610 5285; x_wconf 66' lang='lat' dir='ltr'>cereum</span> <span class='ocrx_word' id='word_1_530' title='bbox 629 5236 658 5283; x_wconf 82' lang='lat' dir='ltr'>in</span> <span class='ocrx_word' id='word_1_531' title='bbox 678 5232 700 5283; x_wconf 88' lang='lat' dir='ltr'><strong><em>C</em></strong></span> <span class='ocrx_word' id='word_1_532' title='bbox 769 5230 798 5297; x_wconf 86' lang='lat' dir='ltr'>k)</span> <span class='ocrx_word' id='word_1_533' title='bbox 818 5230 989 5284; x_wconf 87' lang='lat' dir='ltr'>merchatum</span> <span class='ocrx_word' id='word_1_534' title='bbox 1004 5232 1066 5297; x_wconf 89' lang='lat' dir='ltr'>BD,</span> <span class='ocrx_word' id='word_1_535' title='bbox 1085 5232 1141 5282; x_wconf 83' lang='lat' dir='ltr'>und</span> <span class='ocrx_word' id='word_1_536' title='bbox 1158 5246 1187 5282; x_wconf 85' lang='lat' dir='ltr'>so</span> <span class='ocrx_word' id='word_1_537' title='bbox 1204 5232 1273 5293; x_wconf 72' lang='lat' dir='ltr'>(ister</span> <span class='ocrx_word' id='word_1_538' title='bbox 1290 5233 1321 5282; x_wconf 79' lang='lat' dir='ltr'>in</span> <span class='ocrx_word' id='word_1_539' title='bbox 1339 5232 1409 5282; x_wconf 76' lang='grc' dir='ltr'><em>αἰῖενι</em></span> <span class='ocrx_word' id='word_1_540' title='bbox 1427 5230 1461 5283; x_wconf 90' lang='lat' dir='ltr'>eh</span> <span class='ocrx_word' id='word_1_541' title='bbox 1479 5239 1577 5284; x_wconf 81' lang='lat' dir='ltr'>stuttc</span> <span class='ocrx_word' id='word_1_542' title='bbox 1649 5233 1669 5299; x_wconf 82' lang='lat' dir='ltr'>l)</span> <span class='ocrx_word' id='word_1_543' title='bbox 1689 5234 1750 5293; x_wconf 81' lang='lat' dir='ltr'>CD,·</span> <span class='ocrx_word' id='word_1_544' title='bbox 1768 5232 1864 5286; x_wconf 77' lang='lat' dir='ltr'>Nouar</span> <span class='ocrx_word' id='word_1_545' title='bbox 1875 5234 1900 5284; x_wconf 91' lang='lat' dir='ltr'><strong><em>B</em></strong></span> 
     </span>
    </p>

    <p class='ocr_par' dir='ltr' id='par_1_6' title="bbox 410 5302 1900 5371">
     <span class='ocr_line' id='line_1_45' title="bbox 410 5302 1900 5371; baseline 0 -14"><span class='ocrx_word' id='word_1_546' title='bbox 410 5312 448 5369; x_wconf 88' lang='lat' dir='ltr'>ru)</span> <span class='ocrx_word' id='word_1_547' title='bbox 470 5305 701 5371; x_wconf 83' lang='lat' dir='ltr'>cuiuscumqueB</span> <span class='ocrx_word' id='word_1_548' title='bbox 755 5306 785 5368; x_wconf 88' lang='lat' dir='ltr'>n)</span> <span class='ocrx_word' id='word_1_549' title='bbox 803 5304 974 5354; x_wconf 86' lang='lat' dir='ltr'>annuasseB</span> <span class='ocrx_word' id='word_1_550' title='bbox 1034 5306 1061 5370; x_wconf 76' lang='lat' dir='ltr'>ol</span> <span class='ocrx_word' id='word_1_551' title='bbox 1080 5302 1233 5355; x_wconf 78' lang='lat' dir='ltr'>nouembrn</span> <span class='ocrx_word' id='word_1_552' title='bbox 1247 5304 1271 5353; x_wconf 87' lang='lat' dir='ltr'><em>B</em></span> <span class='ocrx_word' id='word_1_553' title='bbox 1333 5304 1362 5370; x_wconf 92' lang='lat' dir='ltr'>p)</span> <span class='ocrx_word' id='word_1_554' title='bbox 1383 5302 1458 5354; x_wconf 89' lang='lat' dir='ltr'>idem</span> <span class='ocrx_word' id='word_1_555' title='bbox 1476 5303 1541 5367; x_wconf 79' lang='lat' dir='ltr'>alle3</span> <span class='ocrx_word' id='word_1_556' title='bbox 1564 5307 1615 5355; x_wconf 81' lang='lat' dir='ltr'>wir</span> <span class='ocrx_word' id='word_1_557' title='bbox 1634 5305 1718 5355; x_wconf 78' lang='lat' dir='ltr'>baben</span> <span class='ocrx_word' id='word_1_558' title='bbox 1730 5305 1824 5369; x_wconf 77' lang='lat' dir='ltr'>jedools</span> <span class='ocrx_word' id='word_1_559' title='bbox 1842 5306 1900 5357; x_wconf 79' lang='lat' dir='ltr'>dem</span> 
     </span>
    </p>

    <p class='ocr_par' dir='ltr' id='par_1_7' title="bbox 408 5373 1900 5513">
     <span class='ocr_line' id='line_1_46' title="bbox 414 5373 1900 5439; baseline 0 -12"><span class='ocrx_word' id='word_1_560' title='bbox 414 5378 477 5427; x_wconf 75' lang='lat' dir='ltr'>&#39;Part</span> <span class='ocrx_word' id='word_1_561' title='bbox 492 5378 540 5427; x_wconf 86' lang='grc' dir='ltr'>ἄεν</span> <span class='ocrx_word' id='word_1_562' title='bbox 557 5377 612 5429; x_wconf 78' lang='lat' dir='ltr'>Vu.</span> <span class='ocrx_word' id='word_1_563' title='bbox 631 5376 665 5425; x_wconf 87' lang='grc' dir='ltr'>ΙΙ</span> <span class='ocrx_word' id='word_1_564' title='bbox 679 5375 729 5425; x_wconf 77' lang='grc' dir='ltr'>ἄεν</span> <span class='ocrx_word' id='word_1_565' title='bbox 746 5375 854 5439; x_wconf 74' lang='lat' dir='ltr'>Vorznp</span> <span class='ocrx_word' id='word_1_566' title='bbox 870 5375 987 5439; x_wconf 65' lang='lat' dir='ltr'>psychen,</span> <span class='ocrx_word' id='word_1_567' title='bbox 1012 5376 1072 5425; x_wconf 84' lang='lat' dir='ltr'>weil</span> <span class='ocrx_word' id='word_1_568' title='bbox 1087 5376 1135 5425; x_wconf 85' lang='lat' dir='ltr'>der</span> <span class='ocrx_word' id='word_1_569' title='bbox 1153 5378 1196 5427; x_wconf 74' lang='lat'>24.</span> <span class='ocrx_word' id='word_1_570' title='bbox 1211 5373 1317 5425; x_wconf 63' lang='lat' dir='ltr'>(nobe-</span> <span class='ocrx_word' id='word_1_571' title='bbox 1328 5375 1376 5424; x_wconf 71' lang='lat' dir='ltr'>der</span> <span class='ocrx_word' id='word_1_572' title='bbox 1392 5373 1624 5439; x_wconf 58' lang='lat' dir='ltr'>Transdrtr&#39;onstup</span> <span class='ocrx_word' id='word_1_573' title='bbox 1636 5376 1680 5428; x_wconf 78' lang='lat' dir='ltr'>des</span> <span class='ocrx_word' id='word_1_574' title='bbox 1690 5393 1736 5427; x_wconf 88' lang='lat' dir='ltr'>um</span> <span class='ocrx_word' id='word_1_575' title='bbox 1750 5382 1774 5430; x_wconf 92' lang='lat'>7.</span> <span class='ocrx_word' id='word_1_576' title='bbox 1787 5378 1900 5429; x_wconf 82' lang='lat' dir='ltr'>Januar</span> 
     </span>
     <span class='ocr_line' id='line_1_47' title="bbox 408 5446 1900 5513; baseline 0.001 -14"><span class='ocrx_word' id='word_1_577' title='bbox 408 5448 574 5513; x_wconf 74' lang='lat' dir='ltr'>pastorbenen</span> <span class='ocrx_word' id='word_1_578' title='bbox 593 5449 619 5500; x_wconf 82' lang='lat' dir='ltr'>h.</span> <span class='ocrx_word' id='word_1_579' title='bbox 633 5447 730 5496; x_wconf 75' lang='lat' dir='ltr'>Jrrlr&#39;un</span> <span class='ocrx_word' id='word_1_580' title='bbox 747 5450 781 5496; x_wconf 79' lang='lat' dir='ltr'>ist</span> <span class='ocrx_word' id='word_1_581' title='bbox 799 5446 854 5496; x_wconf 76' lang='grc' dir='ltr'><em>ιοννᾶ</em></span> <span class='ocrx_word' id='word_1_582' title='bbox 869 5448 955 5497; x_wconf 78' lang='lat' dir='ltr'>dieser</span> <span class='ocrx_word' id='word_1_583' title='bbox 971 5448 1036 5509; x_wconf 74' lang='lat' dir='ltr'>Tap,</span> <span class='ocrx_word' id='word_1_584' title='bbox 1056 5447 1124 5496; x_wconf 73' lang='lat' dir='ltr'>ncrclz</span> <span class='ocrx_word' id='word_1_585' title='bbox 1139 5449 1246 5511; x_wconf 70' lang='lat' dir='ltr'>priticm·</span> <span class='ocrx_word' id='word_1_586' title='bbox 1258 5446 1430 5511; x_wconf 66' lang='lat' dir='ltr'>rttnttetlunp</span> <span class='ocrx_word' id='word_1_587' title='bbox 1442 5446 1487 5495; x_wconf 82' lang='lat' dir='ltr'>des</span> <span class='ocrx_word' id='word_1_588' title='bbox 1499 5447 1630 5496; x_wconf 72' lang='lat' dir='ltr'>Cononr&#39;w</span> <span class='ocrx_word' id='word_1_589' title='bbox 1642 5449 1723 5499; x_wconf 72' lang='lat' dir='ltr'>Rosci</span> <span class='ocrx_word' id='word_1_590' title='bbox 1732 5465 1766 5498; x_wconf 68' lang='lat' dir='ltr'>su</span> <span class='ocrx_word' id='word_1_591' title='bbox 1780 5448 1900 5507; x_wconf 67' lang='lat' dir='ltr'>Novaro,</span> 
     </span>
    </p>

    <p class='ocr_par' dir='ltr' id='par_1_8' title="bbox 409 5515 1901 5587">
     <span class='ocr_line' id='line_1_48' title="bbox 409 5515 1901 5587; baseline 0.002 -17"><span class='ocrx_word' id='word_1_592' title='bbox 409 5521 475 5570; x_wconf 80' lang='lat' dir='ltr'>noch</span> <span class='ocrx_word' id='word_1_593' title='bbox 488 5520 561 5569; x_wconf 79' lang='lat' dir='ltr'>beate</span> <span class='ocrx_word' id='word_1_594' title='bbox 574 5521 602 5568; x_wconf 81' lang='lat' dir='ltr'>in</span> <span class='ocrx_word' id='word_1_595' title='bbox 618 5520 741 5567; x_wconf 69' lang='grc' dir='ltr'><em>(ιόεεονιο</em></span> <span class='ocrx_word' id='word_1_596' title='bbox 753 5518 858 5579; x_wconf 77' lang='lat' dir='ltr'>seetlich</span> <span class='ocrx_word' id='word_1_597' title='bbox 871 5518 1002 5582; x_wconf 74' lang='lat' dir='ltr'>beponqen</span> <span class='ocrx_word' id='word_1_598' title='bbox 1015 5520 1085 5567; x_wconf 81' lang='lat' dir='ltr'>wird</span> <span class='ocrx_word' id='word_1_599' title='bbox 1135 5522 1164 5584; x_wconf 77' lang='lat' dir='ltr'>q)</span> <span class='ocrx_word' id='word_1_600' title='bbox 1180 5519 1244 5577; x_wconf 82' lang='lat' dir='ltr'>ullc,·</span> <span class='ocrx_word' id='word_1_601' title='bbox 1260 5533 1369 5569; x_wconf 87' lang='lat' dir='ltr'>omnem</span> <span class='ocrx_word' id='word_1_602' title='bbox 1383 5515 1560 5569; x_wconf 80' lang='lat' dir='ltr'>festivitatem</span> <span class='ocrx_word' id='word_1_603' title='bbox 1575 5519 1633 5572; x_wconf 79' lang='lat' dir='ltr'>Vt&#39;.</span> <span class='ocrx_word' id='word_1_604' title='bbox 1648 5520 1682 5570; x_wconf 87' lang='grc' dir='ltr'>ΙΙ</span> <span class='ocrx_word' id='word_1_605' title='bbox 1732 5522 1756 5587; x_wconf 88' lang='lat' dir='ltr'>r)</span> <span class='ocrx_word' id='word_1_606' title='bbox 1772 5518 1862 5573; x_wconf 83' lang='lat' dir='ltr'>Oxuls</span> <span class='ocrx_word' id='word_1_607' title='bbox 1875 5524 1901 5573; x_wconf 90' lang='lat' dir='ltr'><em>D</em></span> 
     </span>
    </p>

    <p class='ocr_par' dir='ltr' id='par_1_9' title="bbox 410 5587 1902 5728">
     <span class='ocr_line' id='line_1_49' title="bbox 410 5587 1901 5653; baseline 0.002 -11"><span class='ocrx_word' id='word_1_608' title='bbox 410 5596 433 5653; x_wconf 75' lang='lat' dir='ltr'>s)</span> <span class='ocrx_word' id='word_1_609' title='bbox 453 5592 492 5649; x_wconf 83' lang='lat' dir='ltr'>I),·</span> <span class='ocrx_word' id='word_1_610' title='bbox 511 5588 643 5653; x_wconf 82' lang='lat' dir='ltr'>Protexii,</span> <span class='ocrx_word' id='word_1_611' title='bbox 662 5588 793 5640; x_wconf 61' lang='lat' dir='ltr'>(sortiarii</span> <span class='ocrx_word' id='word_1_612' title='bbox 807 5589 861 5653; x_wconf 81' lang='lat' dir='ltr'>BC,</span> <span class='ocrx_word' id='word_1_613' title='bbox 882 5590 937 5639; x_wconf 77' lang='grc' dir='ltr'>οηᾶ</span> <span class='ocrx_word' id='word_1_614' title='bbox 953 5606 983 5640; x_wconf 86' lang='lat' dir='ltr'>so</span> <span class='ocrx_word' id='word_1_615' title='bbox 999 5592 1069 5652; x_wconf 63' lang='lat' dir='ltr'>ester</span> <span class='ocrx_word' id='word_1_616' title='bbox 1081 5591 1110 5639; x_wconf 82' lang='lat' dir='ltr'>in</span> <span class='ocrx_word' id='word_1_617' title='bbox 1123 5590 1193 5639; x_wconf 79' lang='lat' dir='ltr'>allen</span> <span class='ocrx_word' id='word_1_618' title='bbox 1206 5608 1224 5640; x_wconf 81' lang='lat' dir='ltr'>x</span> <span class='ocrx_word' id='word_1_619' title='bbox 1236 5595 1324 5640; x_wconf 74' lang='lat' dir='ltr'>stulte</span> <span class='ocrx_word' id='word_1_620' title='bbox 1378 5596 1400 5653; x_wconf 84' lang='lat' dir='ltr'>t)</span> <span class='ocrx_word' id='word_1_621' title='bbox 1419 5587 1530 5639; x_wconf 86' lang='lat' dir='ltr'>collitur</span> <span class='ocrx_word' id='word_1_622' title='bbox 1542 5589 1596 5653; x_wconf 88' lang='lat' dir='ltr'>BC,</span> <span class='ocrx_word' id='word_1_623' title='bbox 1616 5606 1654 5641; x_wconf 84' lang='lat' dir='ltr'>wo</span> <span class='ocrx_word' id='word_1_624' title='bbox 1672 5593 1729 5641; x_wconf 73' lang='lat' dir='ltr'>sicli</span> <span class='ocrx_word' id='word_1_625' title='bbox 1745 5593 1814 5643; x_wconf 73' lang='lat' dir='ltr'>arech</span> <span class='ocrx_word' id='word_1_626' title='bbox 1829 5602 1901 5645; x_wconf 77' lang='lat' dir='ltr'>smtst</span> 
     </span>
     <span class='ocr_line' id='line_1_50' title="bbox 415 5658 1902 5728; baseline 0.003 -15"><span class='ocrx_word' id='word_1_627' title='bbox 415 5662 616 5728; x_wconf 75' lang='lat' dir='ltr'>l&#39;erdoppeluap</span> <span class='ocrx_word' id='word_1_628' title='bbox 633 5661 677 5711; x_wconf 78' lang='lat' dir='ltr'>des</span> <span class='ocrx_word' id='word_1_629' title='bbox 696 5659 704 5709; x_wconf 98' lang='lat' dir='ltr'>l</span> <span class='ocrx_word' id='word_1_630' title='bbox 724 5660 804 5722; x_wconf 67' lang='lat' dir='ltr'>findet</span> <span class='ocrx_word' id='word_1_631' title='bbox 870 5672 898 5719; x_wconf 77' lang='lat' dir='ltr'>ul</span> <span class='ocrx_word' id='word_1_632' title='bbox 920 5678 957 5725; x_wconf 83' lang='lat' dir='ltr'>so,</span> <span class='ocrx_word' id='word_1_633' title='bbox 978 5661 1038 5712; x_wconf 76' lang='lat' dir='ltr'>eber</span> <span class='ocrx_word' id='word_1_634' title='bbox 1057 5661 1098 5712; x_wconf 84' lang='lat' dir='ltr'>uls</span> <span class='ocrx_word' id='word_1_635' title='bbox 1116 5659 1283 5725; x_wconf 70' lang='lat' dir='ltr'>Bestiarum,</span> <span class='ocrx_word' id='word_1_636' title='bbox 1304 5660 1363 5721; x_wconf 82' lang='lat' dir='ltr'>BC,-</span> <span class='ocrx_word' id='word_1_637' title='bbox 1387 5658 1548 5713; x_wconf 83' lang='lat' dir='ltr'>Restauium</span> <span class='ocrx_word' id='word_1_638' title='bbox 1561 5663 1588 5712; x_wconf 88' lang='lat' dir='ltr'><em>D</em></span> <span class='ocrx_word' id='word_1_639' title='bbox 1654 5664 1681 5719; x_wconf 80' lang='lat' dir='ltr'>vl</span> <span class='ocrx_word' id='word_1_640' title='bbox 1701 5661 1836 5715; x_wconf 85' lang='lat' dir='ltr'>Pisehonu</span> <span class='ocrx_word' id='word_1_641' title='bbox 1850 5667 1902 5717; x_wconf 86' lang='lat' dir='ltr'>BD</span> 
     </span>
    </p>

    <p class='ocr_par' dir='ltr' id='par_1_10' title="bbox 411 5731 1905 5871">
     <span class='ocr_line' id='line_1_51' title="bbox 411 5731 1901 5803; baseline 0.002 -18"><span class='ocrx_word' id='word_1_642' title='bbox 411 5740 446 5801; x_wconf 80' lang='lat' dir='ltr'>w)</span> <span class='ocrx_word' id='word_1_643' title='bbox 466 5731 653 5784; x_wconf 86' lang='lat' dir='ltr'>Pitinaschum</span> <span class='ocrx_word' id='word_1_644' title='bbox 669 5731 720 5781; x_wconf 84' lang='lat' dir='ltr'>BD</span> <span class='ocrx_word' id='word_1_645' title='bbox 773 5740 803 5791; x_wconf 83' lang='lat' dir='ltr'>x)</span> <span class='ocrx_word' id='word_1_646' title='bbox 821 5731 989 5797; x_wconf 81' lang='lat' dir='ltr'>pertinentes</span> <span class='ocrx_word' id='word_1_647' title='bbox 1002 5733 1034 5795; x_wconf 86' lang='lat' dir='ltr'>B,</span> <span class='ocrx_word' id='word_1_648' title='bbox 1054 5732 1118 5782; x_wconf 79' lang='lat' dir='ltr'>doch</span> <span class='ocrx_word' id='word_1_649' title='bbox 1138 5735 1172 5783; x_wconf 86' lang='lat' dir='ltr'>ist</span> <span class='ocrx_word' id='word_1_650' title='bbox 1190 5735 1240 5783; x_wconf 82' lang='lat' dir='ltr'>dna</span> <span class='ocrx_word' id='word_1_651' title='bbox 1258 5749 1270 5783; x_wconf 89' lang='lat' dir='ltr'>s</span> <span class='ocrx_word' id='word_1_652' title='bbox 1285 5733 1412 5783; x_wconf 66' lang='lat' dir='ltr'>vellecht</span> <span class='ocrx_word' id='word_1_653' title='bbox 1428 5731 1520 5796; x_wconf 69' lang='lat' dir='ltr'>paupe</span> <span class='ocrx_word' id='word_1_654' title='bbox 1573 5736 1601 5799; x_wconf 83' lang='lat' dir='ltr'>y)</span> <span class='ocrx_word' id='word_1_655' title='bbox 1621 5731 1713 5786; x_wconf 90' lang='lat' dir='ltr'>IuliB</span> <span class='ocrx_word' id='word_1_656' title='bbox 1767 5742 1791 5803; x_wconf 82' lang='lat' dir='ltr'>z)</span> <span class='ocrx_word' id='word_1_657' title='bbox 1817 5738 1901 5803; x_wconf 88' lang='lat' dir='ltr'>pcrti-</span> 
     </span>
     <span class='ocr_line' id='line_1_52' title="bbox 411 5801 1905 5871; baseline 0.003 -16"><span class='ocrx_word' id='word_1_658' title='bbox 411 5804 538 5857; x_wconf 88' lang='lat' dir='ltr'>nentibus</span> <span class='ocrx_word' id='word_1_659' title='bbox 551 5804 587 5866; x_wconf 67' lang='lat' dir='ltr'>B,</span> <span class='ocrx_word' id='word_1_660' title='bbox 606 5802 733 5869; x_wconf 82' lang='lat' dir='ltr'>pertinen</span> <span class='ocrx_word' id='word_1_661' title='bbox 748 5802 794 5853; x_wconf 85' lang='lat' dir='ltr'>CD</span> <span class='ocrx_word' id='word_1_662' title='bbox 849 5804 875 5867; x_wconf 85' lang='lat' dir='ltr'>a)</span> <span class='ocrx_word' id='word_1_663' title='bbox 894 5804 961 5866; x_wconf 77' lang='lat' dir='ltr'>fehlt</span> <span class='ocrx_word' id='word_1_664' title='bbox 980 5807 1009 5855; x_wconf 82' lang='lat' dir='ltr'>in</span> <span class='ocrx_word' id='word_1_665' title='bbox 1028 5805 1076 5855; x_wconf 85' lang='lat' dir='ltr'>BC</span> <span class='ocrx_word' id='word_1_666' title='bbox 1129 5804 1159 5871; x_wconf 90' lang='lat' dir='ltr'>b)</span> <span class='ocrx_word' id='word_1_667' title='bbox 1179 5803 1289 5856; x_wconf 88' lang='lat' dir='ltr'>coheret</span> <span class='ocrx_word' id='word_1_668' title='bbox 1305 5804 1331 5852; x_wconf 87' lang='lat' dir='ltr'><em>D</em></span> <span class='ocrx_word' id='word_1_669' title='bbox 1389 5805 1414 5870; x_wconf 87' lang='lat' dir='ltr'>c)</span> <span class='ocrx_word' id='word_1_670' title='bbox 1435 5801 1482 5868; x_wconf 90' lang='lat' dir='ltr'>qui</span> <span class='ocrx_word' id='word_1_671' title='bbox 1500 5803 1551 5853; x_wconf 80' lang='lat' dir='ltr'>ulle</span> <span class='ocrx_word' id='word_1_672' title='bbox 1605 5804 1634 5871; x_wconf 87' lang='lat' dir='ltr'>d)</span> <span class='ocrx_word' id='word_1_673' title='bbox 1651 5805 1842 5859; x_wconf 85' lang='lat' dir='ltr'>Camariascho</span> <span class='ocrx_word' id='word_1_674' title='bbox 1857 5810 1905 5862; x_wconf 83' lang='lat' dir='ltr'>BG</span> 
     </span>
    </p>
   </div>
   <div class='ocr_carea' id='block_1_6' title="bbox 0 0 2394 6596">
    <p class='ocr_par' dir='ltr' id='par_1_11' title="bbox 0 0 2394 6596">
     <span class='ocr_line' id='line_1_53' title="bbox 0 0 2394 6596; baseline 0 0"><span class='ocrx_word' id='word_1_675' title='bbox 0 0 2394 6596; x_wconf 95' lang='lat' dir='ltr'> </span> 
     </span>
    </p>
   </div>
  </div>
 </body>
</html>
