4836 6492
865 462 1103 521 HEINRICH
1124 463 1163 518 11.
1206 461 1301 518 1022.
1843 454 1905 518 607

259 652 447 740 Carpinito‘
478 665 512 719 et
541 653 666 742 Campo
689 652 907 719 Barbarensi‘
937 674 1011 716 cum
1041 647 1191 714 omnibus
1222 672 1334 714 earum
1364 650 1566 736 pertinentiis
1597 648 1774 715 aSibiano
1803 673 1907 736 usque

259 759 405 825 Classem
428 759 549 825 flumen
572 759 614 826 ab
637 760 727 826 Arno
750 783 854 848 usque
877 759 1140 839 Matrinianuw,
1164 772 1277 836 insuper
1302 776 1329 820 et
1355 786 1461 821 omnem
1488 769 1563 822 illam
1586 777 1694 831 terram,
1720 787 1802 835 quam
1826 773 1909 823 Berta

259 882 355 946 regina
373 897 407 931 ex
426 880 571 933 Camerino
595 883 746 948 adquisivit
768 883 798 932 in
816 887 908 933 monte
926 879 1073 930 Ferentino
1094 883 1122 928 et
1140 862 1226 927 Ama
1243 864 1277 926 ln
1296 876 1427 942 Muglauo
1448 874 1480 928 el
1498 884 1599 928 sortem
1618 878 1652 928 de
1672 879 1763 928 Lauro
1783 875 1816 929 et
1833 863 1908 950 Ugo

259 985 339 1037 rexss
363 972 509 1039 eiusdem
531 974 630 1039 Berte
652 975 738 1039 filius
763 997 838 1039 oum
861 971 1002 1038 ecclesia
1024 986 1113 1036 sancti
1136 984 1236 1035 Marini
1259 970 1455 1034 monasterio
1483 981 1594 1034 sancte
1617 969 1714 1034 Flore
1737 972 1908 1054 concessit,

223 1103 238 1143 s
260 1103 335 1143 cum
358 1079 485 1166 capella
507 1082 612 1145 sancti
634 1081 744 1146 Mame
769 1090 802 1145 et
820 1081 890 1145 eiua
908 1078 1124 1165 pertinentiis,
1148 1099 1246 1163 quam
1266 1076 1398 1163 quidam
1417 1075 1687 1163 (iodolprandusl
1706 1100 1766 1165 per
1785 1087 1909 1142 cartam

261 1185 493 1251 vendictionis¹
529 1186 657 1274 prefato
692 1187 889 1252 monasterio
925 1184 1016 1249 dedit
1045 1194 1078 1248 et
1106 1182 1219 1247 Arnon
1249 1183 1319 1247 eins
1349 1184 1524 1270 preposito,
1559 1193 1656 1271 atque
1686 1207 1838 1249 mansum
1868 1183 1909 1249 de

262 1292 439 1379 Gragnano
463 1294 765 1380 compertinentiis
796 1294 876 1374 eius,
905 1292 990 1356 sicut
1019 1300 1154 1355 actenus
1184 1300 1292 1354 rectus
1321 1289 1428 1355 meret
1456 1312 1517 1376 per
1538 1289 1745 1355 Ianuarium*
1768 1301 1801 1356 et
1822 1314 1909 1358 nnnc

261 1411 390 1465 tenetur
416 1422 477 1486 per
497 1400 643 1465 Leonem
666 1399 821 1466 Crassum
853 1409 886 1463 et
915 1406 1081 1463 consortes
1112 1398 1182 1461 eius
1212 1407 1245 1461 et
1266 1395 1442 1461 Rodulfum
1472 1394 1635 1479 abbatem,
1666 1419 1740 1462 cum
1770 1396 1910 1463 ecclesia

261 1529 359 1593 quam
381 1508 451 1593 ipse
474 1505 521 1571 ibi
544 1509 665 1589 statuit,
689 1509 773 1573 sicut
791 1506 901 1593 regiae
921 1515 1055 1570 actenus
1078 1503 1232 1590 potestati
1250 1504 1415 1589 pertinuit,
1439 1525 1500 1567 nec
1519 1525 1585 1567 non
1603 1505 1703 1568 etiam
1721 1503 1906 1571 castellum¹

217 1637 244 1678 u
262 1624 295 1677 ct
324 1612 497 1679 ecclesiam
525 1624 623 1701 atque
653 1623 775 1679 cortem
806 1613 847 1677 de
870 1611 1006 1697 Belgari
1036 1621 1069 1675 et
1091 1609 1289 1675 corticellam
1313 1608 1354 1673 de
1379 1608 1503 1675 Oellule
1527 1632 1601 1674 curn
1624 1608 1774 1675 omnibus
1798 1633 1908 1677 earnm

262 1721 465 1807 pertinentiis
490 1743 563 1785 cum
580 1719 678 1807 Scegi
702 1730 736 1785 et
757 1722 792 1784 in
807 1717 994 1783 Monticello
1018 1728 1051 1782 et
1068 1718 1102 1780 in
1118 1715 1326 1781 Unaldinano
1346 1727 1379 1780 et
1396 1717 1431 1780 in
1445 1717 1630 1802 Biuiguauo
1650 1728 1683 1782 et
1700 1720 1733 1782 in
1750 1717 1909 1805 Campille

262 1838 295 1891 et
317 1828 351 1891 in
375 1825 488 1913 Grogi,
520 1828 604 1892 siout
626 1826 700 1913 Ugo
723 1825 825 1891 iudex
847 1838 881 1890 et
902 1825 1002 1889 Berta
1025 1825 1094 1888 eius
1118 1823 1240 1887 coniux
1261 1824 1457 1887 monasterio
1484 1834 1596 1888 sancte
1619 1824 1716 1889 Flore
1739 1823 1908 1908 dederunt,

263 1944 295 1998 et
317 1956 429 1999 omnes
452 1956 581 1999 mansos
605 1957 680 1999 cnm
702 1933 907 2020 pertinentiis
931 1942 963 1996 et
986 1930 1123 1995 edificiis
1147 1952 1269 2012 earum,
1300 1952 1381 2016 quas
1404 1930 1439 1994 in
1462 1932 1616 1996 comitatu
1638 1930 1774 1996 Arctino
1797 1931 1909 1997 Tenue

261 2040 347 2105 iilius
366 2040 493 2105 Offredi
516 2052 549 2105 et
565 2041 683 2105 Petrus
705 2040 790 2105 filius
809 2037 992 2126 ingylelmi,
1011 2036 1190 2102 Raineldus
1208 2035 1250 2101 de
1267 2036 1400 2119 Rosius,
1423 2036 1513 2101 Auno
1536 2035 1717 2124 presbyter,
1743 2037 1909 2105 Gerendus

219 2171 244 2210 rs
263 2158 296 2211 et
317 2144 472 2212 Albertus
494 2147 553 2212 filii
575 2147 762 2227 Bonizonis‚
786 2146 948 2211 Iohannes
970 2141 1209 2230 Langobardos
1233 2153 1266 2207 et
1287 2142 1481 2207 Dominicus
1500 2143 1582 2207 Ardi
1606 2155 1639 2209 et
1656 2144 1803 2231 Angelus
1824 2145 1910 2211 filius

263 2254 395 2318 Martini
418 2264 452 2318 et
468 2252 658 2340 Georgiusm
681 2264 715 2318 et
736 2251 962 2340 (iariprandus
984 2248 1167 2338 presbyteri
1191 2260 1224 2314 et
1239 2248 1397 2314 Rodulfus
1419 2249 1504 2315 filius
1519 2250 1668 2315 Liutardi
1687 2263 1720 2317 et
1734 2252 1803 2318 Leo
1821 2276 1910 2340 pres-

262 2359 359 2447 byter
381 2370 415 2425 et
435 2360 546 2425 Uuido
568 2360 654 2425 filius
678 2359 835 2425 Griffonis
864 2359 898 2424 in
921 2357 993 2423 loco
1017 2356 1210 2443 Corsigiano
1233 2356 1286 2421 vel
1314 2356 1369 2421 alii
1392 2356 1504 2421 fideles
1528 2357 1696 2423 christiani
1718 2383 1776 2446 pro
1800 2382 1911 2425 amore

263 2467 317 2532 dei
340 2466 447 2532 eidem
476 2468 672 2532 monasterio
706 2466 867 2532 dederunt
888 2466 924 2530 in
947 2463 1188 2551 campauanae,
1219 2486 1292 2528 cum
1321 2475 1409 2528 terra
1439 2475 1471 2529 ct
1494 2466 1582 2528 omni
1605 2464 1821 2532 decimatione
1844 2466 1910 2549 illa,

262 2596 361 2661 quam
383 2575 529 2660 episcopi
546 2574 674 2638 Aretini
692 2573 819 2660 prefato
842 2580 1073 2637 concesserunt
1095 2571 1300 2636 monasterio.
1340 2571 1460 2636 Omnia
1482 2583 1600 2654 antem,
1625 2595 1709 2660 quae
1733 2572 1775 2638 ab
1794 2573 1911 2660 Ugoue

217 2706 244 2744 ro
263 2691 296 2745 et
317 2679 472 2745 Lotlram'o
496 2691 529 2745 et
552 2704 572 2745 a
593 2690 705 2745 nostra
727 2678 900 2744 clementia
921 2677 975 2742 vel
997 2674 1040 2741 ab
1063 2675 1136 2740 aliis
1158 2676 1310 2741 fidelibus
1330 2677 1514 2743 christianis
1534 2678 1612 2743 data
1635 2691 1710 2744 sunt
1733 2690 1766 2744 et
1788 2678 1912 2745 dabun-

262 2798 324 2869 tur,
347 2799 383 2852 ut
406 2787 528 2852 dictum
552 2798 610 2870 est,
634 2786 696 2852 (leo
720 2797 753 2851 et
775 2784 923 2872 predicto
946 2784 1153 2865 monasterio,
1182 2799 1210 2848 in
1229 2814 1308 2849 usum
1330 2805 1358 2849 et
1379 2807 1515 2865 sumptum
1535 2800 1668 2851 fratrum
1691 2803 1911 2853 monachorum

263 2909 438 2960 concedimus
468 2922 485 2954 r
519 2916 601 2973 atque
636 2906 766 2973 largimur
797 2913 825 2957 et
857 2905 891 2956 de
922 2910 1015 2956 nostro
1047 2905 1107 2955 iure
1140 2907 1169 2954 et
1199 2903 1369 2956 domininio⁰
1402 2908 1430 2956 in
1463 2922 1557 2958 eornm
1584 2908 1627 2957 ina
1656 2914 1685 2959 et
1712 2910 1911 2958 ‹loruiniuium0

263 3016 424 3067 omnimodis
451 3015 666 3066 transfundimus
694 3030 726 3064 ae
752 3011 920 3079 delegamus,
949 3018 979 3062 ut
1006 3013 1035 3061 in
1062 3010 1173 3062 illerum
1200 3013 1358 3077 stipendio
1387 3014 1510 3078 predicta
1540 3014 1633 3080 predia
1662 3024 1736 3066 eum
1759 3000 1856 3066 relius
1880 3012 1913 3066 et

262 3108 393 3172 familiis
422 3107 465 3172 ad
495 3130 535 3172 ea
564 3104 801 3194 pertinentibus
831 3124 967 3178 maneant,
993 3120 1046 3184 ipsi
1069 3130 1086 3162 ι
1113 3125 1290 3191 eorumque
1320 3126 1526 3170 successores
1557 3107 1763 3172 aeternaliter
1792 3123 1912 3176 horreant

217 3237 245 3279 ts
263 3236 376 3280 teneant
403 3229 588 3294 firmiterque?
614 3229 773 3295 possideant
789 3239 816 3277 s.
860 3227 919 3277 Nee
944 3242 998 3277 non
1021 3212 1120 3275 etiam
1141 3240 1235 3277 omnes
1253 3241 1297 3276 res
1317 3233 1345 3276 et
1363 3226 1489 3287 familias,
1508 3244 1576 3293 quas
1596 3236 1770 3280 constructor
1788 3231 1911 3282 eirradem

264 3335 319 3388 loci
338 3323 450 3386 eiusve
473 3322 595 3407 posteri
617 3336 723 3400 prefato
743 3332 941 3385 contulerunt
960 3333 1077 3385 cenobio
1094 3346 1121 3392 s,
1141 3349 1190 3398 pcr
1208 3334 1260 3383 hoc
1276 3334 1348 3384 idem
1365 3341 1542 3400 preceptumc
1564 3320 1671 3386 eidem
1690 3339 1865 3388 concedimus
1885 3348 1912 3389 et

263 3443 453 3495 cenomanos
469 3454 486 3487 a
509 3450 583 3492 oum
607 3430 694 3492 omni
717 3439 804 3492 terra
822 3426 887 3509 illa,
911 3448 1010 3513 quam
1028 3425 1162 3512 qnidam
1180 3424 1373 3490 Uuillelmus
1396 3426 1534 3491 clericus
1557 3427 1641 3492 lilius
1659 3428 1777 3493 Aritii‘l
1800 3441 1911 3496 sancte

263 3536 359 3601 Flore
384 3536 554 3601 concessit.
598 3532 816 3599 Concedimus
840 3535 937 3597 etiam
961 3530 1073 3597 abbati
1096 3531 1241 3597 eiusdem
1264 3531 1328 3598 loci
1351 3535 1407 3620 qui
1429 3556 1489 3621 pro
1512 3544 1657 3622 tempore
1681 3536 1778 3601 fuerit
1800 3537 1912 3602 lacuu-

264 3642 351 3707 diam
375 3641 517 3728 eligendi
543 3640 606 3705 sibi
629 3640 815 3721 advocatos,
840 3638 954 3726 quales
977 3638 1125 3704 voluerit
1172 3653 1290 3719 insuper
1315 3656 1397 3705 otiam
1430 3640 1473 3704 ad
1497 3641 1681 3727 aagendam
1705 3645 1912 3710 securitatem

218 3773 246 3813 so
264 3761 297 3815 et
314 3748 580 3836 tranquillitatem
597 3747 734 3812 fratrum
752 3746 985 3811 monachorum
1002 3744 1124 3811 ibidem
1144 3746 1206 3810 deo
1229 3747 1465 3829 famulantium,
1489 3760 1649 3834 quatenus
1673 3751 1720 3813 eis
1739 3774 1798 3836 pro
1817 3750 1912 3816 nobis

264 3868 297 3921 et
320 3857 456 3944 imperio
479 3853 522 3919 ab
546 3877 585 3920 eo
607 3852 702 3919 nobis
726 3855 898 3918 commisso
922 3875 1015 3917 orare
1045 3851 1152 3935 liceat,
1184 3875 1239 3918 tem
1269 3855 1357 3940 ipsos
1388 3870 1535 3919 monachos
1564 3868 1596 3918 et
1627 3879 1738 3920 omnes
1768 3858 1912 3943 prefatas

264 3986 316 4028 res
340 3993 476 4043 quamque
502 3974 612 4028 illorum
633 3973 764 4026 familiam
790 3981 818 4024 et
842 3975 974 4024 macanos
1000 3977 1168 4039 cunctasque
1195 3990 1237 4024 rea
1264 3958 1401 4025 mobiles
1424 3973 1457 4024 el
1481 3960 1662 4025 immobiles
1686 3986 1822 4051 seseque
1846 3988 1913 4028 mo·

264 4080 378 4135 ventes
402 4084 523 4134 eiusdem
542 4083 651 4134 cenobii
669 4084 720 4133 snb
739 4088 849 4133 nostrae
869 4081 1033 4131 datomionis
1057 4081 1257 4131 mundburdum
1283 4083 1435 4147 recepimus
1461 4085 1656 4149 precipientes,
1683 4092 1715 4134 ut
1740 4084 1831 4135 nullus
1857 4087 1913 4137 dux

266 4191 385 4243 marchio
408 4175 673 4262 archiepiscopus
696 4177 868 4261 episcopus
889 4203 981 4237 comes
1000 4192 1048 4236 ont
1067 4187 1215 4251 quislibetl
1236 4172 1419 4238 mortalium
1438 4190 1590 4254 prediorum
1609 4192 1753 4242 cenobium
1778 4179 1912 4264 eiusque

221 4306 249 4348 aa
266 4295 426 4350 rectores¹
457 4305 591 4347 suamve
621 4282 777 4346 familiam
805 4296 838 4345 do
863 4295 945 4345 rebus
973 4295 1032 4342 auis
1060 4294 1163 4357 absque
1190 4293 1272 4359 togati
1298 4296 1402 4346 indicio
1428 4281 1591 4347 devestire
1621 4283 1733 4348 tollere
1768 4297 1912 4351 molestare

266 4393 412 4457 minuare
434 4390 486 4455 vel
504 4391 537 4453 in
556 4389 664 4476 aliquo
683 4387 792 4453 ledere
814 4403 923 4453 audeat.
960 4401 990 4452 si
1013 4401 1074 4466 quia
1097 4402 1183 4467 igitur
1205 4402 1286 4452 smus
1305 4405 1427 4469 precepti
1448 4400 1480 4452 et
1501 4390 1774 4455 mundbordium⁰
1793 4406 1914 4457 violator

264 4512 402 4564 violator⁰
428 4513 556 4571 extiterit,
584 4512 655 4561 sciat
679 4527 709 4561 se
735 4511 948 4576 compositurum
974 4509 1034 4559 suri
1060 4509 1157 4573 optimi
1184 4508 1267 4560 libras
1293 4518 1411 4570 centurn,
1436 4511 1610 4561 medietatem
1637 4528 1743 4581 camere
1771 4522 1861 4581 nostro
1886 4522 1913 4564 et

265 4622 438 4672 medietatem
469 4620 593 4686 predicto
624 4618 741 4668 cenobio
773 4613 806 4667 et
836 4599 990 4666 fratibus
1021 4599 1068 4665 llll
1102 4601 1163 4666 (leo
1195 4600 1438 4668 famulantibus·
1492 4618 1572 4680 Quod
1604 4625 1634 4668 ut
1665 4622 1756 4671 verius
1786 4623 1914 4672 credatur

265 4713 517 4800 diligentiusque
546 4709 588 4775 ab
615 4708 765 4776 omnibus
789 4707 990 4790 observetur,
1013 4739 1107 4773 manu
1134 4726 1266 4790 propria
1291 4725 1450 4776 roborantes
1476 4710 1560 4776 hanc
1590 4714 1743 4798 paginam
1771 4714 1913 4800 sigillare

218 4841 247 4880 so
265 4836 402 4885 iussimus.

370 4959 388 5051 ξ
412 4961 548 5048 Signum
571 4959 681 5024 domni
705 4959 853 5023 Heinrici
876 4966 940 5036 (M.)
965 4958 1167 5043 imperatoris
1190 4959 1439 5050 invictissimi}

370 5120 633 5210 {Theodericus
670 5120 884 5185 cancellarius
921 5119 993 5183 vice
1024 5116 1207 5183 Eberhardi
1237 5118 1511 5206 Papebergiensis
1549 5122 1729 5186 aecclesiae
1767 5124 1913 5213 episcopi

265 5240 299 5295 et
321 5228 595 5316 archicappellani
619 5225 775 5315 notavi}
1745 5236 1801 5311 (SI.
1818 5237 1870 5313 D.)

335 5467 400 5528 iil.
424 5470 454 5539 g)
473 5469 522 5536 nol.
538 5468 654 5522 Bolum
672 5468 735 5535 Ray.
755 5468 827 5524 Kar.
840 5471 908 5520 1401
996 5464 1026 5532 h)
1048 5482 1064 5518 r
1080 5482 1151 5522 eom
1170 5482 1222 5518 aue
1239 5482 1257 5519 a
1346 5467 1366 5535 i)
1393 5484 1496 5523 eom.
1515 5487 1566 5521 nus
1584 5470 1592 5522 i
1678 5470 1708 5540 k)
1733 5470 1844 5526 Ianuari
1862 5476 1919 5539 auf

219 5558 247 5597 rs
425 5541 519 5594 Rarus·
589 5540 609 5607 l)
629 5556 693 5592 eum
708 5539 849 5606 {niunden
865 5539 916 5605 syl.
928 5539 971 5590 die
983 5537 1105 5591 &meu
1173 5538 1280 5591 rkunde
1294 5538 1339 5590 des
1352 5539 1474 5592 Restm
1489 5541 1570 5606 Huqo
1585 5542 1626 5594 bei
1637 5543 1804 5610 Parqui157
1818 5550 1851 5595 κθ
1863 5549 1912 5598 111

424 5612 465 5680 m)
482 5612 611 5665 winsten
629 5627 645 5664 e
662 5612 719 5663 and
736 5627 753 5663 ο
771 5613 815 5663 sia
832 5627 852 5679 g
867 5611 960 5675 petilot
1015 5612 1045 5676 n)
1067 5608 1095 5661 iu
1137 5625 1255 5676 ampena
1271 5610 1398 5663 mellenti
1416 5610 1599 5678 mhtrdqliels
1617 5615 1764 5683 abyssum
1785 5631 1820 5668 na
1838 5618 1914 5680 (oder

424 5683 552 5736 nielleicist
569 5682 605 5747 ia,
622 5698 652 5735 so
668 5683 733 5734 dara
751 5680 917 5750 Cempsians
933 5697 968 5732 zu
987 5681 1056 5733 Ιωω
1074 5684 1159 5745 edre)
1177 5682 1242 5732 uber
1259 5682 1308 5734 der
1325 5682 1398 5736 Zeila
1415 5682 1609 5750 mcbodmyen
1681 5686 1709 5753 o)
1728 5688 1754 5738 A
1819 5689 1850 5757 p)
1868 5686 1913 5742 fir·

424 5752 538 5821 miterq,
557 5754 625 5807 olaus
642 5753 927 5820 Abkurzanoneiehen
945 5752 1035 5804 hister
1052 5768 1083 5819 q,
1104 5755 1128 5804 A
1195 5754 1224 5819 q)
1245 5752 1338 5818 Aritii,
1356 5770 1396 5807 wo
1413 5770 1458 5806 um
1476 5771 1491 5806 r
1508 5770 1578 5809 corr.
1596 5772 1631 5807 au
1650 5759 1705 5808 sein
1724 5758 1832 5823 umor,
1851 5762 1913 5815 ciel·

426 5825 503 5878 isicii
520 5825 705 5892 mebtrdqls'clr
722 5826 858 5892 daysfaqt
929 5825 954 5890 r)
974 5838 987 5874 a
1004 5839 1074 5878 cerr.
1093 5822 1171 5875 anal
1242 5828 1266 5891 s)
1287 5824 1413 5879 duem
1431 5825 1517 5879 kleine
1535 5827 1629 5880 Rarur
