4836 6492
510 412 574 475 656
1111 415 1575 493 anisianauonnan.

507 607 654 692 regimen
687 616 719 669 et
750 627 863 670 curam
894 616 1127 691 promoveatur
1158 614 1191 669 et
1226 627 1299 669 cum
1332 605 1400 668 suis
1432 603 1600 668 monachis
1630 626 1689 690 pro
1720 603 1814 669 nobis
1845 614 1878 668 et
1901 603 2171 669 antecessoribus

507 714 627 777 nostris
651 711 795 776 divinam
818 712 972 796 pietatem
996 710 1126 775 assidue
1154 710 1328 797 implorare
1358 733 1424 774 non
1453 711 1635 797 pigritetur.
1681 708 1736 774 ad
1765 710 1827 799 hec
1857 732 1987 797 quoque
2018 713 2163 775 omnium

506 819 674 884 hominum
704 816 851 882 fidelitati
880 817 1029 881 volmnus
1059 816 1243 898 notificare,
1274 818 1352 903 quia
1375 828 1517 880 castrum
1541 831 1714 881 babinberch
1740 831 1844 881 dictum
1872 818 1907 880 in
1930 816 2167 905 Austrifrancie

507 936 600 1010 parte
622 925 718 989 situm
741 925 806 988 lam
829 923 979 988 molimur
1002 938 1142 988 incedam
1161 940 1338 1003 episcopatus
1358 935 1533 996 sublimare,
1556 945 1653 1009 quani
1677 945 1813 987 neeesse
1837 935 1887 988 est
1909 946 1968 987 110⁸
1992 921 2168 1007 prediorum

507 1046 703 1096 donationibus
723 1054 749 1096 et
766 1059 783 1090 a
804 1061 894 1095 rerum
928 1031 1031 1115 copiis
1067 1029 1295 1116 undecumque
1326 1028 1593 1116 provenientibus
1624 1028 1758 1094 ditando
1782 1029 1992 1116 amplificare.
2039 1030 2162 1095 Decre-
2187 1052 2201 1090 s

506 1139 613 1202 vimus
637 1160 714 1224 ergo
739 1148 771 1202 et
794 1148 920 1202 certum
943 1137 1051 1201 animo
1075 1138 1242 1223 posuimus
1273 1159 1313 1200 ea
1336 1134 1451 1223 predia
1480 1135 1556 1200 illuc
1580 1135 1783 1217 contradere,
1815 1159 1879 1223 que
1910 1135 2004 1201 nobis
2035 1136 2163 1201 heredi·

506 1245 589 1309 tario
619 1245 688 1308 iure
719 1245 926 1330 contigerunt
954 1243 989 1306 in
1017 1244 1088 1307 istis
1118 1242 1266 1330 partibus
1290 1242 1485 1329 Alemaunie
1515 1254 1589 1329 post
1615 1254 1752 1307 mortem
1774 1242 1956 1331 Hadevvige
1980 1243 2161 1307 Purchardi

506 1350 599 1415 ducis
621 1351 730 1437 vidue.
776 1350 889 1437 Ipsum
912 1372 1042 1437 quoque
1067 1352 1298 1414 monasterium
1323 1349 1445 1431 Steine,
1477 1348 1518 1413 de
1549 1350 1641 1414 cuius
1665 1359 1752 1413 statu
1775 1360 1807 1413 ct
1829 1349 2071 1414 modificatione
2094 1351 2161 1413 iam

506 1458 641 1543 egimus,
666 1455 944 1542 Babinbergensis
974 1465 1067 1521 sedish
1095 1458 1257 1543 episcopis
1280 1472 1425 1520 subicere
1445 1465 1602 1535 r0[t]umuc,
1627 1477 1666 1520 eo
1696 1468 1806 1520 tamen
1836 1467 1933 1542 pacto
1965 1468 1997 1520 ct
2026 1457 2161 1537 ratione,

506 1574 542 1629 ut
564 1563 671 1629 nullus
693 1563 747 1627 vel
769 1565 914 1650 ipsorum
938 1563 1165 1649 episcoporum
1189 1574 1245 1627 aut
1268 1562 1404 1628 aliorum
1427 1583 1590 1644 potentum
1614 1575 1781 1651 presumat
1810 1562 1948 1627 alicuius
1972 1564 2083 1650 inique
2106 1586 2164 1628 cx·
2186 1586 2211 1624 io

506 1671 644 1735 actionis
667 1669 720 1734 vel
751 1671 990 1734 constrictionis
1020 1671 1213 1755 gravamina
1235 1669 1287 1733 vel
1318 1669 1438 1734 damna
1468 1671 1530 1756 ipsi
1554 1669 1625 1734 loco
1649 1681 1706 1734 aut
1729 1671 1799 1734 eius
1823 1668 1997 1734 abbatibus
2020 1670 2073 1735 vel
2099 1701 2162 1750 pre

507 1793 701 1842 curatoribus
731 1799 789 1841 seu
817 1775 916 1841 rebus
946 1775 1079 1864 inlferrc
1110 1788 1143 1840 et
1173 1799 1234 1841 nec
1258 1775 1422 1864 ceusu]m¹
1450 1778 1583 1863 exigere
1607 1799 1669 1841 nec
1693 1778 1870 1863 quicquam
1892 1778 2023 1863 penitus
2047 1800 2158 1842 eorum

506 1899 626 1949 usibus
657 1884 841 1966 detrahere3
873 1882 1139 1972 [tau]tummodo¹
1166 1884 1253 1947 enim
1277 1883 1497 1965 concedimus,
1528 1896 1563 1947 ut
1586 1882 1740 1947 defuncto
1771 1884 1873 1969 ipsius
1898 1885 2159 1970 congregationis

506 1989 637 2073 abbate,
662 1993 859 2078 quicumque
883 2013 902 2054 a
932 1989 1099 2055 monachis
1123 1989 1176 2054 vel
1205 1990 1305 2078 iu[ter
1334 2013 1369 2054 se
1397 1990 1451 2054 vel
1482 1990 1522 2054 de
1553 1989 1650 2078 allio¹
1684 1987 1830 2077 quolibet
1860 2002 1935 2054 noto
1965 1993 2162 2055 monasterio

507 2100 664 2163 canonice
693 2128 872 2163 successurus
905 2095 1053 2183 eligatur,
1083 2096 1160 2161 huic
1191 2119 1250 2183 per
1271 2111 1393 2181 predicte
1419 2111 1493 2162 sedis
1524 2099 1716 2183 episcopum
1746 2119 1825 2160 cura
1855 2098 2044 2161 monasterii
2074 2116 2208 2162 com-1⁸

506 2205 686 2287 mentietur,
712 2205 764 2269 cui
788 2205 888 2269 ctiam
910 2202 953 2267 ad
971 2202 1056 2267 benc
1075 2203 1253 2268 vivendum
1271 2227 1310 2268 ac
1330 2203 1524 2290 regulariter
1542 2226 1618 2268 suos
1642 2203 1820 2288 regendum
1839 2226 1878 2267 ac
1897 2203 2034 2290 provide
2054 2206 2162 2269 omnia

507 2310 745 2397 disponendum
774 2309 863 2374 idem
893 2309 1048 2396 deinceps
1081 2309 1249 2392 oboediat,
1280 2334 1301 2374 a
1331 2333 1394 2397 quo
1426 2322 1458 2376 et
1487 2321 1609 2375 metum
1632 2309 1766 2391 habeat,
1797 2333 1838 2374 nc
1865 2333 1918 2374 res
1943 2311 2081 2397 ecclesie
2104 2334 2162 2397 sue

507 2419 666 2504 dissipare
690 2418 743 2483 vel
768 2431 874 2482 tiberis
898 2428 954 2481 aut
977 2415 1176 2504 quibuslibet
1198 2416 1314 2482 alienis
1337 2432 1512 2482 hominibus
1532 2432 1687 2482 beneficis
1713 2440 1755 2480 ex
1773 2416 2033 2503 possessionibus
2053 2419 2161 2504 inpru-

507 2524 622 2590 denter
645 2539 798 2589 concedere
819 2535 995 2612 presumat.
1042 2524 1199 2612 Preterea
1221 2524 1371 2589 audimus
1394 2525 1568 2612 plerosque
1592 2548 1715 2605 eorum,
1747 2526 1804 2610 qui
1827 2523 2062 2589 aecclesiarum
2085 2548 2161 2589 con·

506 2633 681 2696 stituuntur
704 2631 865 2712 advocati,
891 2629 1002 2695 debita
1019 2642 1180 2716 potestate
1199 2631 1335 2696 multum
1354 2630 1454 2713 abuti,
1478 2644 1524 2713 ut,
1549 2633 1605 2717 qui
1625 2630 1783 2695 deberent
1802 2653 1873 2695 esse
1893 2630 2031 2695 modesti
2052 2631 2161 2695 defen·
2181 2650 2207 2689 ao

506 2760 606 2820 sores,
637 2737 844 2823 impudenter
874 2737 981 2801 effecti
1005 2738 1070 2801 siut
1099 2760 1236 2824 rapaces
1265 2749 1298 2801 et
1327 2739 1474 2802 iniuriosi
1497 2750 1678 2802 exactores.
1726 2738 1871 2802 Ιοοίτοοθ
1901 2750 2011 2826 nostre
2041 2737 2163 2824 placuit

505 2845 711 2931 providentie
741 2846 775 2908 in
804 2842 933 2909 abbatis
956 2843 1042 2907 illius
1067 2856 1099 2909 et
1122 2844 1258 2909 fratrum
1281 2868 1411 2909 suorum
1434 2845 1497 2909 hoc
1527 2844 1761 2931 perpetualiter
1784 2866 1905 2930 ponere
1928 2856 2099 2930 potestate,
2125 2855 2159 2907 ut

506 2953 690 3037 sapientum
720 2953 769 3015 usi
801 2950 945 3015 consiliis
976 2974 1018 3015 ex
1049 2952 1106 3033 eis,
1138 2974 1219 3038 quos
1248 2953 1333 3015 inter
1362 2964 1511 3038 potentes
1542 2950 1644 3016 seculi
1673 2951 1825 3015 noverint
1855 2974 1926 3014 esse
1951 2952 2103 3039 equitatis
2127 2962 2161 3015 et

506 3058 664 3145 modestie
688 3060 894 3139 amantiores,
920 3057 1041 3143 eligant
1065 3059 1131 3121 suis
1155 3070 1378 3144 competenter
1399 3058 1480 3123 locis
1504 3057 1682 3123 advocatos
1706 3070 1738 3122 et
1762 3056 1960 3137 defensores,
1984 3080 2045 3122 nec
2069 3056 2163 3122 aliter

507 3165 680 3251 quisquam
704 3165 846 3228 omnium
870 3162 933 3228 sibi
956 3164 1040 3229 hanc
1064 3176 1257 3250 potestatem
1281 3177 1447 3251 presumat
1465 3164 1642 3230 vendicare
1665 3164 1719 3228 vel
1743 3165 1836 3250 quasi
1860 3164 2091 3228 hereditariam
2113 3166 2159 3228 in·
2181 3185 2208 3224 aa

506 3269 638 3352 vadere,
662 3272 725 3334 uisi
749 3293 791 3334 ex
810 3270 939 3335 abbatis
958 3272 1197 3335 constitutione.
1236 3270 1504 3337 Ministeiialibus
1524 3295 1654 3359 quoque
1674 3270 1843 3353 inseruire,
1868 3294 1949 3359 quos
1968 3271 2159 3336 tradidimus

506 3376 613 3440 eidem
638 3377 786 3465 ecclesie,
811 3376 910 3441 liceat
933 3400 1007 3442 cum
1030 3378 1090 3460 his,
1115 3401 1196 3464 quos
1220 3378 1262 3443 ad
1286 3380 1511 3465 episcopatum
1533 3377 1718 3465 predictum
1742 3376 1820 3442 dare
1845 3377 2061 3459 decrevimus,
2085 3401 2159 3442 con-

506 3495 598 3548 sueto
614 3484 749 3572 honeste
766 3485 931 3548 societatis
947 3507 1036 3548 more
1053 3486 1154 3549 vitam
1170 3496 1299 3574 agere0,
1316 3499 1427 3550 mutuo
1444 3485 1526 3549 filias
1543 3508 1619 3549 suas
1634 3486 1669 3549 in
1685 3485 1872 3570 coniugium
1888 3484 1966 3548 dare
1983 3483 2162 3549 secundum

507 3612 678 3655 commune
708 3589 836 3656 libitum
867 3602 900 3655 et
929 3592 1097 3678 accipere,
1133 3590 1326 3679 sobolesque
1357 3615 1470 3657 earum
1500 3592 1589 3678 apud
1619 3591 1790 3657 alterutros
1827 3590 1987 3655 stabiliter
2013 3592 2046 3655 in
2077 3591 2161 3655 illius

507 3696 646 3783 ecclesie
665 3710 878 3784 permaneant
896 3699 1105 3785 proprietate,
1125 3697 1168 3763 ad
1188 3700 1280 3763 cuius
1296 3711 1405 3785 partes
1423 3700 1494 3785 ipse
1513 3722 1572 3785 pro
1591 3699 1789 3763 matrimonii
1808 3697 1926 3762 dantm
1945 3696 2160 3784 copulatione.
2181 3719 2208 3759 so

507 3819 567 3889 Heu
590 3806 689 3891 igitur
712 3806 846 3870 decreta
868 3818 977 3892 nostre
1001 3806 1184 3871 traditionis
1209 3818 1241 3870 et
1264 3805 1484 3871 corroboratio
1507 3828 1600 3889 nostre
1620 3820 1792 3869 auctoritatis
1817 3828 1846 3868 ut
1870 3819 1972 3869 tirmior
1992 3806 2026 3867 in
2050 3826 2160 3868 succe-

507 3910 659 3975 dentibus
681 3927 816 3977 habeatur
839 3914 932 3977 annls
952 3934 979 3977 ct
996 3941 1012 3972 a
1033 3926 1193 3993 diligentius
1220 3928 1402 3987 observetur,
1430 3929 1540 3993 propria
1558 3943 1640 3977 mauu
1657 3940 1674 3971 ι
1696 3943 1756 3977 eam
1782 3926 2001 3977 confirmavimus
2022 3933 2049 3976 et
2067 3924 2160 3990 sigillo

506 4040 600 4083 nostro
624 4032 741 4098 sigillari
764 4035 901 4084 iussimus.

613 4133 631 4225 ξ
654 4135 792 4221 Signum
816 4136 926 4201 domni
949 4136 1098 4201 Heinrici
1120 4136 1326 4222 imperatoris
1351 4133 1531 4224 secundae
1555 4135 1644 4215 (M.)¹¹

613 4258 630 4348 ξ
654 4260 845 4346 Sigefredus
869 4261 1082 4326 cancellarius
1106 4262 1236 4325 invice
1260 4260 1423 4324 Brunonis
1447 4259 1725 4325 archicancellarii
1750 4256 1916 4347 recogn}
2180 4286 2206 4326 sa

598 4384 702 4448 »Data
724 4384 790 4449 kal.
815 4397 877 4450 oct.
901 4386 1079 4450 indictione
1103 4401 1155 4468 ΙΙΙ,
1187 4408 1272 4449 anno
1303 4385 1465 4471 dominice
1489 4385 1721 4449 incarnationis
1745 4384 1804 4465 lv,
1829 4406 1914 4447 anno
1939 4382 2050 4448 domui
2072 4385 2160 4470 regis

506 4490 655 4555 Heinrici
679 4494 845 4577 regnantis
869 4476 939 4575 [ὣς
969 4504 1078 4557 actum
1102 4504 1151 4557 est
1167 4492 1276 4574 Vlme3
1305 4492 1475 4556 felicitcr¹.

1289 4738 1376 4825 512.

1244 4863 1426 4965 (Uacctt.)

507 4983 686 5058 Heinrich
719 4983 897 5081 vmbraeft
928 4984 987 5059 dic
1013 4980 1230 5084 Schenbuop
1263 4982 1324 5058 des
1349 4983 1528 5059 Zebnteus
1562 4987 1603 5059 in
1629 4985 1715 5061 licit
1747 4985 1862 5060 doreti
1897 4984 2038 5086 dortiee
2063 4984 2156 5058 Eiu—
2179 5015 2206 5054 cc

507 5102 654 5177 molinet·
679 5130 730 5177 ou
757 5104 825 5177 das
851 5103 1082 5200 Martantifl
1104 5130 1148 5179 zu
1174 5104 1336 5177 Aacbcn.
1754 5132 1972 5193 Archelaou
1994 5160 2039 5170 —·
2061 5161 2114 5189 -.

613 5277 704 5337 Iriber
716 5278 822 5352 pratil.
843 5278 873 5337 S.
894 5277 1013 5338 Mortua
1030 5278 1172 5353 Aquensis
1195 5295 1248 5336 utta
1270 5277 1332 5336 tiam
1351 5275 1434 5335 Euda
1456 5276 1505 5335 des
1525 5278 1572 5334 12.
1589 5275 1617 5335 J
1617 5277 1645 5334 i.
1666 5278 1690 5346 f.
1705 5268 1755 5334 39‘
1773 5275 1804 5333 iu
1822 5274 1874 5334 der
1890 5275 1919 5333 lc.
1937 5274 2102 5333 Biotiettcic
2127 5292 2161 5332 ru

613 5385 717 5443 Berlin
730 5384 798 5451 (A).
811 5413 843 5422 -
859 5383 1030 5458 Copiolbttclt
1043 5403 1096 5443 atis
1107 5385 1159 5443 der
1169 5390 1261 5443 ersten
1271 5383 1379 5454 Hdlfto
1389 5383 1438 5441 dea
1451 5384 1496 5442 13.
1508 5384 1535 5444 J
1536 5383 1563 5441 i.
1578 5376 1658 5453 s.16¹
1671 5383 1711 5441 t'm
1722 5380 1907 5441 Stadtarcbt‘u
1916 5399 1951 5439 zu
1960 5380 2075 5439 dacica
2087 5380 2156 5447 (B).

578 5550 642 5607 511.
667 5551 696 5619 h)
718 5552 789 5606 sedis
808 5553 986 5616 trosliacum
1011 5552 1204 5620 ursprunelt'cb
1222 5552 1293 5604 wohl
1309 5550 1439 5621 aecclesie
1510 5550 1530 5617 i)
1553 5556 1664 5617 crearat
1682 5566 1733 5601 aua
1753 5550 1778 5601 B
1848 5548 1878 5617 ir)
1904 5566 1960 5601 nur
1976 5550 2020 5601 die
2041 5550 2160 5601 L'mrt'aas

666 5625 711 5677 dea
729 5625 931 5690 Monoerumma
955 5625 1019 5678 sind
1035 5624 1181 5690 paucitati
1253 5623 1273 5691 l)
1301 5640 1346 5674 nm
1370 5630 1481 5676 artures
1500 5624 1594 5675 Raude
1618 5624 1654 5674 t'at
1677 5624 1721 5674 tia
1739 5621 1823 5673 Stoici:
1840 5621 1925 5673 Loder
1942 5620 2092 5687 suspendit
2110 5622 2158 5671 mit
2181 5626 2208 5666 it

668 5696 740 5760 sitas
754 5696 884 5761 mirra,
909 5696 995 5748 durch
1013 5695 1104 5748 welche
1121 5696 1217 5747 Fdden
1234 5711 1288 5746 aar
1305 5695 1479 5761 Bcfestt'eune
1496 5696 1569 5747 dm
1587 5693 1665 5746 Beue
1682 5693 1745 5745 oder
1762 5695 1832 5745 tinas
1849 5692 2044 5758 unddnecodea
2062 5692 2160 5758 St'aetla

667 5766 758 5818 hatten
776 5783 888 5833 eeaoeea
906 5769 1010 5820 woden
1030 5767 1142 5821 marm.
1174 5767 1297 5832 Sonatt'et
1314 5767 1419 5833 Sparsa
1437 5767 1486 5818 der
1504 5765 1674 5831 Beat’eetbtne
1691 5763 1754 5817 eiad
1771 5764 1843 5817 arabi
1861 5763 2023 5818 wrbaodat.
