4836 6504
829 458 1065 517 HEINRICH
1094 460 1132 514 11.
1160 458 1254 515 1007.
1817 447 1878 511 193

331 649 420 713 Data
439 648 504 712 kal.
524 671 600 712 nov.
619 645 797 711 indictione
814 662 849 728 v,
873 668 958 711 anno
982 645 1165 711 dominicae
1188 646 1421 710 incarnationis
1440 659 1532 728 MVII,
1557 666 1642 709 anno
1665 665 1744 709 vero
1768 642 1879 707 domni

227 757 376 822 Heinrici
399 753 535 820 secundi
558 754 725 840 regnantis
745 768 801 837 V13
833 764 942 818 actum
964 752 1225 836 Frankonofurt3
1255 752 1414 817 feliciterk
1437 774 1542 817 amen.

1009 1097 1096 1185 163.

228 1264 407 1340 Heinrich
424 1261 570 1338 scbealst
586 1261 666 1336 dem
682 1288 754 1335 coa
772 1260 846 1334 itm
860 1260 1108 1361 yeytttedetea
1120 1259 1285 1333 Bistbam
1297 1258 1480 1357 Bambcrp
1498 1258 1556 1332 die
1570 1258 1676 1331 Abtci
1689 1258 1877 1357 Neabarp.

198 1439 211 1479 s
1340 1414 1512 1485 &aufert
1530 1414 1610 1474 1007
1627 1414 1787 1473 November
1805 1416 1832 1473 1.

339 1597 582 1673 ouanuttptom
604 1596 645 1654 im
667 1596 696 1654 lc.
716 1594 922 1654 Reicttsurcbiv
945 1612 980 1653 aa
1002 1592 1145 1671 Mttacbea
1169 1593 1241 1660 (A).

335 1740 502 1815 Heyberqcr
516 1738 729 1814 ichnographia
744 1738 871 1796 Bubeub.
892 1739 920 1807 1,
937 1738 975 1796 69
994 1736 1206 1811 anvotlstttadiq
1225 1753 1279 1795 aaa
1293 1734 1330 1794 Α.
1349 1763 1391 1773 -
1407 1733 1535 1794 Schultes
1554 1734 1635 1794 Hist.
1653 1734 1800 1807 Schriften
1821 1737 1879 1795 335

338 1850 370 1906 πο
385 1849 416 1906 2.
434 1876 477 1885 -
499 1845 708 1905 Oesterreicber
729 1844 762 1903 ia
787 1844 932 1918 Gebffeete
949 1844 1074 1903 Arabiae
1096 1846 1125 1915 3,
1148 1844 1209 1902 457
1230 1844 1298 1902 22⁰9
1320 1860 1374 1903 uua
1395 1841 1432 1901 Α.
1452 1871 1497 1881 -
1517 1841 1597 1902 Mea.
1617 1843 1710 1902 Boicc
1732 1846 1800 1914 28⁰,
1823 1844 1880 1902 341

336 1956 370 2013 π’
384 1955 445 2013 221
469 1971 522 2012 asca
543 1952 580 2011 A.
603 1981 648 1990 —
671 1952 798 2011 Bb’bmcr
820 1950 891 2026 Rea.
909 1953 999 2010 1002.
1023 1980 1067 1989 -
1091 1949 1407 2025 StampsReq.1459.

341 2095 525 2156 Gescbriebea
547 2114 603 2154 voa
625 2093 694 2153 ΕΙ).
740 2092 794 2153 aa
814 2093 934 2169 Vorlaqe
962 2096 1015 2165 [tir
1037 2092 1077 2151 D.
1096 2094 1154 2152 163
1182 2093 1242 2151 aad
1270 2093 1324 2152 das
1345 2092 1482 2168 solqeade
1504 2091 1544 2152 D.
1562 2093 1622 2151 164
1649 2094 1700 2152 bat
1723 2094 1882 2167 jedessatls

339 2204 401 2262 ciac
422 2220 476 2261 aas
498 2202 643 2261 verlorcae
669 2200 804 2260 Uriumdc
825 2200 947 2275 peribu,
970 2200 1017 2259 die
1038 2218 1092 2259 aas
1114 2198 1155 2258 D.
1172 2201 1233 2259 162
1263 2199 1475 2274 abpascbrs'cbeu
1504 2218 1569 2259 war
1597 2200 1657 2259 aad
1678 2200 1768 2260 datter
1789 2201 1882 2260 sicher

340 2309 412 2368 auctr
434 2309 481 2367 die
499 2307 665 2383 Scbculcuaq
686 2307 766 2366 einer
783 2307 867 2366 Abtes'
889 2307 1018 2366 entbiclt:
1040 2306 1180 2366 andlacbt
1202 2306 1241 2365 ist
1263 2307 1308 2365 ata
1330 2307 1383 2366 des
1400 2308 1473 2381 jetti
1496 2307 1625 2377 feblcude
1642 2305 1815 2382 Mittelqla'ed
1836 2307 1883 2366 dic

340 2417 419 2476 nictu
440 2416 522 2475 caetu
543 2415 685 2474 erbattem
711 2415 848 2474 Urkande
875 2414 946 2473 tiber
968 2413 1014 2472 dic
1037 2411 1203 2488 Scbcultunq
1229 2413 1282 2473 der
1303 2412 1388 2473 Abtei
1413 2414 1583 2485 osterhofen
1606 2432 1644 2473 an
1667 2414 1812 2489 Bamberq
1833 2432 1883 2473 aas·

340 2523 467 2584 eusebes.
512 2522 579 2581 We
599 2522 689 2581 baben
712 2522 755 2580 bei
778 2521 871 2580 dieser
890 2520 970 2596 Lupe
992 2520 1044 2579 der
1061 2518 1158 2595 Diaqe
1179 2520 1211 2579 ia
1234 2520 1331 2580 beiden
1352 2519 1425 2580 DD.
1449 2540 1506 2579 aar
1528 2521 1574 2581 die
1596 2522 1884 2595 Ueberciastimmuap

340 2630 394 2689 mit
416 2628 456 2689 D.
475 2630 534 2688 162
557 2629 647 2688 durcb
664 2628 836 2688 Petitdmck
857 2627 1001 2687 limatiicb
1022 2628 1165 2702 peccabi,
1187 2627 1235 2686 die
1255 2627 1341 2687 ibaea
1362 2628 1567 2702 ymseimamea
1583 2628 1806 2703 Abrucicbaaqea
1829 2646 1881 2687 ven

340 2738 444 2797 diaes
467 2734 507 2795 D.
531 2743 643 2795 mussan
665 2735 697 2793 iu
719 2735 781 2795 dem
803 2736 967 2795 velamen
989 2734 1226 2809 Zwtscbenqlicdc
1246 2734 1397 2809 usstandan
1420 2735 1518 2794 babeo.

342 2920 400 2995 (O.)
423 2911 441 3002 ᾗ
463 2913 503 2977 In
525 2914 656 2977 nomine
680 2924 813 2977 sanctae
838 2922 871 2976 et
898 2910 1090 2977 individuae
1117 2912 1279 2975 trinitatis.
1331 2911 1507 2976 Heinricus
1531 2911 1643 2976 divina
1665 2911 1797 2977 favente
1821 2912 1883 2977 cle·

235 3023 357 3088 mentia
379 3044 450 3085 rex.
556 3034 647 3085 Sacris
665 3035 750 3098 igitur
768 3019 873 3083 saneti
893 3032 997 3099 eloquii
1013 3033 1232 3083 institutionibus
1249 3032 1389 3082 erudimur
1406 3039 1433 3083 et
1449 3034 1635 3093 admonemur,
1655 3039 1686 3083 ut
1702 3032 1884 3100 temporalia⁸

237 3143 422 3208 relinquentes
439 3134 454 3207 Β
473 3142 545 3193 bona
563 3146 591 3191 et
609 3146 718 3191 terrena
737 3146 934 3205 postponentes
954 3140 1070 3190 comoda
1089 3146 1201 3190 aeterna
1221 3146 1248 3189 et
1274 3140 1333 3190 sine
1355 3139 1409 3190 fine
1436 3156 1563 3191 mansura
1585 3141 1614 3191 in
1640 3139 1707 3191 celis
1726 3142 1884 3192 studeamus

192 3265 219 3304 to
236 3250 353 3317 adipisci
379 3250 551 3299 consistoria.
595 3248 769 3313 Quapropter
793 3262 843 3297 nos
870 3247 1013 3297 dominicis
1038 3263 1094 3298 non
1119 3247 1232 3296 surdum
1257 3246 1381 3297 auditum
1407 3248 1552 3313 prebentes
1577 3248 1715 3313 preceptis
1735 3254 1762 3298 et
1780 3248 1884 3299 deificis

237 3355 451 3423 obtemperando
470 3355 644 3405 intendentes
663 3355 839 3405 suasionibus
858 3353 995 3419 quendam
1022 3361 1131 3404 nostrae
1151 3358 1281 3419 paternae
1307 3354 1467 3404 hereditatis
1493 3353 1583 3405 locum
1603 3354 1763 3405 Babenberc
1783 3356 1885 3405 dictum

237 3466 266 3516 in
284 3464 377 3515 sedem
396 3468 424 3512 et
443 3460 551 3512 culmen
570 3461 747 3526 episcopatus
766 3459 938 3511 sublimando
958 3463 1133 3526 proveximus
1154 3468 1181 3511 et
1199 3461 1322 3511 Romana
1341 3462 1505 3511 auctoritate
1525 3478 1558 3511 ac
1576 3459 1744 3511 venerabilis
1762 3462 1886 3512 Heinrici

238 3571 468 3635 wirciburgensis
491 3555 636 3640 episcopi
659 3584 692 3618 ac
719 3568 777 3633 pari
804 3569 996 3632 communique
1023 3569 1143 3617 omnium
1170 3569 1255 3618 nostri
1281 3566 1404 3618 fidelium
1429 3573 1485 3618 tam
1511 3570 1781 3633 archiepiscoporum
1806 3585 1888 3635 quam

240 3679 431 3744 episcoporum
449 3692 499 3726 nec
519 3691 573 3726 non
593 3675 693 3725 ducum
712 3682 739 3723 et
759 3675 890 3725 comitum
909 3673 1037 3724 consultu
1056 3675 1224 3738 decretoque
1242 3675 1270 3724 in
1287 3674 1418 3726 honorem
1434 3682 1546 3727 sanctae
1564 3676 1608 3727 dei
1625 3677 1767 3742 genitricis
1783 3676 1887 3727 Mariae

195 3796 222 3836 at
241 3792 451 3848 sanctorumque
471 3780 657 3847 apostolorum
670 3781 746 3831 Petri
760 3787 788 3831 et
800 3779 882 3830 Pauli
901 3788 984 3845 atque
1004 3787 1152 3846 martyrum
1165 3779 1269 3830 Kiliani
1282 3780 1377 3831 Georii
1393 3780 1576 3832 stabilivimus
1596 3788 1624 3833 et
1642 3783 1888 3843 corroboravimus,

241 3898 272 3940 ut
291 3897 317 3940 et
336 3890 404 3939 inibi
428 3894 549 3939 nostrum
574 3893 772 3953 parentumque
798 3882 974 3938 nostrorumb
1000 3892 1028 3937 et
1047 3888 1156 3937 Ottonis
1181 3888 1260 3938 tercii
1277 3901 1294 3932 ι
1314 3887 1487 3952 imperatoris
1512 3890 1694 3939 antecessoris
1720 3894 1748 3939 et
1772 3890 1889 3940 senioris

241 3997 326 4048 nostri
346 3993 454 4045 celebre
474 3994 620 4044 haberetur
638 3992 795 4044 memoriale
816 4000 843 4044 et
860 3995 932 4061 iugis
949 4010 998 4059 pro
1015 3994 1140 4045 omnibus
1158 3995 1298 4045 ortodoxis
1313 3996 1403 4045 hostia
1419 4000 1586 4045 mactaretur
1601 3994 1739 4046 salutaris.
1770 3997 1888 4048 Proinde

241 4103 348 4154 noverit
367 4102 487 4152 omniurn
506 4101 592 4151 nostri
610 4099 732 4150 fidelium
751 4108 807 4150 tam
825 4117 937 4166 presens
954 4108 1013 4150 etas
1030 4116 1111 4165 quarn
1128 4107 1155 4151 et
1172 4115 1334 4151 successura
1351 4103 1507 4166 posteritas,
1526 4103 1591 4167 quia
1609 4119 1659 4153 nos
1678 4109 1788 4154 nostrae
1805 4119 1890 4168 quan·

242 4210 303 4261 dam
321 4208 497 4275 proprietatis
516 4207 654 4257 abbatiam
673 4208 701 4256 in
722 4205 783 4257 loco
802 4191 991 4257 Niuenbure
1017 4208 1136 4273 inpage
1155 4212 1239 4257 vero⁰
1365 4214 1393 4258 et
1416 4209 1444 4259 in
1468 4210 1618 4260 comitatuc
1782 4212 1889 4261 comitis

197 4330 224 4369 to
241 4317 321 4367 sitam
334 4315 370 4365 ad
383 4314 497 4365 eandem
510 4329 592 4378 supra
604 4314 705 4363 dictam
720 4312 904 4379 episcopalem
922 4313 1014 4364 sedem
1028 4329 1089 4363 cnm
1107 4314 1233 4364 omnibus
1250 4315 1310 4364 eius
1328 4315 1500 4380 pertinentiis
1514 4317 1716 4381 proprietantes
1730 4317 1891 4369 donavimus

242 4439 276 4474 ac
304 4421 536 4488 perpetuavimus‚
567 4421 726 4471 nominatim
750 4420 832 4470 rebus
856 4418 1003 4471 mobilibus
1032 4427 1060 4470 et
1087 4420 1264 4471 inmobilibus
1293 4422 1362 4471 vicis
1390 4420 1463 4472 villis
1492 4422 1634 4475 aecclesiis
1662 4425 1891 4476 decimationibus

243 4529 375 4595 quaesitis
395 4529 537 4592 acquisitis
554 4526 598 4578 vel
618 4528 789 4592 inquisitis
808 4527 860 4576 viis
877 4527 958 4577 inviis
976 4528 1096 4577 exitibus
1114 4514 1168 4577 vel
1191 4529 1324 4578 reditibus
1347 4545 1396 4579 seu
1420 4532 1545 4581 omnibus
1571 4547 1642 4596 quae
1668 4534 1719 4582 rite
1746 4532 1801 4583 dici
1826 4527 1892 4584 veld

242 4637 326 4687 scribi
344 4642 460 4702 possunt
479 4633 660 4699 quoquolibet
678 4634 759 4685 modo
779 4633 955 4694 utilitatibus,
981 4635 1165 4699 precipientes
1183 4635 1276 4701 igitur,
1303 4641 1333 4685 ut
1349 4648 1367 4681 a
1387 4638 1416 4687 in
1441 4638 1493 4688 deo
1519 4637 1637 4689 dilectus
1656 4638 1891 4706 Babenbergensis

244 4741 396 4794 aecclesiae
416 4742 591 4792 Eberhardus
610 4742 757 4807 episcopus
776 4742 875 4805 suique
894 4756 1068 4791 successores
1093 4739 1206 4792 liberam
1231 4742 1329 4794 dehinc
1354 4744 1474 4794 habeant
1499 4751 1663 4810 potestatem
1689 4747 1804 4797 eandem
1828 4753 1892 4798 ante

199 4862 225 4903 tt
244 4852 345 4901 dictam
364 4850 502 4900 abbatiam
521 4848 633 4899 tenendi
652 4849 798 4899 ordinandi
817 4846 974 4898 stabiliendi
993 4863 1042 4897 seu
1062 4849 1195 4913 quiequid
1213 4849 1266 4899 sibi
1286 4848 1370 4900 libeat
1395 4852 1423 4901 in
1447 4867 1526 4903 usum
1546 4858 1673 4904 aeternae
1693 4854 1893 4905 commoditatis

244 4959 307 5009 iude
326 4957 455 5008 faciendi.
492 4956 528 5006 Et
546 4962 577 5006 ut
595 4957 663 5006 haee
682 4961 792 5006 nostrae
811 4955 967 5005 auditionis
985 4957 1136 5006 auctoritas
1156 4954 1263 5007 stabilis
1283 4964 1310 5007 ct
1328 4956 1492 5009 inconvulsa
1511 4965 1677 5024 permaneat,
1702 4960 1771 5011 banc
1791 4967 1893 5012 cartam

244 5066 307 5116 inde
326 5064 509 5129 conscriptam
528 5079 611 5113 manu
629 5064 740 5129 propria
758 5063 919 5113 roborantes
939 5060 1023 5127 sigilli
1043 5063 1129 5113 nostri
1147 5064 1318 5127 inpressione
1337 5065 1461 5129 insigniri
1481 5066 1619 5117 iussimus.

350 5190 368 5281 ᾖ
391 5190 529 5278 Signum
552 5190 663 5256 domni
684 5190 833 5253 Heinrici
857 5196 920 5268 (M.)
944 5191 1031 5276 regis
1054 5191 1269 5255 invictissimi.
1292 5189 1310 5280 ᾗ

351 5341 623 5432 {Eberhardust
647 5343 861 5409 cancellarius
884 5344 958 5407 vice
982 5341 1145 5427 Uuilligisi
1169 5342 1422 5430 archicapellani
1445 5347 1631 5432 recognovi.
1655 5344 1673 5436 ξ
1732 5356 1788 5427 (SI.
1809 5355 1850 5427 2.)

201 5582 230 5622 to
318 5564 382 5621 lta.
407 5565 437 5635 k)
456 5565 482 5619 ic
500 5582 569 5621 corr.
588 5582 640 5618 cua
657 5564 686 5620 it.

320 5662 382 5720 1⁶8.
408 5661 555 5733 [Bresslau]
584 5665 611 5731 a)
630 5665 681 5717 das
697 5670 764 5717 erate
781 5680 797 5716 a
813 5664 900 5729 aufert
915 5679 985 5718 cer-r.
1002 5678 1054 5715 aas
1070 5680 1087 5715 ο
1139 5661 1168 5729 b)
1188 5679 1310 5732 morum,
1329 5664 1397 5717 elsae
1413 5665 1706 5735 Abkttreuaqaccscben,
1723 5672 1750 5722 A
1801 5674 1828 5739 a)
1848 5689 1899 5726 un.

406 5736 570 5801 eusyesatlts
587 5736 695 5789 Lstckea
717 5738 768 5800 fair
785 5736 836 5788 dea
857 5736 936 5786 Gaa-
953 5736 1011 5786 aad
1030 5734 1234 5798 Grafeaaumea
1250 5737 1280 5787 tn
1298 5737 1323 5788 A
1395 5734 1425 5803 d)
1443 5735 1488 5789 vel
1509 5737 1638 5790 ewbdsea
1661 5737 1717 5794 dici
1738 5743 1797 5795 uad
1818 5744 1900 5800 scribi

406 5807 592 5873 necbtrttpb'cb
610 5808 748 5875 aagefeyt
820 5808 847 5871 e)
867 5812 957 5858 tuerat
974 5822 1030 5858 aar
1047 5803 1200 5873 Eberhard,
1220 5822 1251 5860 ns
1269 5807 1455 5875 accurreret
1473 5807 1624 5876 waebtnqt

316 5928 518 5973 mmrknnden
531 5932 575 5971 111.
1651 5921 1688 5975 25
