<?xml version="1.0" encoding="UTF-8"?>
<!DOCTYPE html PUBLIC "-//W3C//DTD XHTML 1.0 Transitional//EN"
    "http://www.w3.org/TR/xhtml1/DTD/xhtml1-transitional.dtd">
<html xmlns="http://www.w3.org/1999/xhtml" xml:lang="en" lang="en">
 <head>
  <title>
</title>
<meta http-equiv="Content-Type" content="text/html;charset=utf-8" />
  <meta name='ocr-system' content='tesseract 3.04.00' />
  <meta name='ocr-capabilities' content='ocr_page ocr_carea ocr_par ocr_line ocrx_word'/>
</head>
<body>
  <div class='ocr_page' id='page_1' title='image "./monumentagerman01gescgoog_0147.png"; bbox 0 0 4804 6498; ppageno 0'>
   <div class='ocr_carea' id='block_1_1' title="bbox 557 448 1622 513">
    <p class='ocr_par' dir='ltr' id='par_1_1' title="bbox 557 448 1622 513">
     <span class='ocr_line' id='line_1_1' title="bbox 557 448 1622 513; baseline -0.002 0"><span class='ocrx_word' id='word_1_1' title='bbox 557 448 621 513; x_wconf 79' lang='lat'>112</span> <span class='ocrx_word' id='word_1_2' title='bbox 1158 453 1622 513; x_wconf 80' lang='lat' dir='ltr'><strong>KAISERURKUNDEN.</strong></span> 
     </span>
    </p>
   </div>
   <div class='ocr_carea' id='block_1_2' title="bbox 554 641 2253 1142">
    <p class='ocr_par' dir='ltr' id='par_1_2' title="bbox 554 641 2253 1142">
     <span class='ocr_line' id='line_1_2' title="bbox 555 641 2223 731; baseline -0.002 -20"><span class='ocrx_word' id='word_1_3' title='bbox 555 644 696 711; x_wconf 89' lang='lat' dir='ltr'>eundem</span> <span class='ocrx_word' id='word_1_4' title='bbox 716 675 851 712; x_wconf 76' lang='lat' dir='ltr'>censum</span> <span class='ocrx_word' id='word_1_5' title='bbox 871 666 980 710; x_wconf 85' lang='lat' dir='ltr'>annua</span> <span class='ocrx_word' id='word_1_6' title='bbox 997 643 1225 710; x_wconf 81' lang='lat' dir='ltr'>revolutione⁸</span> <span class='ocrx_word' id='word_1_7' title='bbox 1243 653 1363 709; x_wconf 77' lang='lat' dir='ltr'>utsam</span> <span class='ocrx_word' id='word_1_8' title='bbox 1398 642 1466 709; x_wconf 85' lang='lat' dir='ltr'>Sed</span> <span class='ocrx_word' id='word_1_9' title='bbox 1484 643 1563 731; x_wconf 87' lang='lat' dir='ltr'>quia</span> <span class='ocrx_word' id='word_1_10' title='bbox 1585 665 1606 707; x_wconf 89' lang='lat' dir='ltr'>a</span> <span class='ocrx_word' id='word_1_11' title='bbox 1624 641 1822 730; x_wconf 88' lang='lat' dir='ltr'>quibusdam</span> <span class='ocrx_word' id='word_1_12' title='bbox 1841 642 1972 709; x_wconf 80' lang='lat' dir='ltr'>divinus</span> <span class='ocrx_word' id='word_1_13' title='bbox 1997 644 2103 708; x_wconf 88' lang='lat' dir='ltr'>timor</span> <span class='ocrx_word' id='word_1_14' title='bbox 2127 644 2223 730; x_wconf 79' lang='lat' dir='ltr'>parvi</span> 
     </span>
     <span class='ocr_line' id='line_1_3' title="bbox 554 748 2223 839; baseline -0.002 -22"><span class='ocrx_word' id='word_1_15' title='bbox 554 751 718 839; x_wconf 79' lang='lat' dir='ltr'>penditur,</span> <span class='ocrx_word' id='word_1_16' title='bbox 742 752 804 817; x_wconf 92' lang='lat' dir='ltr'>nisi</span> <span class='ocrx_word' id='word_1_17' title='bbox 827 751 989 816; x_wconf 87' lang='lat' dir='ltr'>humanus</span> <span class='ocrx_word' id='word_1_18' title='bbox 1012 748 1242 837; x_wconf 75' lang='lat' dir='ltr'>subsequatur,</span> <span class='ocrx_word' id='word_1_19' title='bbox 1266 749 1472 816; x_wconf 75' lang='lat' dir='ltr'>decrevimus</span> <span class='ocrx_word' id='word_1_20' title='bbox 1493 749 1696 837; x_wconf 85' lang='lat' dir='ltr'>firmiterque</span> <span class='ocrx_word' id='word_1_21' title='bbox 1719 751 1901 831; x_wconf 73' lang='lat' dir='ltr'>statuimus,</span> <span class='ocrx_word' id='word_1_22' title='bbox 1931 760 1976 831; x_wconf 88' lang='lat' dir='ltr'>ut,</span> <span class='ocrx_word' id='word_1_23' title='bbox 2007 751 2037 815; x_wconf 91' lang='lat' dir='ltr'>si</span> <span class='ocrx_word' id='word_1_24' title='bbox 2061 750 2142 837; x_wconf 93' lang='lat' dir='ltr'>quis</span> <span class='ocrx_word' id='word_1_25' title='bbox 2165 751 2223 814; x_wconf 92' lang='lat' dir='ltr'>im·</span> 
     </span>
     <span class='ocr_line' id='line_1_4' title="bbox 555 854 2222 945; baseline -0.001 -22"><span class='ocrx_word' id='word_1_26' title='bbox 555 857 678 945; x_wconf 90' lang='lat' dir='ltr'>periale</span> <span class='ocrx_word' id='word_1_27' title='bbox 701 868 847 923; x_wconf 88' lang='lat' dir='ltr'>nostrum</span> <span class='ocrx_word' id='word_1_28' title='bbox 870 857 905 922; x_wconf 91' lang='lat' dir='ltr'>in</span> <span class='ocrx_word' id='word_1_29' title='bbox 927 857 989 922; x_wconf 89' lang='lat' dir='ltr'>hoc</span> <span class='ocrx_word' id='word_1_30' title='bbox 1012 856 1199 945; x_wconf 76' lang='lat' dir='ltr'>transgredi</span> <span class='ocrx_word' id='word_1_31' title='bbox 1221 858 1457 945; x_wconf 84' lang='lat' dir='ltr'>presumpserit</span> <span class='ocrx_word' id='word_1_32' title='bbox 1479 867 1681 944; x_wconf 84' lang='lat' dir='ltr'>preceptum,</span> <span class='ocrx_word' id='word_1_33' title='bbox 1705 857 1748 921; x_wconf 92' lang='lat' dir='ltr'>sit</span> <span class='ocrx_word' id='word_1_34' title='bbox 1771 854 1900 922; x_wconf 90' lang='lat' dir='ltr'>debitor</span> <span class='ocrx_word' id='word_1_35' title='bbox 1922 856 1965 922; x_wconf 89' lang='lat' dir='ltr'>sd</span> <span class='ocrx_word' id='word_1_36' title='bbox 1987 856 2106 945; x_wconf 77' lang='lat' dir='ltr'>regale</span> <span class='ocrx_word' id='word_1_37' title='bbox 2130 879 2222 922; x_wconf 86' lang='lat' dir='ltr'>aera-</span> 
     </span>
     <span class='ocr_line' id='line_1_5' title="bbox 556 962 2222 1051; baseline -0.001 -23"><span class='ocrx_word' id='word_1_38' title='bbox 556 965 640 1029; x_wconf 87' lang='lat' dir='ltr'>rium</span> <span class='ocrx_word' id='word_1_39' title='bbox 663 964 779 1030; x_wconf 88' lang='lat' dir='ltr'>decem</span> <span class='ocrx_word' id='word_1_40' title='bbox 802 965 874 1029; x_wconf 85' lang='lat' dir='ltr'>auri</span> <span class='ocrx_word' id='word_1_41' title='bbox 896 963 1092 1029; x_wconf 73' lang='lat' dir='ltr'>talentorum</span> <span class='ocrx_word' id='word_1_42' title='bbox 1115 963 1321 1051; x_wconf 90' lang='lat' dir='ltr'>predictique</span> <span class='ocrx_word' id='word_1_43' title='bbox 1344 964 1450 1029; x_wconf 89' lang='lat' dir='ltr'>sancti</span> <span class='ocrx_word' id='word_1_44' title='bbox 1473 962 1633 1029; x_wconf 87' lang='lat' dir='ltr'>coenobio</span> <span class='ocrx_word' id='word_1_45' title='bbox 1655 964 1846 1029; x_wconf 87' lang='lat' dir='ltr'>restituatur</span> <span class='ocrx_word' id='word_1_46' title='bbox 1872 964 1907 1029; x_wconf 93' lang='lat' dir='ltr'>in</span> <span class='ocrx_word' id='word_1_47' title='bbox 1930 963 2113 1051; x_wconf 88' lang='lat' dir='ltr'>decuplum</span> <span class='ocrx_word' id='word_1_48' title='bbox 2138 965 2222 1029; x_wconf 89' lang='lat' dir='ltr'>eius·</span> 
     </span>
     <span class='ocr_line' id='line_1_6' title="bbox 556 1070 2253 1142; baseline 0.004 -7"><span class='ocrx_word' id='word_1_49' title='bbox 556 1070 632 1135; x_wconf 89' lang='lat' dir='ltr'>dem</span> <span class='ocrx_word' id='word_1_50' title='bbox 656 1070 881 1137; x_wconf 83' lang='lat' dir='ltr'>decimationis</span> <span class='ocrx_word' id='word_1_51' title='bbox 905 1070 1145 1137; x_wconf 90' lang='lat' dir='ltr'>detrimentum.</span> <span class='ocrx_word' id='word_1_52' title='bbox 2241 1102 2253 1142; x_wconf 89' lang='lat' dir='ltr'>s</span> 
     </span>
    </p>
   </div>
   <div class='ocr_carea' id='block_1_3' title="bbox 661 1210 1789 1302">
    <p class='ocr_par' dir='ltr' id='par_1_3' title="bbox 661 1210 1789 1302">
     <span class='ocr_line' id='line_1_7' title="bbox 661 1210 1789 1302; baseline -0.003 -22"><span class='ocrx_word' id='word_1_53' title='bbox 661 1211 680 1302; x_wconf 58' lang='grc' dir='ltr'>ᾗ</span> <span class='ocrx_word' id='word_1_54' title='bbox 703 1213 841 1300; x_wconf 82' lang='lat' dir='ltr'>Signum</span> <span class='ocrx_word' id='word_1_55' title='bbox 865 1213 998 1279; x_wconf 74' lang='lat' dir='ltr'>domni¹¹</span> <span class='ocrx_word' id='word_1_56' title='bbox 1021 1213 1171 1279; x_wconf 86' lang='lat' dir='ltr'>Heinrici</span> <span class='ocrx_word' id='word_1_57' title='bbox 1194 1212 1279 1294; x_wconf 83' lang='lat' dir='ltr'>(M.)¹</span> <span class='ocrx_word' id='word_1_58' title='bbox 1305 1213 1393 1298; x_wconf 89' lang='lat' dir='ltr'>regis</span> <span class='ocrx_word' id='word_1_59' title='bbox 1416 1214 1528 1299; x_wconf 78' lang='lat' dir='ltr'>magni</span> <span class='ocrx_word' id='word_1_60' title='bbox 1551 1222 1584 1278; x_wconf 88' lang='lat' dir='ltr'>et</span> <span class='ocrx_word' id='word_1_61' title='bbox 1606 1212 1747 1300; x_wconf 85' lang='lat' dir='ltr'>pacifici.</span> <span class='ocrx_word' id='word_1_62' title='bbox 1770 1210 1789 1302; x_wconf 55' lang='grc' dir='ltr'>ᾗ</span> 
     </span>
    </p>
   </div>
   <div class='ocr_carea' id='block_1_4' title="bbox 556 1353 2220 1551">
    <p class='ocr_par' dir='ltr' id='par_1_4' title="bbox 556 1353 2220 1551">
     <span class='ocr_line' id='line_1_8' title="bbox 661 1353 2220 1445; baseline -0.001 -24"><span class='ocrx_word' id='word_1_63' title='bbox 661 1353 680 1445; x_wconf 54' lang='grc' dir='ltr'>ᾗ</span> <span class='ocrx_word' id='word_1_64' title='bbox 709 1354 876 1421; x_wconf 89' lang='lat' dir='ltr'>Eilbertus</span> <span class='ocrx_word' id='word_1_65' title='bbox 907 1354 1122 1421; x_wconf 84' lang='lat' dir='ltr'>cancellarius</span> <span class='ocrx_word' id='word_1_66' title='bbox 1156 1354 1200 1420; x_wconf 84' lang='lat' dir='ltr'>ad</span> <span class='ocrx_word' id='word_1_67' title='bbox 1229 1357 1337 1421; x_wconf 82' lang='lat' dir='ltr'>vicem</span> <span class='ocrx_word' id='word_1_68' title='bbox 1365 1354 1531 1442; x_wconf 88' lang='lat' dir='ltr'>Uuilligisi</span> <span class='ocrx_word' id='word_1_69' title='bbox 1566 1355 1806 1444; x_wconf 89' lang='lat' dir='ltr'>archiepiscopi</span> <span class='ocrx_word' id='word_1_70' title='bbox 1837 1355 2020 1442; x_wconf 89' lang='lat' dir='ltr'>summique</span> <span class='ocrx_word' id='word_1_71' title='bbox 2051 1353 2220 1442; x_wconf 85' lang='lat' dir='ltr'>capellani</span> 
     </span>
     <span class='ocr_line' id='line_1_9' title="bbox 556 1460 2175 1551; baseline 0 -25"><span class='ocrx_word' id='word_1_72' title='bbox 556 1463 733 1548; x_wconf 82' lang='lat' dir='ltr'>recognovi</span> <span class='ocrx_word' id='word_1_73' title='bbox 756 1472 789 1527; x_wconf 92' lang='lat' dir='ltr'>et</span> <span class='ocrx_word' id='word_1_74' title='bbox 811 1460 1001 1550; x_wconf 89' lang='lat' dir='ltr'>subscripsi.</span> <span class='ocrx_word' id='word_1_75' title='bbox 1025 1460 1043 1551; x_wconf 60' lang='grc' dir='ltr'><strong>ᾖ</strong></span> <span class='ocrx_word' id='word_1_76' title='bbox 2035 1469 2098 1542; x_wconf 84' lang='lat' dir='ltr'>(sl.</span> <span class='ocrx_word' id='word_1_77' title='bbox 2123 1472 2175 1539; x_wconf 83' lang='lat' dir='ltr'>D.)</span> 
     </span>
    </p>
   </div>
   <div class='ocr_carea' id='block_1_5' title="bbox 556 1602 2258 1801">
    <p class='ocr_par' dir='ltr' id='par_1_5' title="bbox 556 1602 2258 1801">
     <span class='ocr_line' id='line_1_10' title="bbox 661 1602 2217 1685; baseline -0.001 -16"><span class='ocrx_word' id='word_1_78' title='bbox 661 1604 774 1669; x_wconf 71' lang='lat' dir='ltr'>Data¹¹</span> <span class='ocrx_word' id='word_1_79' title='bbox 797 1603 850 1669; x_wconf 90' lang='lat' dir='ltr'>die</span> <span class='ocrx_word' id='word_1_80' title='bbox 873 1603 987 1670; x_wconf 89' lang='lat' dir='ltr'>iduum</span> <span class='ocrx_word' id='word_1_81' title='bbox 1009 1602 1254 1670; x_wconf 83' lang='lat' dir='ltr'>novembrium¹</span> <span class='ocrx_word' id='word_1_82' title='bbox 1280 1626 1367 1669; x_wconf 92' lang='lat' dir='ltr'>anno</span> <span class='ocrx_word' id='word_1_83' title='bbox 1391 1603 1575 1671; x_wconf 87' lang='lat' dir='ltr'>dominicae</span> <span class='ocrx_word' id='word_1_84' title='bbox 1597 1606 1831 1671; x_wconf 87' lang='lat' dir='ltr'>incarnationis</span> <span class='ocrx_word' id='word_1_85' title='bbox 1854 1604 2054 1672; x_wconf 76' lang='lat' dir='ltr'>millesimo&#39;·</span> <span class='ocrx_word' id='word_1_86' title='bbox 2076 1618 2149 1685; x_wconf 88' lang='lat'>1111,</span> <span class='ocrx_word' id='word_1_87' title='bbox 2172 1604 2217 1668; x_wconf 89' lang='lat' dir='ltr'>in·</span> 
     </span>
     <span class='ocr_line' id='line_1_11' title="bbox 556 1710 2258 1801; baseline 0.002 -25"><span class='ocrx_word' id='word_1_88' title='bbox 556 1710 699 1777; x_wconf 86' lang='lat' dir='ltr'>dictione</span> <span class='ocrx_word' id='word_1_89' title='bbox 722 1726 761 1795; x_wconf 93' lang='lat'>11,</span> <span class='ocrx_word' id='word_1_90' title='bbox 786 1733 871 1777; x_wconf 90' lang='lat' dir='ltr'>anno</span> <span class='ocrx_word' id='word_1_91' title='bbox 895 1723 1005 1776; x_wconf 89' lang='lat' dir='ltr'>sutem</span> <span class='ocrx_word' id='word_1_92' title='bbox 1027 1711 1157 1798; x_wconf 91' lang='lat' dir='ltr'>imperii</span> <span class='ocrx_word' id='word_1_93' title='bbox 1179 1712 1267 1798; x_wconf 88' lang='lat' dir='ltr'>regis</span> <span class='ocrx_word' id='word_1_94' title='bbox 1290 1711 1441 1776; x_wconf 89' lang='lat' dir='ltr'>Heinrici</span> <span class='ocrx_word' id='word_1_95' title='bbox 1464 1727 1521 1796; x_wconf 80' lang='lat'><em>1113</em></span> <span class='ocrx_word' id='word_1_96' title='bbox 1553 1724 1662 1779; x_wconf 86' lang='lat' dir='ltr'>actum</span> <span class='ocrx_word' id='word_1_97' title='bbox 1685 1712 1964 1801; x_wconf 66' lang='lat' dir='ltr'>Magadaburchr.</span> <span class='ocrx_word' id='word_1_98' title='bbox 2235 1741 2258 1779; x_wconf 85' lang='lat' dir='ltr'>o</span> 
     </span>
    </p>
   </div>
   <div class='ocr_carea' id='block_1_6' title="bbox 1357 2030 1423 2118">
    <p class='ocr_par' dir='ltr' id='par_1_6' title="bbox 1357 2030 1423 2118">
     <span class='ocr_line' id='line_1_12' title="bbox 1357 2030 1423 2118; baseline -0.03 0"><span class='ocrx_word' id='word_1_99' title='bbox 1357 2030 1423 2118; x_wconf 79' lang='grc'>89.</span> 
     </span>
    </p>
   </div>
   <div class='ocr_carea' id='block_1_7' title="bbox 558 2188 2215 2414">
    <p class='ocr_par' dir='ltr' id='par_1_7' title="bbox 558 2188 2215 2414">
     <span class='ocr_line' id='line_1_13' title="bbox 559 2188 2215 2294; baseline 0.002 -30"><span class='ocrx_word' id='word_1_100' title='bbox 559 2190 740 2265; x_wconf 72' lang='lat' dir='ltr'>Heinrich</span> <span class='ocrx_word' id='word_1_101' title='bbox 772 2188 922 2265; x_wconf 79' lang='lat' dir='ltr'>acbenlct</span> <span class='ocrx_word' id='word_1_102' title='bbox 945 2190 1025 2265; x_wconf 73' lang='lat' dir='ltr'>dean</span> <span class='ocrx_word' id='word_1_103' title='bbox 1051 2190 1288 2291; x_wconf 81' lang='lat' dir='ltr'>Domcopitel</span> <span class='ocrx_word' id='word_1_104' title='bbox 1309 2219 1354 2267; x_wconf 85' lang='lat' dir='ltr'>za</span> <span class='ocrx_word' id='word_1_105' title='bbox 1380 2192 1591 2294; x_wconf 72' lang='lat' dir='ltr'>Mersebarq</span> <span class='ocrx_word' id='word_1_106' title='bbox 1617 2193 1696 2267; x_wconf 80' lang='lat' dir='ltr'>eine</span> <span class='ocrx_word' id='word_1_107' title='bbox 1729 2193 1804 2267; x_wconf 72' lang='lat' dir='ltr'>ebro</span> <span class='ocrx_word' id='word_1_108' title='bbox 1829 2219 1897 2268; x_wconf 81' lang='lat' dir='ltr'>aas</span> <span class='ocrx_word' id='word_1_109' title='bbox 1922 2191 2003 2267; x_wconf 81' lang='lat' dir='ltr'>dero</span> <span class='ocrx_word' id='word_1_110' title='bbox 2028 2191 2215 2267; x_wconf 81' lang='lat' dir='ltr'>Nacblass</span> 
     </span>
     <span class='ocr_line' id='line_1_14' title="bbox 558 2307 2082 2414; baseline 0.001 -30"><span class='ocrx_word' id='word_1_111' title='bbox 558 2309 621 2384; x_wconf 83' lang='lat' dir='ltr'>des</span> <span class='ocrx_word' id='word_1_112' title='bbox 648 2307 796 2408; x_wconf 78' lang='lat' dir='ltr'>Grosen</span> <span class='ocrx_word' id='word_1_113' title='bbox 822 2309 932 2385; x_wconf 74' lang='lat' dir='ltr'>Erico</span> <span class='ocrx_word' id='word_1_114' title='bbox 957 2309 1183 2411; x_wconf 70' lang='lat' dir='ltr'>rupefolleae</span> <span class='ocrx_word' id='word_1_115' title='bbox 1207 2311 1402 2412; x_wconf 71' lang='lat' dir='ltr'>Besitzaoq</span> <span class='ocrx_word' id='word_1_116' title='bbox 1424 2338 1469 2386; x_wconf 84' lang='lat' dir='ltr'>zu</span> <span class='ocrx_word' id='word_1_117' title='bbox 1494 2310 1742 2414; x_wconf 76' lang='lat' dir='ltr'>Kuclceubarp</span> <span class='ocrx_word' id='word_1_118' title='bbox 1767 2312 1849 2387; x_wconf 79' lang='lat' dir='ltr'>aad</span> <span class='ocrx_word' id='word_1_119' title='bbox 1875 2309 2082 2388; x_wconf 81' lang='lat' dir='ltr'>Obboaeeu.</span> 
     </span>
    </p>
   </div>
   <div class='ocr_carea' id='block_1_8' title="bbox 663 2457 2252 2675">
    <p class='ocr_par' dir='ltr' id='par_1_8' title="bbox 663 2457 2252 2675">
     <span class='ocr_line' id='line_1_15' title="bbox 1643 2457 2169 2534; baseline 0 -17"><span class='ocrx_word' id='word_1_120' title='bbox 1643 2458 1812 2534; x_wconf 71' lang='lat' dir='ltr'>Meraebarq</span> <span class='ocrx_word' id='word_1_121' title='bbox 1836 2458 1916 2520; x_wconf 69' lang='lat'><strong><em>1004</em></strong></span> <span class='ocrx_word' id='word_1_122' title='bbox 1937 2457 2101 2519; x_wconf 78' lang='lat' dir='ltr'>November</span> <span class='ocrx_word' id='word_1_123' title='bbox 2118 2459 2169 2518; x_wconf 80' lang='lat'>23.</span> 
     </span>
     <span class='ocr_line' id='line_1_16' title="bbox 663 2598 2252 2675; baseline -0.004 -15"><span class='ocrx_word' id='word_1_124' title='bbox 663 2599 909 2675; x_wconf 56' lang='lat' dir='ltr'>Maudiplom</span> <span class='ocrx_word' id='word_1_125' title='bbox 930 2600 972 2659; x_wconf 79' lang='lat' dir='ltr'>im</span> <span class='ocrx_word' id='word_1_126' title='bbox 993 2598 1023 2660; x_wconf 80' lang='lat' dir='ltr'>lt.</span> <span class='ocrx_word' id='word_1_127' title='bbox 1047 2598 1250 2661; x_wconf 78' lang='lat' dir='ltr'>Stoatsorcle&#39;v</span> <span class='ocrx_word' id='word_1_128' title='bbox 1271 2620 1306 2661; x_wconf 77' lang='lat' dir='ltr'>zu</span> <span class='ocrx_word' id='word_1_129' title='bbox 1329 2601 1433 2661; x_wconf 77' lang='lat' dir='ltr'>Berlin</span> <span class='ocrx_word' id='word_1_130' title='bbox 1459 2602 1528 2669; x_wconf 78' lang='lat' dir='ltr'><strong><em>(A).</em></strong></span> <span class='ocrx_word' id='word_1_131' title='bbox 2229 2619 2252 2660; x_wconf 71' lang='lat' dir='ltr'>rs</span> 
     </span>
    </p>
   </div>
   <div class='ocr_carea' id='block_1_9' title="bbox 660 2749 2213 2935">
    <p class='ocr_par' dir='ltr' id='par_1_9' title="bbox 660 2749 2213 2935">
     <span class='ocr_line' id='line_1_17' title="bbox 662 2749 2213 2829; baseline 0.001 -19"><span class='ocrx_word' id='word_1_132' title='bbox 662 2750 816 2825; x_wconf 61' lang='lat' dir='ltr'>(Beatam</span> <span class='ocrx_word' id='word_1_133' title='bbox 841 2749 985 2812; x_wconf 75' lang='lat' dir='ltr'>Clwoico</span> <span class='ocrx_word' id='word_1_134' title='bbox 1007 2770 1062 2811; x_wconf 82' lang='lat' dir='ltr'>voa</span> <span class='ocrx_word' id='word_1_135' title='bbox 1089 2750 1143 2812; x_wconf 79' lang='lat' dir='ltr'>dea</span> <span class='ocrx_word' id='word_1_136' title='bbox 1165 2751 1360 2829; x_wconf 79' lang='lat' dir='ltr'>Asthaitetes</span> <span class='ocrx_word' id='word_1_137' title='bbox 1383 2752 1422 2813; x_wconf 86' lang='grc' dir='ltr'>Η</span> <span class='ocrx_word' id='word_1_138' title='bbox 1433 2749 1466 2812; x_wconf 84' lang='grc' dir='ltr'><em>Γ</em></span> <span class='ocrx_word' id='word_1_139' title='bbox 1489 2754 1538 2813; x_wconf 84' lang='lat' dir='ltr'>eit.</span> <span class='ocrx_word' id='word_1_140' title='bbox 1563 2782 1607 2793; x_wconf 93' lang='lat'><strong>—</strong></span> <span class='ocrx_word' id='word_1_141' title='bbox 1629 2753 1729 2825; x_wconf 76' lang='lat' dir='ltr'>Hbser</span> <span class='ocrx_word' id='word_1_142' title='bbox 1750 2753 1890 2814; x_wconf 81' lang='lat' dir='ltr'>Zeitsclrr.</span> <span class='ocrx_word' id='word_1_143' title='bbox 1915 2756 1947 2825; x_wconf 83' lang='lat'>2,</span> <span class='ocrx_word' id='word_1_144' title='bbox 1968 2754 2025 2814; x_wconf 85' lang='lat'>139</span> <span class='ocrx_word' id='word_1_145' title='bbox 2047 2756 2083 2815; x_wconf 70' lang='grc' dir='ltr'>κ’</span> <span class='ocrx_word' id='word_1_146' title='bbox 2100 2754 2141 2813; x_wconf 87' lang='grc'>33</span> <span class='ocrx_word' id='word_1_147' title='bbox 2162 2770 2213 2812; x_wconf 80' lang='lat' dir='ltr'>aas</span> 
     </span>
     <span class='ocr_line' id='line_1_18' title="bbox 660 2855 1111 2935; baseline 0.007 -19"><span class='ocrx_word' id='word_1_148' title='bbox 660 2857 697 2917; x_wconf 77' lang='lat' dir='ltr'>A.</span> <span class='ocrx_word' id='word_1_149' title='bbox 722 2886 766 2897; x_wconf 93' lang='lat'><strong>—</strong></span> <span class='ocrx_word' id='word_1_150' title='bbox 789 2855 1111 2935; x_wconf 77' lang='lat' dir='ltr'>StampsBep.1397.</span> 
     </span>
    </p>
   </div>
   <div class='ocr_carea' id='block_1_10' title="bbox 659 3007 2248 3944">
    <p class='ocr_par' dir='ltr' id='par_1_10' title="bbox 659 3007 2248 3944">
     <span class='ocr_line' id='line_1_19' title="bbox 666 3007 2211 3091; baseline 0.004 -23"><span class='ocrx_word' id='word_1_151' title='bbox 666 3007 799 3080; x_wconf 76' lang='lat' dir='ltr'>Verfasst</span> <span class='ocrx_word' id='word_1_152' title='bbox 818 3009 878 3069; x_wconf 75' lang='lat' dir='ltr'>aad</span> <span class='ocrx_word' id='word_1_153' title='bbox 896 3009 1073 3085; x_wconf 69' lang='lat' dir='ltr'>ymcbrs‘ebeo</span> <span class='ocrx_word' id='word_1_154' title='bbox 1088 3030 1143 3071; x_wconf 76' lang='lat' dir='ltr'>ooo</span> <span class='ocrx_word' id='word_1_155' title='bbox 1158 3011 1226 3072; x_wconf 81' lang='grc' dir='ltr'>ΕΒ.</span> <span class='ocrx_word' id='word_1_156' title='bbox 1243 3041 1288 3051; x_wconf 92' lang='grc'><strong>-</strong></span> <span class='ocrx_word' id='word_1_157' title='bbox 1303 3012 1355 3072; x_wconf 87' lang='lat' dir='ltr'>Da</span> <span class='ocrx_word' id='word_1_158' title='bbox 1372 3012 1458 3085; x_wconf 61' lang='lat' dir='ltr'>Gaas</span> <span class='ocrx_word' id='word_1_159' title='bbox 1471 3012 1559 3073; x_wconf 74' lang='lat' dir='ltr'>Erico</span> <span class='ocrx_word' id='word_1_160' title='bbox 1581 3018 1640 3074; x_wconf 84' lang='lat' dir='ltr'>erat</span> <span class='ocrx_word' id='word_1_161' title='bbox 1662 3033 1710 3074; x_wconf 86' lang='lat' dir='ltr'>om</span> <span class='ocrx_word' id='word_1_162' title='bbox 1731 3016 1783 3074; x_wconf 81' lang='lat'>22.</span> <span class='ocrx_word' id='word_1_163' title='bbox 1801 3013 1960 3075; x_wconf 78' lang='lat' dir='ltr'>November</span> <span class='ocrx_word' id='word_1_164' title='bbox 1980 3016 2128 3091; x_wconf 66' lang='lat' dir='ltr'>aetates</span> <span class='ocrx_word' id='word_1_165' title='bbox 2151 3032 2211 3074; x_wconf 79' lang='lat' dir='ltr'>sear</span> 
     </span>
     <span class='ocr_line' id='line_1_20' title="bbox 662 3114 2208 3198; baseline 0.006 -24"><span class='ocrx_word' id='word_1_166' title='bbox 662 3115 734 3191; x_wconf 72' lang='lat' dir='ltr'>(vol.</span> <span class='ocrx_word' id='word_1_167' title='bbox 758 3114 874 3176; x_wconf 82' lang='lat' dir='ltr'>Necrol.</span> <span class='ocrx_word' id='word_1_168' title='bbox 898 3115 1075 3192; x_wconf 75' lang='lat' dir='ltr'>Meraeburq.</span> <span class='ocrx_word' id='word_1_169' title='bbox 1099 3117 1132 3177; x_wconf 80' lang='lat' dir='ltr'>ia</span> <span class='ocrx_word' id='word_1_170' title='bbox 1153 3117 1234 3179; x_wconf 77' lang='lat' dir='ltr'>Nesse</span> <span class='ocrx_word' id='word_1_171' title='bbox 1255 3119 1393 3180; x_wconf 79' lang='lat' dir='ltr'>Mittbeil.</span> <span class='ocrx_word' id='word_1_172' title='bbox 1424 3138 1479 3180; x_wconf 77' lang='lat' dir='ltr'>asts</span> <span class='ocrx_word' id='word_1_173' title='bbox 1507 3121 1571 3181; x_wconf 80' lang='lat' dir='ltr'>dem</span> <span class='ocrx_word' id='word_1_174' title='bbox 1595 3120 1694 3181; x_wconf 79' lang='lat' dir='ltr'>Gebiet</span> <span class='ocrx_word' id='word_1_175' title='bbox 1715 3121 1983 3198; x_wconf 63' lang='lat' dir='ltr'>bistesiaci-ostia</span> <span class='ocrx_word' id='word_1_176' title='bbox 2008 3122 2208 3197; x_wconf 58' lang='lat' dir='ltr'>Fuscum</span> 
     </span>
     <span class='ocr_line' id='line_1_21' title="bbox 659 3212 2248 3299; baseline 0.004 -18"><span class='ocrx_word' id='word_1_177' title='bbox 659 3223 692 3293; x_wconf 85' lang='lat'>2,</span> <span class='ocrx_word' id='word_1_178' title='bbox 715 3222 804 3293; x_wconf 82' lang='lat'><em>257),</em></span> <span class='ocrx_word' id='word_1_179' title='bbox 833 3240 865 3283; x_wconf 72' lang='lat' dir='ltr'>so</span> <span class='ocrx_word' id='word_1_180' title='bbox 894 3223 971 3284; x_wconf 71' lang='lat' dir='ltr'>aaa</span> <span class='ocrx_word' id='word_1_181' title='bbox 1000 3224 1048 3284; x_wconf 76' lang='lat' dir='ltr'>aa</span> <span class='ocrx_word' id='word_1_182' title='bbox 1073 3223 1210 3285; x_wconf 73' lang='lat' dir='ltr'>orasse</span> <span class='ocrx_word' id='word_1_183' title='bbox 1238 3226 1309 3286; x_wconf 68' lang='lat' dir='ltr'>aaa</span> <span class='ocrx_word' id='word_1_184' title='bbox 1330 3212 1377 3287; x_wconf 75' lang='lat' dir='ltr'>aa</span> <span class='ocrx_word' id='word_1_185' title='bbox 1399 3228 1470 3288; x_wconf 73' lang='lat' dir='ltr'>aaa</span> <span class='ocrx_word' id='word_1_186' title='bbox 1493 3247 1548 3288; x_wconf 69' lang='lat' dir='ltr'>voa</span> <span class='ocrx_word' id='word_1_187' title='bbox 1575 3228 1724 3288; x_wconf 63' lang='lat' dir='ltr'>rtem</span> <span class='ocrx_word' id='word_1_188' title='bbox 1747 3231 1777 3299; x_wconf 81' lang='lat' dir='ltr'>a,</span> <span class='ocrx_word' id='word_1_189' title='bbox 1802 3230 1840 3287; x_wconf 86' lang='lat'>16</span> <span class='ocrx_word' id='word_1_190' title='bbox 1864 3229 1934 3296; x_wconf 81' lang='lat'><strong><em>(12)</em></strong></span> <span class='ocrx_word' id='word_1_191' title='bbox 1957 3230 2018 3290; x_wconf 69' lang='lat' dir='ltr'>aaa</span> <span class='ocrx_word' id='word_1_192' title='bbox 2038 3230 2080 3289; x_wconf 72' lang='lat' dir='ltr'>sm</span> <span class='ocrx_word' id='word_1_193' title='bbox 2107 3228 2208 3291; x_wconf 68' lang='lat' dir='ltr'>cara</span> <span class='ocrx_word' id='word_1_194' title='bbox 2225 3244 2248 3283; x_wconf 74' lang='lat' dir='ltr'>a</span> 
     </span>
     <span class='ocr_line' id='line_1_22' title="bbox 660 3327 2209 3412; baseline 0.005 -25"><span class='ocrx_word' id='word_1_195' title='bbox 660 3327 1059 3405; x_wconf 74' lang='lat' dir='ltr'>Mersebar9.SS.10,172</span> <span class='ocrx_word' id='word_1_196' title='bbox 1089 3332 1147 3399; x_wconf 77' lang='lat' dir='ltr'>(roo</span> <span class='ocrx_word' id='word_1_197' title='bbox 1169 3338 1240 3392; x_wconf 74' lang='lat' dir='ltr'>stati</span> <span class='ocrx_word' id='word_1_198' title='bbox 1262 3334 1448 3412; x_wconf 88' lang='lat' dir='ltr'>Tutimberg</span> <span class='ocrx_word' id='word_1_199' title='bbox 1470 3335 1517 3394; x_wconf 78' lang='lat' dir='ltr'>die</span> <span class='ocrx_word' id='word_1_200' title='bbox 1542 3334 1649 3395; x_wconf 79' lang='lat' dir='ltr'>Lesort</span> <span class='ocrx_word' id='word_1_201' title='bbox 1671 3336 1720 3395; x_wconf 73' lang='lat' dir='ltr'>aa</span> <span class='ocrx_word' id='word_1_202' title='bbox 1739 3335 1808 3396; x_wconf 76' lang='lat' dir='ltr'>cod.</span> <span class='ocrx_word' id='word_1_203' title='bbox 1834 3338 1851 3395; x_wconf 91' lang='lat'><em>1</em></span> <span class='ocrx_word' id='word_1_204' title='bbox 1873 3336 1943 3397; x_wconf 79' lang='lat' dir='ltr'>oder</span> <span class='ocrx_word' id='word_1_205' title='bbox 1963 3337 1984 3396; x_wconf 75' lang='grc'><strong><em>4</em></strong></span> <span class='ocrx_word' id='word_1_206' title='bbox 2005 3337 2037 3397; x_wconf 78' lang='lat' dir='ltr'>ia</span> <span class='ocrx_word' id='word_1_207' title='bbox 2058 3338 2115 3398; x_wconf 78' lang='lat' dir='ltr'>des</span> <span class='ocrx_word' id='word_1_208' title='bbox 2141 3337 2209 3396; x_wconf 71' lang='lat' dir='ltr'>Ter!</span> 
     </span>
     <span class='ocr_line' id='line_1_23' title="bbox 660 3437 2209 3520; baseline 0.007 -26"><span class='ocrx_word' id='word_1_209' title='bbox 660 3437 868 3507; x_wconf 68' lang='lat' dir='ltr'>astanetum</span> <span class='ocrx_word' id='word_1_210' title='bbox 897 3438 975 3504; x_wconf 82' lang='lat' dir='ltr'>war)</span> <span class='ocrx_word' id='word_1_211' title='bbox 1003 3439 1147 3498; x_wconf 67' lang='lat' dir='ltr'>mutate</span> <span class='ocrx_word' id='word_1_212' title='bbox 1169 3438 1337 3516; x_wconf 76' lang='lat' dir='ltr'>Seberrlcanq</span> <span class='ocrx_word' id='word_1_213' title='bbox 1358 3460 1413 3501; x_wconf 82' lang='lat' dir='ltr'>aus</span> <span class='ocrx_word' id='word_1_214' title='bbox 1440 3442 1546 3501; x_wconf 70' lang='lat' dir='ltr'>seim</span> <span class='ocrx_word' id='word_1_215' title='bbox 1568 3442 1712 3502; x_wconf 79' lang='lat' dir='ltr'>Nocbloss</span> <span class='ocrx_word' id='word_1_216' title='bbox 1740 3444 1812 3502; x_wconf 78' lang='lat' dir='ltr'>noel</span> <span class='ocrx_word' id='word_1_217' title='bbox 1841 3445 1893 3503; x_wconf 81' lang='lat' dir='ltr'>der</span> <span class='ocrx_word' id='word_1_218' title='bbox 1914 3443 2075 3520; x_wconf 74' lang='lat' dir='ltr'>Hoadluaq</span> <span class='ocrx_word' id='word_1_219' title='bbox 2106 3445 2209 3505; x_wconf 70' lang='lat' dir='ltr'>delier!</span> 
     </span>
     <span class='ocr_line' id='line_1_24' title="bbox 659 3543 2208 3624; baseline 0.004 -22"><span class='ocrx_word' id='word_1_220' title='bbox 659 3543 730 3603; x_wconf 81' lang='lat' dir='ltr'>seio.</span> <span class='ocrx_word' id='word_1_221' title='bbox 777 3543 854 3603; x_wconf 73' lang='lat' dir='ltr'>Eine</span> <span class='ocrx_word' id='word_1_222' title='bbox 874 3544 916 3603; x_wconf 84' lang='lat' dir='ltr'>im</span> <span class='ocrx_word' id='word_1_223' title='bbox 940 3543 1045 3605; x_wconf 78' lang='lat' dir='ltr'>Gbron.</span> <span class='ocrx_word' id='word_1_224' title='bbox 1069 3544 1245 3622; x_wconf 75' lang='lat' dir='ltr'>Merseburq.</span> <span class='ocrx_word' id='word_1_225' title='bbox 1270 3548 1314 3607; x_wconf 82' lang='lat' dir='ltr'>bei</span> <span class='ocrx_word' id='word_1_226' title='bbox 1335 3548 1428 3607; x_wconf 73' lang='lat' dir='ltr'>disse·</span> <span class='ocrx_word' id='word_1_227' title='bbox 1452 3548 1631 3624; x_wconf 63' lang='lat' dir='ltr'>Geleoodelt</span> <span class='ocrx_word' id='word_1_228' title='bbox 1652 3551 1796 3611; x_wconf 63' lang='lat' dir='ltr'>amoime</span> <span class='ocrx_word' id='word_1_229' title='bbox 1820 3550 1955 3611; x_wconf 79' lang='lat' dir='ltr'>Urbuade</span> <span class='ocrx_word' id='word_1_230' title='bbox 1977 3552 2137 3613; x_wconf 66' lang='lat' dir='ltr'>Heinriebe</span> <span class='ocrx_word' id='word_1_231' title='bbox 2158 3552 2208 3621; x_wconf 75' lang='lat' dir='ltr'>[etr</span> 
     </span>
     <span class='ocr_line' id='line_1_25' title="bbox 660 3650 2207 3731; baseline 0.003 -22"><span class='ocrx_word' id='word_1_232' title='bbox 660 3650 748 3710; x_wconf 79' lang='lat' dir='ltr'>Erico</span> <span class='ocrx_word' id='word_1_233' title='bbox 778 3651 829 3710; x_wconf 78' lang='lat' dir='ltr'>bal</span> <span class='ocrx_word' id='word_1_234' title='bbox 856 3651 917 3710; x_wconf 78' lang='lat' dir='ltr'>aleb</span> <span class='ocrx_word' id='word_1_235' title='bbox 946 3652 1025 3711; x_wconf 77' lang='lat' dir='ltr'>siclt</span> <span class='ocrx_word' id='word_1_236' title='bbox 1053 3653 1181 3712; x_wconf 74' lang='lat' dir='ltr'>erboltm</span> <span class='ocrx_word' id='word_1_237' title='bbox 1213 3654 1282 3730; x_wconf 73' lang='lat' dir='ltr'>(aql.</span> <span class='ocrx_word' id='word_1_238' title='bbox 1312 3655 1433 3731; x_wconf 75' lang='lat' dir='ltr'>Usinqer</span> <span class='ocrx_word' id='word_1_239' title='bbox 1462 3656 1493 3714; x_wconf 81' lang='lat' dir='ltr'>iu</span> <span class='ocrx_word' id='word_1_240' title='bbox 1518 3656 1627 3715; x_wconf 80' lang='lat' dir='ltr'>Hirscl</span> <span class='ocrx_word' id='word_1_241' title='bbox 1650 3657 1755 3717; x_wconf 78' lang='lat' dir='ltr'>Jobrb.</span> <span class='ocrx_word' id='word_1_242' title='bbox 1781 3659 1810 3728; x_wconf 86' lang='lat'>1,</span> <span class='ocrx_word' id='word_1_243' title='bbox 1828 3660 1893 3717; x_wconf 82' lang='lat'>288</span> <span class='ocrx_word' id='word_1_244' title='bbox 1922 3658 1962 3718; x_wconf 79' lang='grc' dir='ltr'>Ν.</span> <span class='ocrx_word' id='word_1_245' title='bbox 1981 3660 2037 3731; x_wconf 77' lang='lat'>2);</span> <span class='ocrx_word' id='word_1_246' title='bbox 2070 3656 2207 3719; x_wconf 69' lang='lat' dir='ltr'>nidleiclt</span> 
     </span>
     <span class='ocr_line' id='line_1_26' title="bbox 660 3758 2244 3841; baseline 0.004 -24"><span class='ocrx_word' id='word_1_247' title='bbox 660 3758 761 3817; x_wconf 78' lang='lat' dir='ltr'>bentbt</span> <span class='ocrx_word' id='word_1_248' title='bbox 778 3758 848 3817; x_wconf 84' lang='lat' dir='ltr'>aber</span> <span class='ocrx_word' id='word_1_249' title='bbox 864 3758 912 3818; x_wconf 76' lang='lat' dir='ltr'>die</span> <span class='ocrx_word' id='word_1_250' title='bbox 929 3759 1046 3834; x_wconf 71' lang='lat' dir='ltr'>Aaqabe</span> <span class='ocrx_word' id='word_1_251' title='bbox 1063 3760 1112 3819; x_wconf 83' lang='lat' dir='ltr'>des</span> <span class='ocrx_word' id='word_1_252' title='bbox 1132 3759 1301 3821; x_wconf 75' lang='lat' dir='ltr'>Ciroaisteu</span> <span class='ocrx_word' id='word_1_253' title='bbox 1322 3781 1381 3821; x_wconf 82' lang='lat' dir='ltr'>aar</span> <span class='ocrx_word' id='word_1_254' title='bbox 1397 3765 1458 3833; x_wconf 77' lang='lat' dir='ltr'>aas</span> <span class='ocrx_word' id='word_1_255' title='bbox 1471 3763 1550 3822; x_wconf 79' lang='lat' dir='ltr'>einer</span> <span class='ocrx_word' id='word_1_256' title='bbox 1570 3763 1813 3840; x_wconf 76' lang='lat' dir='ltr'>Verrrecbsclaaq:</span> <span class='ocrx_word' id='word_1_257' title='bbox 1835 3765 1883 3824; x_wconf 85' lang='lat' dir='ltr'>die</span> <span class='ocrx_word' id='word_1_258' title='bbox 1900 3762 2207 3841; x_wconf 69' lang='lat' dir='ltr'>Scbmlasoaarlrsrde</span> <span class='ocrx_word' id='word_1_259' title='bbox 2221 3776 2244 3816; x_wconf 54' lang='grc' dir='ltr'><strong>ὅ</strong></span> 
     </span>
     <span class='ocr_line' id='line_1_27' title="bbox 663 3863 1587 3944; baseline 0.005 -20"><span class='ocrx_word' id='word_1_260' title='bbox 663 3863 756 3924; x_wconf 84' lang='lat' dir='ltr'>Otto’s</span> <span class='ocrx_word' id='word_1_261' title='bbox 778 3863 843 3924; x_wconf 88' lang='grc' dir='ltr'>ΙΙΙ.</span> <span class='ocrx_word' id='word_1_262' title='bbox 868 3867 922 3937; x_wconf 68' lang='lat' dir='ltr'>fiir</span> <span class='ocrx_word' id='word_1_263' title='bbox 943 3865 1042 3937; x_wconf 72' lang='lat' dir='ltr'>Retro,</span> <span class='ocrx_word' id='word_1_264' title='bbox 1064 3865 1134 3926; x_wconf 91' lang='lat' dir='ltr'>DO.</span> <span class='ocrx_word' id='word_1_265' title='bbox 1159 3867 1225 3927; x_wconf 87' lang='lat' dir='ltr'><strong><em>III.</em></strong></span> <span class='ocrx_word' id='word_1_266' title='bbox 1249 3869 1320 3939; x_wconf 77' lang='lat'>320,</span> <span class='ocrx_word' id='word_1_267' title='bbox 1344 3870 1412 3944; x_wconf 75' lang='lat' dir='ltr'>lieqt</span> <span class='ocrx_word' id='word_1_268' title='bbox 1433 3870 1503 3929; x_wconf 79' lang='lat' dir='ltr'>noch</span> <span class='ocrx_word' id='word_1_269' title='bbox 1526 3889 1587 3929; x_wconf 80' lang='lat' dir='ltr'>ror.</span> 
     </span>
    </p>
   </div>
   <div class='ocr_carea' id='block_1_11' title="bbox 554 4030 2241 5413">
    <p class='ocr_par' dir='ltr' id='par_1_11' title="bbox 554 4030 2241 5413">
     <span class='ocr_line' id='line_1_28' title="bbox 662 4030 2205 4121; baseline 0.005 -26"><span class='ocrx_word' id='word_1_270' title='bbox 662 4040 720 4113; x_wconf 86' lang='lat' dir='ltr'><strong>(C.)</strong></span> <span class='ocrx_word' id='word_1_271' title='bbox 750 4030 769 4121; x_wconf 58' lang='grc' dir='ltr'><strong>ᾖ</strong></span> <span class='ocrx_word' id='word_1_272' title='bbox 798 4033 837 4096; x_wconf 89' lang='lat' dir='ltr'>In</span> <span class='ocrx_word' id='word_1_273' title='bbox 863 4035 994 4099; x_wconf 91' lang='lat' dir='ltr'>nomine</span> <span class='ocrx_word' id='word_1_274' title='bbox 1018 4046 1151 4100; x_wconf 88' lang='lat' dir='ltr'>sanctae</span> <span class='ocrx_word' id='word_1_275' title='bbox 1175 4046 1207 4099; x_wconf 92' lang='lat' dir='ltr'>et</span> <span class='ocrx_word' id='word_1_276' title='bbox 1230 4036 1421 4101; x_wconf 68' lang='lat' dir='ltr'>indiuiduas</span> <span class='ocrx_word' id='word_1_277' title='bbox 1444 4039 1607 4103; x_wconf 85' lang='lat' dir='ltr'>trinitatis.</span> <span class='ocrx_word' id='word_1_278' title='bbox 1654 4040 1831 4106; x_wconf 82' lang='lat' dir='ltr'>Heinricus</span> <span class='ocrx_word' id='word_1_279' title='bbox 1855 4040 1967 4107; x_wconf 87' lang='lat' dir='ltr'>divina</span> <span class='ocrx_word' id='word_1_280' title='bbox 1989 4041 2123 4108; x_wconf 87' lang='lat' dir='ltr'>favente</span> <span class='ocrx_word' id='word_1_281' title='bbox 2146 4039 2205 4106; x_wconf 91' lang='lat' dir='ltr'>cle·</span> 
     </span>
     <span class='ocr_line' id='line_1_29' title="bbox 554 4140 2203 4236; baseline 0.004 -32"><span class='ocrx_word' id='word_1_282' title='bbox 554 4140 677 4204; x_wconf 91' lang='lat' dir='ltr'>mentia</span> <span class='ocrx_word' id='word_1_283' title='bbox 701 4162 770 4204; x_wconf 82' lang='lat' dir='ltr'>rex.</span> <span class='ocrx_word' id='word_1_284' title='bbox 886 4140 922 4206; x_wconf 86' lang='lat' dir='ltr'>Si</span> <span class='ocrx_word' id='word_1_285' title='bbox 945 4140 1018 4206; x_wconf 89' lang='lat' dir='ltr'>loca</span> <span class='ocrx_word' id='word_1_286' title='bbox 1041 4153 1227 4208; x_wconf 87' lang='lat' dir='ltr'>sanctorum</span> <span class='ocrx_word' id='word_1_287' title='bbox 1250 4143 1303 4208; x_wconf 83' lang='lat' dir='ltr'>vel</span> <span class='ocrx_word' id='word_1_288' title='bbox 1327 4144 1504 4209; x_wconf 83' lang='lat' dir='ltr'>aecclesias</span> <span class='ocrx_word' id='word_1_289' title='bbox 1528 4147 1769 4212; x_wconf 88' lang='lat' dir='ltr'>munificentiae</span> <span class='ocrx_word' id='word_1_290' title='bbox 1793 4148 1913 4234; x_wconf 86' lang='lat' dir='ltr'>regalis</span> <span class='ocrx_word' id='word_1_291' title='bbox 1936 4148 2087 4236; x_wconf 89' lang='lat' dir='ltr'>largitate</span> <span class='ocrx_word' id='word_1_292' title='bbox 2111 4146 2203 4214; x_wconf 87' lang='lat' dir='ltr'>subli-</span> 
     </span>
     <span class='ocr_line' id='line_1_30' title="bbox 555 4245 2203 4342; baseline 0.004 -31"><span class='ocrx_word' id='word_1_293' title='bbox 555 4269 692 4328; x_wconf 85' lang='lat' dir='ltr'>mamus,</span> <span class='ocrx_word' id='word_1_294' title='bbox 716 4246 778 4311; x_wconf 89' lang='lat' dir='ltr'>hoc</span> <span class='ocrx_word' id='word_1_295' title='bbox 801 4245 896 4311; x_wconf 89' lang='lat' dir='ltr'>nobis</span> <span class='ocrx_word' id='word_1_296' title='bbox 919 4259 986 4312; x_wconf 88' lang='lat' dir='ltr'>tam</span> <span class='ocrx_word' id='word_1_297' title='bbox 1009 4246 1027 4337; x_wconf 58' lang='grc' dir='ltr'><strong>ᾖ</strong></span> <span class='ocrx_word' id='word_1_298' title='bbox 1050 4250 1083 4313; x_wconf 95' lang='lat' dir='ltr'>in</span> <span class='ocrx_word' id='word_1_299' title='bbox 1106 4251 1288 4336; x_wconf 87' lang='lat' dir='ltr'>praesentis</span> <span class='ocrx_word' id='word_1_300' title='bbox 1312 4252 1399 4316; x_wconf 86' lang='lat' dir='ltr'>vitae</span> <span class='ocrx_word' id='word_1_301' title='bbox 1420 4251 1561 4317; x_wconf 88' lang='lat' dir='ltr'>decursu</span> <span class='ocrx_word' id='word_1_302' title='bbox 1580 4276 1743 4341; x_wconf 88' lang='lat' dir='ltr'>quamque</span> <span class='ocrx_word' id='word_1_303' title='bbox 1767 4256 1800 4319; x_wconf 92' lang='lat' dir='ltr'>in</span> <span class='ocrx_word' id='word_1_304' title='bbox 1824 4254 1952 4320; x_wconf 83' lang='lat' dir='ltr'>futurae</span> <span class='ocrx_word' id='word_1_305' title='bbox 1975 4255 2100 4342; x_wconf 85' lang='lat' dir='ltr'>gloriae</span> <span class='ocrx_word' id='word_1_306' title='bbox 2124 4264 2203 4321; x_wconf 88' lang='lat' dir='ltr'>statu</span> 
     </span>
     <span class='ocr_line' id='line_1_31' title="bbox 554 4351 2241 4440; baseline 0.007 -25"><span class='ocrx_word' id='word_1_307' title='bbox 554 4351 711 4439; x_wconf 89' lang='lat' dir='ltr'>prodesse</span> <span class='ocrx_word' id='word_1_308' title='bbox 741 4351 864 4439; x_wconf 93' lang='lat' dir='ltr'>liquido</span> <span class='ocrx_word' id='word_1_309' title='bbox 895 4355 1091 4440; x_wconf 86' lang='lat' dir='ltr'>profitemur.</span> <span class='ocrx_word' id='word_1_310' title='bbox 1138 4357 1281 4422; x_wconf 91' lang='lat' dir='ltr'>Proinde</span> <span class='ocrx_word' id='word_1_311' title='bbox 1312 4358 1440 4422; x_wconf 87' lang='lat' dir='ltr'>noverit</span> <span class='ocrx_word' id='word_1_312' title='bbox 1463 4361 1606 4424; x_wconf 89' lang='lat' dir='ltr'>omnium</span> <span class='ocrx_word' id='word_1_313' title='bbox 1637 4373 1769 4426; x_wconf 87' lang='lat' dir='ltr'>sanctae</span> <span class='ocrx_word' id='word_1_314' title='bbox 1794 4361 1847 4426; x_wconf 91' lang='lat' dir='ltr'>dei</span> <span class='ocrx_word' id='word_1_315' title='bbox 1877 4362 2057 4428; x_wconf 87' lang='lat' dir='ltr'>aecclesiae</span> <span class='ocrx_word' id='word_1_316' title='bbox 2085 4374 2202 4428; x_wconf 90' lang='lat' dir='ltr'>nostro·</span> <span class='ocrx_word' id='word_1_317' title='bbox 2218 4380 2241 4420; x_wconf 66' lang='grc' dir='ltr'><strong><em>ω</em></strong></span> 
     </span>
     <span class='ocr_line' id='line_1_32' title="bbox 555 4458 2202 4555; baseline 0.005 -33"><span class='ocrx_word' id='word_1_318' title='bbox 555 4481 693 4546; x_wconf 89' lang='lat' dir='ltr'>rumque</span> <span class='ocrx_word' id='word_1_319' title='bbox 722 4458 868 4524; x_wconf 90' lang='lat' dir='ltr'>fidelium</span> <span class='ocrx_word' id='word_1_320' title='bbox 898 4461 1067 4543; x_wconf 90' lang='lat' dir='ltr'>industria,</span> <span class='ocrx_word' id='word_1_321' title='bbox 1097 4463 1237 4550; x_wconf 88' lang='lat' dir='ltr'>qualiter</span> <span class='ocrx_word' id='word_1_322' title='bbox 1265 4488 1324 4529; x_wconf 91' lang='lat' dir='ltr'>nos</span> <span class='ocrx_word' id='word_1_323' title='bbox 1348 4464 1390 4530; x_wconf 92' lang='lat' dir='ltr'>ob</span> <span class='ocrx_word' id='word_1_324' title='bbox 1414 4488 1558 4530; x_wconf 89' lang='lat' dir='ltr'>amorem</span> <span class='ocrx_word' id='word_1_325' title='bbox 1582 4466 1635 4531; x_wconf 90' lang='lat' dir='ltr'>dei</span> <span class='ocrx_word' id='word_1_326' title='bbox 1666 4480 1861 4555; x_wconf 88' lang='lat' dir='ltr'>nostraeque</span> <span class='ocrx_word' id='word_1_327' title='bbox 1891 4470 2020 4534; x_wconf 90' lang='lat' dir='ltr'>animae</span> <span class='ocrx_word' id='word_1_328' title='bbox 2050 4493 2109 4535; x_wconf 89' lang='lat' dir='ltr'>seu</span> <span class='ocrx_word' id='word_1_329' title='bbox 2132 4490 2202 4534; x_wconf 91' lang='lat' dir='ltr'>con·</span> 
     </span>
     <span class='ocr_line' id='line_1_33' title="bbox 555 4565 2202 4657; baseline 0.006 -30"><span class='ocrx_word' id='word_1_330' title='bbox 555 4565 641 4650; x_wconf 91' lang='lat' dir='ltr'>iugis</span> <span class='ocrx_word' id='word_1_331' title='bbox 664 4576 795 4630; x_wconf 89' lang='lat' dir='ltr'>nostrae</span> <span class='ocrx_word' id='word_1_332' title='bbox 819 4565 1035 4654; x_wconf 84' lang='lat' dir='ltr'>Cunigundae</span> <span class='ocrx_word' id='word_1_333' title='bbox 1059 4570 1213 4635; x_wconf 84' lang='lat' dir='ltr'>videlicet</span> <span class='ocrx_word' id='word_1_334' title='bbox 1239 4573 1372 4657; x_wconf 89' lang='lat' dir='ltr'>reginae</span> <span class='ocrx_word' id='word_1_335' title='bbox 1397 4596 1454 4637; x_wconf 89' lang='lat' dir='ltr'>seu</span> <span class='ocrx_word' id='word_1_336' title='bbox 1478 4585 1723 4638; x_wconf 76' lang='lat' dir='ltr'>antecessorum·</span> <span class='ocrx_word' id='word_1_337' title='bbox 1743 4587 1925 4642; x_wconf 85' lang='lat' dir='ltr'>nostrorum</span> <span class='ocrx_word' id='word_1_338' title='bbox 1948 4577 2018 4642; x_wconf 87' lang='lat' dir='ltr'>sive</span> <span class='ocrx_word' id='word_1_339' title='bbox 2042 4595 2202 4643; x_wconf 86' lang='lat' dir='ltr'>successo·</span> 
     </span>
     <span class='ocr_line' id='line_1_34' title="bbox 556 4673 2202 4772; baseline 0.007 -37"><span class='ocrx_word' id='word_1_340' title='bbox 556 4695 629 4736; x_wconf 89' lang='lat' dir='ltr'>rum</span> <span class='ocrx_word' id='word_1_341' title='bbox 652 4673 833 4737; x_wconf 86' lang='lat' dir='ltr'>animarum</span> <span class='ocrx_word' id='word_1_342' title='bbox 857 4675 1037 4740; x_wconf 88' lang='lat' dir='ltr'>remedium</span> <span class='ocrx_word' id='word_1_343' title='bbox 1060 4689 1158 4764; x_wconf 89' lang='lat' dir='ltr'>atque</span> <span class='ocrx_word' id='word_1_344' title='bbox 1181 4702 1241 4765; x_wconf 94' lang='lat' dir='ltr'>pro</span> <span class='ocrx_word' id='word_1_345' title='bbox 1265 4681 1421 4743; x_wconf 87' lang='lat' dir='ltr'>memoria</span> <span class='ocrx_word' id='word_1_346' title='bbox 1437 4680 1587 4744; x_wconf 86' lang='lat' dir='ltr'>Esiconis</span> <span class='ocrx_word' id='word_1_347' title='bbox 1612 4682 1738 4746; x_wconf 89' lang='lat' dir='ltr'>comitis</span> <span class='ocrx_word' id='word_1_348' title='bbox 1762 4684 1891 4749; x_wconf 90' lang='lat' dir='ltr'>animae</span> <span class='ocrx_word' id='word_1_349' title='bbox 1914 4684 2097 4772; x_wconf 91' lang='lat' dir='ltr'>praedium,</span> <span class='ocrx_word' id='word_1_350' title='bbox 2121 4678 2202 4772; x_wconf 90' lang='lat' dir='ltr'>quod</span> 
     </span>
     <span class='ocr_line' id='line_1_35' title="bbox 554 4778 2202 4876; baseline 0.008 -33"><span class='ocrx_word' id='word_1_351' title='bbox 554 4778 722 4866; x_wconf 85' lang='lat' dir='ltr'>praefatus</span> <span class='ocrx_word' id='word_1_352' title='bbox 745 4780 854 4864; x_wconf 87' lang='lat' dir='ltr'>Esico,</span> <span class='ocrx_word' id='word_1_353' title='bbox 879 4782 956 4847; x_wconf 90' lang='lat' dir='ltr'>dum</span> <span class='ocrx_word' id='word_1_354' title='bbox 979 4784 1073 4865; x_wconf 75' lang='lat' dir='ltr'>vixit,</span> <span class='ocrx_word' id='word_1_355' title='bbox 1096 4786 1202 4849; x_wconf 89' lang='lat' dir='ltr'>tenuit</span> <span class='ocrx_word' id='word_1_356' title='bbox 1225 4787 1259 4849; x_wconf 89' lang='lat' dir='ltr'>in</span> <span class='ocrx_word' id='word_1_357' title='bbox 1279 4785 1471 4873; x_wconf 84' lang='lat' dir='ltr'>Cucinburg</span> <span class='ocrx_word' id='word_1_358' title='bbox 1494 4798 1526 4850; x_wconf 92' lang='lat' dir='ltr'>et</span> <span class='ocrx_word' id='word_1_359' title='bbox 1548 4789 1581 4851; x_wconf 91' lang='lat' dir='ltr'>in</span> <span class='ocrx_word' id='word_1_360' title='bbox 1603 4787 1761 4854; x_wconf 87' lang='lat' dir='ltr'>Ubhuson</span> <span class='ocrx_word' id='word_1_361' title='bbox 1784 4801 1817 4854; x_wconf 90' lang='lat' dir='ltr'>et</span> <span class='ocrx_word' id='word_1_362' title='bbox 1839 4813 1927 4856; x_wconf 90' lang='lat' dir='ltr'>nune</span> <span class='ocrx_word' id='word_1_363' title='bbox 1951 4802 2083 4856; x_wconf 88' lang='lat' dir='ltr'>nostrae</span> <span class='ocrx_word' id='word_1_364' title='bbox 2106 4786 2202 4876; x_wconf 71' lang='lat' dir='ltr'>regali</span> 
     </span>
     <span class='ocr_line' id='line_1_36' title="bbox 555 4889 2239 4985; baseline 0.007 -35"><span class='ocrx_word' id='word_1_365' title='bbox 555 4889 731 4972; x_wconf 80' lang='lat' dir='ltr'>potestati⁸</span> <span class='ocrx_word' id='word_1_366' title='bbox 753 4890 905 4974; x_wconf 89' lang='lat' dir='ltr'>pertinet,</span> <span class='ocrx_word' id='word_1_367' title='bbox 930 4890 1027 4953; x_wconf 90' lang='lat' dir='ltr'>situm</span> <span class='ocrx_word' id='word_1_368' title='bbox 1051 4891 1176 4955; x_wconf 88' lang='lat' dir='ltr'>scilicet</span> <span class='ocrx_word' id='word_1_369' title='bbox 1199 4893 1233 4956; x_wconf 91' lang='lat' dir='ltr'>in</span> <span class='ocrx_word' id='word_1_370' title='bbox 1257 4894 1412 4957; x_wconf 88' lang='lat' dir='ltr'>comitatu</span> <span class='ocrx_word' id='word_1_371' title='bbox 1435 4893 1617 4958; x_wconf 87' lang='lat' dir='ltr'>Burchardi</span> <span class='ocrx_word' id='word_1_372' title='bbox 1641 4897 1768 4959; x_wconf 87' lang='lat' dir='ltr'>comitis</span> <span class='ocrx_word' id='word_1_373' title='bbox 1792 4899 1826 4962; x_wconf 93' lang='lat' dir='ltr'>in</span> <span class='ocrx_word' id='word_1_374' title='bbox 1849 4897 1921 4962; x_wconf 93' lang='lat' dir='ltr'>loco</span> <span class='ocrx_word' id='word_1_375' title='bbox 1945 4900 2001 4985; x_wconf 92' lang='lat' dir='ltr'>qui</span> <span class='ocrx_word' id='word_1_376' title='bbox 2025 4900 2202 4963; x_wconf 89' lang='lat' dir='ltr'>nominatur</span> <span class='ocrx_word' id='word_1_377' title='bbox 2216 4912 2239 4954; x_wconf 77' lang='lat'>³⁶</span> 
     </span>
     <span class='ocr_line' id='line_1_37' title="bbox 555 4992 2201 5092; baseline 0.005 -36"><span class='ocrx_word' id='word_1_378' title='bbox 555 4992 717 5080; x_wconf 89' lang='lat' dir='ltr'>Hassaga,</span> <span class='ocrx_word' id='word_1_379' title='bbox 741 4996 946 5082; x_wconf 88' lang='lat' dir='ltr'>episcopatui</span> <span class='ocrx_word' id='word_1_380' title='bbox 969 5008 1001 5060; x_wconf 88' lang='lat' dir='ltr'>et</span> <span class='ocrx_word' id='word_1_381' title='bbox 1024 4997 1204 5063; x_wconf 83' lang='lat' dir='ltr'>aecclesiae</span> <span class='ocrx_word' id='word_1_382' title='bbox 1228 5001 1332 5064; x_wconf 88' lang='lat' dir='ltr'>sancti</span> <span class='ocrx_word' id='word_1_383' title='bbox 1352 5000 1506 5064; x_wconf 87' lang='lat' dir='ltr'>Iohannis</span> <span class='ocrx_word' id='word_1_384' title='bbox 1530 5000 1682 5088; x_wconf 73' lang='lat' dir='ltr'>baptiste,</span> <span class='ocrx_word' id='word_1_385' title='bbox 1707 5002 1828 5069; x_wconf 80' lang='lat' dir='ltr'>Christi</span> <span class='ocrx_word' id='word_1_386' title='bbox 1847 5015 1956 5069; x_wconf 89' lang='lat' dir='ltr'>autem</span> <span class='ocrx_word' id='word_1_387' title='bbox 1979 5006 2092 5070; x_wconf 82' lang='lat' dir='ltr'>eximii</span> <span class='ocrx_word' id='word_1_388' title='bbox 2115 5023 2201 5092; x_wconf 86' lang='lat' dir='ltr'>prae·</span> 
     </span>
     <span class='ocr_line' id='line_1_38' title="bbox 555 5100 2200 5199; baseline 0.005 -36"><span class='ocrx_word' id='word_1_389' title='bbox 555 5102 697 5165; x_wconf 88' lang='lat' dir='ltr'>cursoris</span> <span class='ocrx_word' id='word_1_390' title='bbox 720 5124 870 5166; x_wconf 87' lang='lat' dir='ltr'>necnon</span> <span class='ocrx_word' id='word_1_391' title='bbox 894 5100 1097 5167; x_wconf 87' lang='lat' dir='ltr'>celeberrimi</span> <span class='ocrx_word' id='word_1_392' title='bbox 1121 5108 1273 5193; x_wconf 84' lang='lat' dir='ltr'>martyris</span> <span class='ocrx_word' id='word_1_393' title='bbox 1297 5107 1466 5171; x_wconf 87' lang='lat' dir='ltr'>Laurentii</span> <span class='ocrx_word' id='word_1_394' title='bbox 1490 5110 1524 5172; x_wconf 89' lang='lat' dir='ltr'>in</span> <span class='ocrx_word' id='word_1_395' title='bbox 1546 5110 1715 5196; x_wconf 90' lang='lat' dir='ltr'>proprium</span> <span class='ocrx_word' id='word_1_396' title='bbox 1738 5110 1853 5175; x_wconf 88' lang='lat' dir='ltr'>damus</span> <span class='ocrx_word' id='word_1_397' title='bbox 1877 5111 2044 5199; x_wconf 87' lang='lat' dir='ltr'>regalique</span> <span class='ocrx_word' id='word_1_398' title='bbox 2069 5108 2200 5178; x_wconf 89' lang='lat' dir='ltr'>auctori·</span> 
     </span>
     <span class='ocr_line' id='line_1_39' title="bbox 556 5206 2199 5306; baseline 0.006 -36"><span class='ocrx_word' id='word_1_399' title='bbox 556 5216 623 5271; x_wconf 87' lang='lat' dir='ltr'>tate</span> <span class='ocrx_word' id='word_1_400' title='bbox 646 5206 812 5294; x_wconf 85' lang='lat' dir='ltr'>largimur,</span> <span class='ocrx_word' id='word_1_401' title='bbox 844 5232 884 5273; x_wconf 90' lang='lat' dir='ltr'>ea</span> <span class='ocrx_word' id='word_1_402' title='bbox 906 5209 1061 5274; x_wconf 85' lang='lat' dir='ltr'>videlicet</span> <span class='ocrx_word' id='word_1_403' title='bbox 1090 5213 1215 5276; x_wconf 89' lang='lat' dir='ltr'>ratione</span> <span class='ocrx_word' id='word_1_404' title='bbox 1239 5225 1274 5277; x_wconf 93' lang='lat' dir='ltr'>ut</span> <span class='ocrx_word' id='word_1_405' title='bbox 1301 5216 1485 5300; x_wconf 86' lang='lat' dir='ltr'>praetaxati</span> <span class='ocrx_word' id='word_1_406' title='bbox 1516 5216 1724 5302; x_wconf 88' lang='lat' dir='ltr'>pontificatus</span> <span class='ocrx_word' id='word_1_407' title='bbox 1748 5220 1908 5299; x_wconf 87' lang='lat' dir='ltr'>canonici,</span> <span class='ocrx_word' id='word_1_408' title='bbox 1933 5217 2116 5306; x_wconf 75' lang='lat' dir='ltr'>presbyteri</span> <span class='ocrx_word' id='word_1_409' title='bbox 2139 5217 2199 5283; x_wconf 87' lang='lat' dir='ltr'>dia-</span> 
     </span>
     <span class='ocr_line' id='line_1_40' title="bbox 554 5315 2199 5413; baseline 0.006 -37"><span class='ocrx_word' id='word_1_410' title='bbox 554 5336 653 5377; x_wconf 90' lang='lat' dir='ltr'>cones</span> <span class='ocrx_word' id='word_1_411' title='bbox 676 5326 709 5378; x_wconf 91' lang='lat' dir='ltr'>et</span> <span class='ocrx_word' id='word_1_412' title='bbox 739 5315 883 5402; x_wconf 90' lang='lat' dir='ltr'>reliquus</span> <span class='ocrx_word' id='word_1_413' title='bbox 908 5316 1024 5397; x_wconf 86' lang='lat' dir='ltr'>clerus,</span> <span class='ocrx_word' id='word_1_414' title='bbox 1055 5319 1111 5405; x_wconf 91' lang='lat' dir='ltr'>qui</span> <span class='ocrx_word' id='word_1_415' title='bbox 1141 5343 1200 5406; x_wconf 91' lang='lat' dir='ltr'>pro</span> <span class='ocrx_word' id='word_1_416' title='bbox 1224 5331 1369 5407; x_wconf 88' lang='lat' dir='ltr'>tempore</span> <span class='ocrx_word' id='word_1_417' title='bbox 1401 5320 1447 5386; x_wconf 90' lang='lat' dir='ltr'>ibi</span> <span class='ocrx_word' id='word_1_418' title='bbox 1477 5321 1539 5386; x_wconf 90' lang='lat' dir='ltr'>deo</span> <span class='ocrx_word' id='word_1_419' title='bbox 1570 5326 1749 5388; x_wconf 83' lang='lat' dir='ltr'>servientes</span> <span class='ocrx_word' id='word_1_420' title='bbox 1779 5325 1900 5389; x_wconf 87' lang='lat' dir='ltr'>fuerint</span> <span class='ocrx_word' id='word_1_421' title='bbox 1930 5325 2084 5407; x_wconf 88' lang='lat' dir='ltr'>ordinati,</span> <span class='ocrx_word' id='word_1_422' title='bbox 2115 5344 2199 5413; x_wconf 87' lang='lat' dir='ltr'>prae-</span> 
     </span>
    </p>
   </div>
   <div class='ocr_carea' id='block_1_12' title="bbox 641 5527 2237 5809">
    <p class='ocr_par' dir='ltr' id='par_1_12' title="bbox 641 5527 2237 5809">
     <span class='ocr_line' id='line_1_41' title="bbox 641 5527 2237 5609; baseline 0.01 -32"><span class='ocrx_word' id='word_1_423' title='bbox 641 5527 687 5584; x_wconf 79' lang='grc'>88.</span> <span class='ocrx_word' id='word_1_424' title='bbox 711 5529 741 5597; x_wconf 82' lang='lat' dir='ltr'>g)</span> <span class='ocrx_word' id='word_1_425' title='bbox 753 5529 796 5580; x_wconf 77' lang='lat' dir='ltr'>die</span> <span class='ocrx_word' id='word_1_426' title='bbox 808 5529 898 5580; x_wconf 74' lang='lat' dir='ltr'>letzim</span> <span class='ocrx_word' id='word_1_427' title='bbox 912 5530 1077 5583; x_wconf 81' lang='lat' dir='ltr'>Buebstoben</span> <span class='ocrx_word' id='word_1_428' title='bbox 1089 5533 1145 5596; x_wconf 79' lang='lat' dir='ltr'>orrf</span> <span class='ocrx_word' id='word_1_429' title='bbox 1153 5533 1246 5585; x_wconf 84' lang='lat' dir='ltr'>Rosur</span> <span class='ocrx_word' id='word_1_430' title='bbox 1305 5533 1336 5603; x_wconf 79' lang='lat' dir='ltr'>h)</span> <span class='ocrx_word' id='word_1_431' title='bbox 1348 5536 1477 5588; x_wconf 61' lang='lat' dir='ltr'>aromaca</span> <span class='ocrx_word' id='word_1_432' title='bbox 1490 5534 1586 5589; x_wconf 87' lang='lat' dir='ltr'>domni</span> <span class='ocrx_word' id='word_1_433' title='bbox 1598 5539 1655 5589; x_wconf 83' lang='lat' dir='ltr'>und</span> <span class='ocrx_word' id='word_1_434' title='bbox 1667 5537 1793 5593; x_wconf 89' lang='lat' dir='ltr'>Heinrici</span> <span class='ocrx_word' id='word_1_435' title='bbox 1805 5541 1899 5593; x_wconf 81' lang='lat' dir='ltr'>Rosur</span> <span class='ocrx_word' id='word_1_436' title='bbox 1959 5540 1979 5609; x_wconf 85' lang='lat' dir='ltr'>i)</span> <span class='ocrx_word' id='word_1_437' title='bbox 1992 5540 2106 5592; x_wconf 61' lang='lat' dir='ltr'>denelae</span> <span class='ocrx_word' id='word_1_438' title='bbox 2122 5536 2200 5592; x_wconf 68' lang='lat' dir='ltr'>raab</span> <span class='ocrx_word' id='word_1_439' title='bbox 2214 5540 2237 5579; x_wconf 78' lang='lat'>⁴⁰</span> 
     </span>
     <span class='ocr_line' id='line_1_42' title="bbox 712 5601 2199 5677; baseline 0.006 -24"><span class='ocrx_word' id='word_1_440' title='bbox 712 5601 757 5653; x_wconf 79' lang='lat' dir='ltr'>dea</span> <span class='ocrx_word' id='word_1_441' title='bbox 775 5601 978 5666; x_wconf 72' lang='lat' dir='ltr'>Morsopromma</span> <span class='ocrx_word' id='word_1_442' title='bbox 995 5603 1050 5666; x_wconf 82' lang='lat' dir='ltr'>auf</span> <span class='ocrx_word' id='word_1_443' title='bbox 1066 5604 1160 5655; x_wconf 73' lang='lat' dir='ltr'>Bastar</span> <span class='ocrx_word' id='word_1_444' title='bbox 1248 5604 1278 5673; x_wconf 84' lang='lat' dir='ltr'>k)</span> <span class='ocrx_word' id='word_1_445' title='bbox 1303 5608 1431 5659; x_wconf 73' lang='lat' dir='ltr'>rres&#39;scben</span> <span class='ocrx_word' id='word_1_446' title='bbox 1460 5624 1476 5659; x_wconf 88' lang='lat' dir='ltr'>a</span> <span class='ocrx_word' id='word_1_447' title='bbox 1502 5610 1559 5660; x_wconf 70' lang='lat' dir='ltr'>rand</span> <span class='ocrx_word' id='word_1_448' title='bbox 1583 5612 1595 5661; x_wconf 92' lang='lat' dir='ltr'>t</span> <span class='ocrx_word' id='word_1_449' title='bbox 1620 5610 1714 5663; x_wconf 76' lang='lat' dir='ltr'>Rosrtr</span> <span class='ocrx_word' id='word_1_450' title='bbox 1813 5612 1832 5677; x_wconf 84' lang='lat' dir='ltr'>l)</span> <span class='ocrx_word' id='word_1_451' title='bbox 1862 5610 1927 5663; x_wconf 88' lang='lat' dir='ltr'>data</span> <span class='ocrx_word' id='word_1_452' title='bbox 1955 5640 1987 5650; x_wconf 91' lang='lat'>-</span> <span class='ocrx_word' id='word_1_453' title='bbox 2015 5611 2199 5664; x_wconf 82' lang='lat' dir='ltr'>novembrium</span> 
     </span>
     <span class='ocr_line' id='line_1_43' title="bbox 711 5672 2202 5809; baseline 0.009 -88"><span class='ocrx_word' id='word_1_454' title='bbox 711 5672 915 5809; x_wconf 46' lang='lat' dir='ltr'>nequehyyeltepqlpeg</span> <span class='ocrx_word' id='word_1_455' title='bbox 930 5673 1015 5724; x_wconf 80' lang='lat' dir='ltr'>Haud</span> <span class='ocrx_word' id='word_1_456' title='bbox 1040 5674 1235 5741; x_wconf 72' lang='lat' dir='ltr'>nccbqrtroqen</span> <span class='ocrx_word' id='word_1_457' title='bbox 1318 5680 1357 5745; x_wconf 89' lang='lat' dir='ltr'>m)</span> <span class='ocrx_word' id='word_1_458' title='bbox 1382 5678 1431 5730; x_wconf 89' lang='lat' dir='ltr'>sim</span> <span class='ocrx_word' id='word_1_459' title='bbox 1455 5681 1511 5743; x_wconf 76' lang='lat' dir='ltr'>aas</span> <span class='ocrx_word' id='word_1_460' title='bbox 1529 5680 1624 5732; x_wconf 72' lang='lat' dir='ltr'>Raeto·</span> <span class='ocrx_word' id='word_1_461' title='bbox 1706 5684 1735 5747; x_wconf 83' lang='lat' dir='ltr'>n)</span> <span class='ocrx_word' id='word_1_462' title='bbox 1757 5686 1849 5735; x_wconf 87' lang='lat' dir='ltr'>actum</span> <span class='ocrx_word' id='word_1_463' title='bbox 1868 5680 2074 5752; x_wconf 84' lang='lat' dir='ltr'>Magadaburch</span> <span class='ocrx_word' id='word_1_464' title='bbox 2093 5699 2143 5735; x_wconf 75' lang='lat' dir='ltr'>cos</span> <span class='ocrx_word' id='word_1_465' title='bbox 2160 5677 2202 5734; x_wconf 74' lang='lat' dir='ltr'>EC</span> 
     </span>
    </p>
   </div>
   <div class='ocr_carea' id='block_1_13' title="bbox 641 5829 1165 5899">
    <p class='ocr_par' dir='ltr' id='par_1_13' title="bbox 641 5829 1165 5899">
     <span class='ocr_line' id='line_1_44' title="bbox 641 5829 1165 5899; baseline 0.006 -15"><span class='ocrx_word' id='word_1_466' title='bbox 641 5830 688 5884; x_wconf 68' lang='lat'>8⁰.</span> <span class='ocrx_word' id='word_1_467' title='bbox 714 5829 862 5899; x_wconf 83' lang='lat' dir='ltr'>[Bressluu]</span> <span class='ocrx_word' id='word_1_468' title='bbox 917 5836 944 5898; x_wconf 85' lang='lat' dir='ltr'>a)</span> <span class='ocrx_word' id='word_1_469' title='bbox 964 5831 973 5883; x_wconf 90' lang='lat' dir='ltr'>i</span> <span class='ocrx_word' id='word_1_470' title='bbox 991 5848 1060 5887; x_wconf 66' lang='lat' dir='ltr'>corr.</span> <span class='ocrx_word' id='word_1_471' title='bbox 1080 5850 1131 5885; x_wconf 82' lang='lat' dir='ltr'>oue</span> <span class='ocrx_word' id='word_1_472' title='bbox 1150 5850 1165 5887; x_wconf 86' lang='lat' dir='ltr'>e</span> 
     </span>
    </p>
   </div>
   <div class='ocr_carea' id='block_1_14' title="bbox 0 0 2409 6498">
    <p class='ocr_par' dir='ltr' id='par_1_14' title="bbox 0 0 2409 6498">
     <span class='ocr_line' id='line_1_45' title="bbox 0 0 2409 6498; baseline 0 0"><span class='ocrx_word' id='word_1_473' title='bbox 0 0 2409 6498; x_wconf 95' lang='lat' dir='ltr'> </span> 
     </span>
    </p>
   </div>
  </div>
 </body>
</html>
