4836 6492
873 425 1111 482 HEINRICH
1135 425 1173 479 11.
1215 422 1311 479 1023.
1855 415 1922 478 639

262 622 353 685 visus
377 630 437 702 est,
460 616 520 682 sub
544 618 761 682 iuramentum
784 614 985 702 prefatorum
1012 623 1199 677 sanctorum
1223 611 1276 675 dei
1307 621 1340 675 et
1374 609 1503 675 abbatis
1533 611 1636 698 ipsius
1665 610 1854 675 monasterii
1882 633 1921 675 ac

263 727 399 792 fratrum
423 724 580 789 redeunte
599 735 632 789 et
650 734 897 811 pertranseant⁸
917 733 949 786 et
968 721 1011 786 ad
1029 718 1294 806 amplificandam
1313 719 1601 804 congregationem
1620 717 1756 782 fratrum
1775 740 1837 782 nec
1856 740 1922 782 non

263 834 307 899 ad
330 832 440 920 regale
464 832 643 914 servitium,
667 840 824 917 quantum
848 827 952 893 abbas
975 827 1051 893 inde
1076 827 1146 891 sine
1171 826 1365 891 detrimento
1382 824 1520 890 aliarum
1536 847 1645 891 rerum
1660 823 1821 911 aecclesie
1836 823 1922 889 bene

264 941 422 1029 perticere
453 938 566 1026 possit,
600 936 726 1024 absque
761 937 849 1001 omni
883 934 1140 1000 contradictione
1175 945 1376 1020 permaneat,
1412 930 1571 997 addentes
1604 930 1760 996 videlicet
1793 931 1855 996 hoc
1891 942 1924 996 et

232 1048 400 1114 sfirrnitcr
422 1046 653 1134 precipientes,
677 1068 719 1109 ne
744 1043 784 1108 de
808 1042 978 1108 aecclesiis
1002 1041 1135 1129 abbatie
1151 1052 1185 1105 et
1203 1040 1245 1105 de
1261 1038 1412 1104 omnibus
1428 1040 1537 1104 salicis
1553 1037 1836 1121 decimationibus,
1853 1040 1923 1103 sive

265 1156 300 1220 in
323 1154 414 1219 silvis
437 1155 506 1218 sive
534 1154 567 1218 in
592 1153 690 1238 agris,
722 1174 786 1239 que
810 1150 853 1216 ad
877 1160 1023 1215 sanctum
1048 1148 1264 1213 Maximinum
1287 1148 1462 1234 pertinent,
1489 1145 1594 1211 abbas
1617 1146 1697 1211 nihil
1720 1147 1754 1210 in
1779 1145 1921 1210 alienam

265 1274 391 1350 partem
414 1272 542 1326 vertere
565 1259 619 1324 vel
642 1270 789 1346 prestare
813 1268 991 1345 presumat,
1015 1269 1048 1320 et
1070 1266 1106 1320 ut
1124 1279 1176 1321 res
1192 1255 1381 1320 monasterii
1397 1254 1513 1319 melius
1530 1253 1701 1319 defensare
1718 1265 1751 1318 et
1767 1253 1923 1318 adiuvare

265 1369 385 1451 valeat,
408 1368 598 1433 advocatias
621 1388 744 1449 omnes,
769 1388 833 1455 que
856 1364 900 1429 ad
923 1375 1071 1429 sanctum
1087 1362 1303 1427 Maximinum
1327 1363 1500 1450 pertinent,
1526 1363 1579 1426 cni
1595 1362 1674 1426 velit
1689 1360 1789 1426 dandi
1806 1361 1923 1447 cuique

266 1476 346 1541 velit
368 1474 503 1540 tollendi
525 1485 722 1562 potestatem
744 1474 779 1537 in
802 1483 997 1560 perpetuum
1019 1469 1151 1535 habeat.
1197 1469 1241 1534 Et
1263 1480 1300 1533 ut
1322 1468 1384 1555 hee
1400 1478 1509 1554 nostre
1525 1467 1704 1554 imperialis
1720 1468 1924 1534 auctoritatis

221 1605 250 1646 ro
266 1584 435 1671 preceptio
458 1581 637 1669 pleniorem
661 1579 869 1668 postmodum
885 1580 920 1644 in
936 1579 989 1643 dei
1005 1578 1136 1642 nomine
1152 1575 1273 1641 habeat
1288 1576 1483 1658 firmitatem,
1499 1598 1565 1640 non
1581 1575 1683 1640 solum
1701 1575 1763 1640 hoc
1778 1584 1924 1639 nostrum

267 1700 458 1778 preceptum
481 1689 559 1753 inde
583 1689 803 1774 conscriptum
826 1708 924 1750 manu
939 1685 1073 1773 propria
1088 1682 1200 1748 subter
1215 1683 1416 1748 firmavimus
1432 1694 1466 1747 et
1480 1682 1578 1769 sigilli
1592 1683 1694 1747 nostri
1710 1683 1924 1769 impressione

267 1797 418 1883 insigniri
440 1796 603 1878 iussimus,
626 1817 740 1859 verum
764 1795 873 1876 etiam,
897 1803 933 1858 ut
954 1791 1089 1856 firmiori
1112 1791 1305 1856 auctoritate
1329 1789 1478 1876 polleret,
1501 1788 1682 1854 beatissimi
1704 1790 1807 1877 patris
1823 1789 1925 1853 nostri

267 1903 379 1969 domni
402 1902 558 1968 videlicet
580 1901 751 1967 Benedicti
775 1900 887 1990 sedisss
910 1899 1090 1987 apostolice
1113 1897 1253 1985 presulis
1277 1898 1474 1962 sanctissimi
1504 1896 1711 1984 privilegium
1742 1896 1817 1961 inde
1849 1919 1924 1961 con·

269 2012 426 2097 scriptum
449 2021 482 2075 et
505 2007 685 2097 apostolica
708 2009 900 2073 auctoritate
924 2005 1170 2071 corroboratum
1192 2004 1320 2092 prefato
1345 2003 1483 2093 cenobio
1503 2003 1651 2069 obtinere
1667 2005 1854 2085 meruimus,
1878 2014 1924 2087 ut,

223 2140 252 2180 rs
269 2118 308 2201 si,
333 2117 420 2204 quod
443 2115 538 2201 absit,
562 2115 680 2203 aliquis
697 2137 924 2180 successorum
939 2124 1124 2178 nostrorum
1140 2135 1254 2198 regum
1269 2111 1323 2176 vel
1339 2113 1572 2198 imperatorum
1588 2110 1752 2176 diabolica
1767 2111 1925 2175 aviditate

269 2235 441 2312 corruptus
464 2226 641 2312 quiequam
665 2222 706 2287 de
730 2222 791 2307 his,
822 2245 886 2311 que
908 2219 1057 2308 predicto
1086 2219 1283 2284 monasterio
1313 2241 1373 2305 pro
1403 2219 1502 2283 tantis
1531 2217 1637 2302 bonis,
1668 2241 1732 2305 que
1762 2218 1838 2282 inde
1868 2217 1925 2283 ab·

269 2332 429 2415 stulimus,
452 2331 495 2397 ad
518 2333 662 2418 quietem
686 2329 919 2395 monachorum
941 2326 1023 2392 inibi
1040 2326 1102 2392 deo
1117 2325 1343 2391 famulantium
1359 2325 1585 2390 constituimus
1601 2336 1699 2413 atque
1715 2325 1926 2409 firmavimus,

269 2439 460 2504 imminuere
476 2439 694 2525 temptaverit,
713 2435 827 2520 abbas,
843 2436 899 2524 qui
915 2445 993 2499 tune
1008 2432 1055 2498 ibi
1071 2455 1203 2521 preesse
1219 2430 1394 2515 videbitur,
1411 2442 1444 2497 et
1459 2432 1576 2497 fratres
1591 2430 1694 2497 libere
1711 2431 1925 2519 apostolicam

268 2546 404 2635 sedemss
428 2544 593 2635 appellent
616 2557 649 2610 et
672 2545 715 2610 ad
738 2567 811 2609 eam
835 2544 930 2631 quasi
953 2541 996 2607 ad
1018 2552 1157 2605 matrem
1180 2539 1381 2625 confugiant,
1404 2550 1440 2603 ut
1463 2539 1504 2604 ab
1527 2561 1577 2623 ea,
1601 2539 1697 2604 sicuti
1713 2538 1849 2625 dignum
1865 2550 1926 2623 est,

222 2675 252 2715 so
268 2653 374 2718 fulciti
397 2663 455 2718 aut
477 2675 518 2717 ea
541 2675 604 2740 que
626 2651 704 2717 inde
728 2649 921 2716 abstulimus
945 2647 1031 2714 bona
1054 2649 1159 2713 saneti
1183 2646 1356 2711 Maximini
1380 2647 1542 2733 recipiant
1572 2657 1638 2729 ant,
1668 2646 1756 2733 quod
1778 2669 1838 2712 nos
1865 2670 1925 2734 pro

269 2761 394 2826 eisdem
417 2759 513 2825 bonis
536 2759 579 2824 ad
602 2759 729 2824 illorum
754 2757 978 2845 quietudinem
1002 2757 1049 2821 eis
1072 2754 1276 2837 indulsimus,
1300 2754 1446 2840 optinere
1469 2752 1705 2840 prevaleant>

376 2903 394 2994 ξ
418 2903 554 2990 Signum
580 2902 691 2967 domni
714 2901 865 2966 Heinrici
887 2900 1107 2964 Romanorum
1130 2897 1335 2963 invictissimi
1360 2903 1425 2976 (lt.)
1449 2897 1654 2983 imperatoris
1678 2897 1818 2982 augusti.
1842 2896 1860 2986 ᾖ

376 3045 393 3136 ξ
418 3045 618 3112 Guntberius
642 3042 857 3110 cancellarius
881 3044 954 3108 vice
978 3039 1133 3106 Aribonis
1157 3038 1411 3126 archicapellani
1436 3040 1623 3126 recognovi.
1647 3037 1665 3128 ᾖ
1788 3041 1882 3119 (SI.)¹¹

376 3190 465 3255 Data
488 3204 526 3254 ΙΙ.
549 3187 616 3253 kal.
641 3185 788 3253 decemb.
813 3185 992 3250 indictione
1007 3198 1057 3267 vl,
1082 3205 1168 3248 anno
1191 3182 1355 3269 dominice
1378 3182 1613 3247 incarnationis
1636 3181 1808 3248 millesimo
1825 3172 1926 3267 xxlil,

223 3324 251 3365 rs
269 3320 355 3363 anno
377 3320 457 3362 vero
480 3296 592 3362 domni
615 3294 752 3360 secundi
774 3294 924 3359 Heinrici
948 3293 1116 3377 regnantis
1139 3278 1240 3373 xxlll,
1264 3290 1391 3376 imperii
1415 3300 1522 3354 autem
1545 3278 1585 3374 1;
1610 3301 1718 3354 aetum
1742 3291 1927 3376 Mogontie3

269 3406 304 3470 in
327 3405 380 3470 dei
403 3406 534 3469 nomine
559 3401 698 3492 feliciter
721 3425 827 3467 amen.

1058 3628 1145 3715 501.

272 3778 451 3855 Heinrich
477 3778 572 3876 trt‘fft
587 3779 881 3876 Bestimmunqen
905 3775 997 3850 iiber
1022 3774 1082 3848 die
1098 3772 1310 3873 Abstellunp
1330 3771 1412 3846 ond
1427 3772 1655 3873 Bestrofauy
1671 3799 1745 3847 von
1762 3771 1927 3874 Streitiq·

269 3900 386 3975 lceiten
420 3899 501 3974 ond
532 3897 793 3976 Getoalttbaten
825 3894 998 3970 zuisclren
1036 3892 1108 3968 den
1142 3891 1281 3965 Lernen
1322 3890 1389 3966 der
1427 3891 1681 3990 biseboflielren
1714 3891 1854 3967 Kirclre
1883 3919 1929 3967 zu

225 4058 253 4098 ιο
271 4019 411 4095 Wormr
436 4018 516 4094 und
540 4018 658 4092 denen
684 4016 746 4091 dea
771 4015 935 4123 Klosters
961 4012 1110 4087 Lorscll.
1438 4038 1550 4098 uretur
1572 4040 1652 4099 1023
1673 4037 1829 4099 Demea
1850 4042 1881 4099 2.

377 4209 461 4267 501⁰.
497 4206 706 4282 Aursertioaap
729 4209 783 4278 [ἄν
803 4204 927 4264 Wornts.

380 4349 509 4409 Cbortal.
525 4349 664 4408 Wormot.
689 4365 742 4406 oue
756 4346 809 4406 der
823 4345 910 4405 Mitte
931 4344 980 4405 des
995 4346 1043 4404 12.
1057 4344 1084 4404 J
1085 4345 1112 4403 lt.
1131 4347 1157 4416 s.
1170 4345 1210 4402 35
1231 4344 1264 4403 in
1278 4343 1331 4403 der
1344 4343 1373 4402 lt.
1391 4342 1557 4402 Bibliotlelc
1578 4360 1614 4402 ru
1629 4341 1789 4402 Hannover
1805 4337 1870 4408 (0).
1884 4371 1928 4380 —

378 4457 469 4517 Iriber
485 4456 567 4531 priv.
591 4455 656 4515 ecel.
679 4454 787 4513 Wornt.
812 4470 865 4513 ons
887 4453 950 4512 dean
972 4453 1094 4528 Ausone
1115 4451 1165 4511 des
1188 4453 1235 4511 15.
1260 4450 1317 4511 Jt.
1343 4451 1443 4522 ests
1472 4451 1514 4509 im
1535 4451 1645 4525 prosslr.
1670 4448 1872 4510 Strotsorclrio
1894 4467 1930 4507 zu

378 4563 554 4624 Dormstadt
581 4562 653 4631 (D).

378 4718 461 4785 501⁶.
497 4723 706 4799 ,lassertipanp
730 4725 783 4794 sitr
805 4716 957 4821 Lorsclm

381 4868 477 4929 Codes:
500 4867 688 4928 laureolam.
712 4867 762 4925 des
786 4868 834 4925 12.
850 4865 905 4926 Jlr.
931 4867 956 4937 s.
972 4867 1015 4925 20
1037 4866 1078 4924 im
1100 4866 1129 4924 lc.
1154 4863 1361 4923 Reiciaorcbiv
1383 4882 1418 4923 zu
1441 4862 1583 4923 Montes
1608 4864 1678 4932 (A).

380 5008 491 5070 Frelter
520 5009 573 5070 SS.
601 5030 660 5070 rer.
687 5010 785 5069 Germ.
815 5008 858 5069 ed.
884 5008 911 5068 I.
943 5010 972 5079 1,
988 5010 1027 5067 74
1056 5008 1159 5068 aussi
1191 5027 1233 5054 =
1266 5007 1389 5067 Goldatt
1420 5006 1540 5066 Constit.
1571 5007 1641 5081 imp.
1672 5008 1704 5076 2,
1726 5007 1768 5065 46
1793 5007 1824 5065 in
1855 5006 1930 5065 allen

379 5118 529 5194 Auslapeu
553 5137 595 5165 =
619 5117 755 5176 Palatius
777 5118 885 5192 Aquila
913 5120 1014 5175 sancta
1042 5118 1082 5174 53
1111 5132 1154 5163 =
1184 5114 1284 5191 Lr'tnt'p
1306 5114 1373 5174 Rs.
1398 5115 1462 5185 17⁶,
1485 5115 1545 5173 923
1576 5116 1607 5173 η’
1630 5113 1727 5183 3(α),
1751 5134 1794 5160 =
1818 5112 1931 5173 Frelrer

381 5224 434 5284 SS.
459 5244 516 5284 rer.
543 5224 640 5284 Germ.
677 5224 721 5284 ed.
745 5223 811 5283 III.
843 5225 872 5293 1,
896 5224 966 5293 126,
995 5242 1038 5270 =
1068 5222 1192 5282 Rousoet
1224 5221 1325 5297 Suppl.
1354 5223 1398 5293 1⁰,
1420 5222 1463 5281 27
1491 5224 1524 5280 n⁰
1548 5223 1594 5280 13.
1624 5250 1668 5260 -
1699 5220 1830 5280 Helrriclt
1860 5222 1929 5282 Ant.

379 5331 518 5392 naret.
548 5333 587 5392 99
617 5349 671 5393 aas
702 5333 728 5390 A
762 5352 804 5379 =
837 5329 968 5390 Hercul
996 5330 1028 5389 iu
1058 5329 1179 5390 Ioannis
1209 5328 1263 5389 SS.
1295 5329 1425 5404 Mopunt.
1458 5330 1488 5400 3,
1509 5330 1560 5389 52.
1594 5358 1638 5367 -
1670 5327 1816 5388 &bonnm
1848 5327 1930 5390 Heu.

386 5438 494 5501 Worrn.
519 5443 551 5510 2,
574 5441 614 5499 st
642 5442 675 5498 η’
689 5442 731 5501 50
759 5437 973 5511 unwlbtttndip
1002 5452 1056 5495 otte
1085 5435 1152 5505 D(
1155 5438 1186 5505 b)
1212 5457 1254 5484 =
1277 5436 1377 5511 Mipne
1406 5435 1521 5496 Patrol.
1553 5437 1622 5506 uo,
1645 5437 1706 5494 376
1733 5438 1767 5494 a⁰
1791 5437 1847 5495 133
1877 5438 1933 5497 mu

380 5549 434 5608 IV.
459 5549 601 5607 decemb.
623 5576 668 5586 -
693 5542 757 5606 OD.
781 5545 975 5605 Iauriebet'm.
1001 5546 1106 5614 1,160
1135 5562 1188 5605 aas
1209 5546 1246 5604 A.
1270 5573 1314 5583 -
1340 5543 1404 5604 UD.
1429 5543 1619 5605 laurarum.
1644 5545 1673 5614 1,
1690 5546 1748 5603 156
1769 5546 1802 5602 u⁰
1817 5545 1857 5602 95
1879 5562 1934 5605 aas

343 5735 409 5792 Μ.
433 5734 462 5803 h)
482 5751 529 5788 ron
547 5736 603 5787 dem
623 5734 757 5787 kunnaieb
776 5732 927 5799 besestr‘pten
946 5732 1033 5799 saper
1050 5733 1085 5784 r'st
1103 5747 1159 5783 nur
1175 5731 1241 5783 noc-t
1260 5734 1303 5783 εἰη
1321 5748 1350 5783 ao
1368 5731 1468 5785 kleinea
1486 5731 1654 5785 ammana
1679 5732 1843 5801 rorlrouden,
1868 5733 1934 5785 dnae

436 5807 500 5859 ster
517 5809 587 5859 seina
605 5805 728 5859 Erittlrer't
746 5804 833 5857 πίσω
851 5804 1030 5868 [ernastus
1050 5807 1094 5859 r'st.
