4760 6512
792 441 1028 497 nurnnrcn
1050 442 1088 498 11.
1131 422 1228 498 101'2.

962 626 1055 714 246.

187 807 364 880 Heinrich
385 807 550 906 bestdtipt
570 805 650 879 dem
672 804 952 880 Morienlcloster
972 833 1016 880 za
1038 806 1193 880 Floreat
1220 807 1279 881 die
1299 806 1373 880 idm
1394 833 1467 880 oon
1488 805 1568 880 deta
1591 805 1834 907 Markprnfea

188 925 311 1023 Bonis
306 952 347 998 az
370 923 604 1024 protentae
631 925 880 1025 Bestaaayen.
1397 989 1541 1064 asmona
1560 990 1640 1049 1012
1658 988 1724 1047 nat
1743 989 1811 1047 14„

295 1204 539 1278 Oricinaldiplom
561 1204 602 1262 int
623 1203 652 1262 t.
670 1201 870 1262 Staatsarcltio
891 1222 927 1263 za
949 1203 1078 1263 Floreat
1102 1203 1173 1270 (A).

291 1418 449 1477 Pacanelli
467 1417 590 1477 &onita
607 1418 672 1477 deu
691 1419 816 1477 atrata
833 1419 865 1477 di
882 1419 1027 1478 storeae
1044 1419 1105 1478 243
1123 1421 1155 1477 a⁰
1166 1418 1206 1476 46
1224 1435 1276 1476 asts
1291 1417 1444 1488 Absclrrift
1461 1435 1514 1475 von
1536 1415 1690 1475 Caietanas
1709 1417 1768 1483 (a).
1792 1446 1837 1455 -

291 1526 461 1601 Maroundai
483 1527 564 1584 Ball.
591 1525 742 1585 Casinettse
764 1529 795 1595 2,
816 1528 856 1586 70
878 1529 911 1584 n⁰
926 1527 966 1584 76
988 1544 1041 1584 aas
1063 1526 1091 1583 Α
1116 1525 1177 1592 (b).
1202 1554 1245 1562 -
1268 1524 1352 1582 Rana
1376 1524 1405 1590 (e
1429 1522 1554 1590 Comici)
1579 1522 1660 1582 Seite
1685 1523 1727 1582 dc’
1751 1524 1836 1582 dccli

291 1633 468 1691 amorrhaei
490 1633 522 1692 dt
543 1633 672 1692 Toscana
695 1625 737 1703 1⁶,
753 1634 790 1691 31
815 1635 882 1691 a⁰6
903 1650 957 1691 aas
978 1633 1023 1692 ab.
1048 1662 1092 1671 —
1115 1631 1239 1705 Stampf
1257 1631 1328 1706 Rep.
1347 1631 1433 1689 1557.

293 1846 479 1905 Genetriebea
501 1865 556 1905 oon
579 1847 636 1906 ΕΙ).
652 1847 688 1905 Α.
736 1847 803 1905 Fur
824 1847 878 1906 das
899 1846 1002 1906 Dictat
1024 1848 1064 1906 ist
1085 1846 1126 1906 D.
1143 1848 1206 1906 245
1228 1848 1353 1920 benatzt;
1376 1865 1429 1905 aas
1451 1847 1503 1905 ter
1525 1846 1836 1922 Sclatkanysarlraade

292 1954 340 2012 des
362 1953 559 2027 Mortprafen
581 1954 712 2025 Bonifat
733 1972 797 2012 nom
819 1954 851 2013 J.
870 1955 958 2024 1009,
982 1954 1029 2013 die
1051 1955 1094 2013 bei
1116 1954 1275 2013 Paccinellt'
1296 1955 1355 2012 241
1379 1957 1412 2012 πθ
1426 1955 1475 2024 44,
1503 1954 1614 2029 Upltelli
1637 1954 1729 2013 Italia
1750 1972 1836 2014 saera

290 2061 334 2119 ed.
355 2060 381 2119 I.
402 2063 431 2130 3,
448 2062 498 2130 60,
522 2060 606 2119 Rata
631 2061 660 2126 (e
680 2059 804 2127 Comici)
829 2052 872 2130 1⁶,
895 2060 915 2118 4
937 2062 969 2119 in
991 2061 1074 2119 starlr
1096 2062 1306 2120 aboeiclrender
1326 2060 1437 2120 Gestalt
1458 2062 1594 2135 pedraclrt
1616 2061 1655 2120 ist
1677 2062 1736 2119 aad
1758 2061 1836 2119 niclt

292 2168 349 2226 olle
366 2168 479 2226 Nomen
500 2186 615 2226 amnes
632 2167 672 2226 D.
692 2168 810 2237 cathon,
833 2168 900 2226 sind
921 2186 978 2226 aar
999 2169 1106 2243 weaiqe
1127 2187 1182 2227 oon
1203 2186 1258 2227 aits
1280 2169 1358 2227 nicht
1380 2169 1528 2228 bacades
1551 2169 1720 2227 bezeichnete
1740 2168 1837 2226 Worte

291 2275 497 2333 obcrnommen.

293 2531 351 2603 (C.)
374 2521 391 2611 ξ
414 2523 453 2587 In
477 2523 607 2587 nomine
638 2534 771 2587 sanctae
803 2534 835 2588 et
864 2523 1053 2588 individuae
1085 2525 1246 2588 trinitatis.
1293 2525 1469 2588 Heinricus
1500 2524 1613 2588 divina
1643 2524 1835 2610 disponente

186 2630 359 2694 clementia
381 2653 451 2694 rex.
560 2645 662 2695 Notum
688 2646 724 2694 sit
750 2646 875 2694 omnibus
894 2638 908 2710 ξ
926 2644 1054 2695 fidelibus
1081 2647 1180 2696 nostris
1206 2647 1379 2711 presentibus
1403 2659 1419 2689 s
1448 2652 1475 2695 et
1499 2646 1613 2705 futuris,
1643 2645 1761 2710 qualiter
1786 2662 1836 2695 nos

143 2764 167 2804 rs
185 2739 370 2801 interventu
400 2759 439 2801 ae
469 2738 624 2822 petitione
655 2737 841 2801 Euerhardi
878 2748 989 2802 sancte
1019 2736 1304 2823 Paucnbergensis
1338 2738 1476 2825 ecclesie
1507 2739 1652 2824 episcopi
1682 2754 1835 2818 perhanc

186 2861 292 2910 nostri
311 2860 448 2925 precepti
469 2845 622 2930 paginam
643 2844 852 2909 concedimus
872 2844 1029 2909 donamus
1050 2856 1082 2908 ct
1102 2860 1311 2910 corroboramus
1331 2861 1519 2910 monaster-ios
1538 2868 1631 2930 sancte
1648 2860 1743 2928 Mario,
1763 2861 1837 2924 quod

186 2953 271 3016 infra
294 2966 500 3018 Florentinum
527 2968 686 3016 civitatem
712 2968 813 3016 sitnm
838 2964 897 3033 est,
929 2951 1087 3038 quasdam
1112 2964 1216 3016 cortes
1245 2964 1277 3016 et
1300 2954 1525 3039 proprietates,
1557 2976 1620 3040 quc
1649 2963 1837 3037 nominativpb

186 3070 346 3125 vocantur
368 3059 488 3141 Broilo,
512 3059 599 3124 Toso
624 3070 656 3123 et
679 3071 812 3123 sanctus
835 3059 1009 3145 segulae,
1034 3058 1172 3141 Pesella,
1197 3059 1368 3141 Buianula,
1393 3060 1553 3145 Tignano,
1584 3059 1739 3124 Malliano
1763 3082 1838 3124 eum

187 3166 328 3231 castellis
359 3177 392 3230 et
422 3166 556 3252 capellis
587 3178 619 3230 et
649 3190 724 3230 curn
756 3164 905 3230 omnibus
935 3165 1032 3230 rebus
1068 3166 1109 3229 ad
1144 3165 1276 3229 easdem
1312 3176 1418 3230 cortes
1454 3165 1701 3252 pertinentibus,
1736 3167 1838 3254 quasd

142 3301 169 3340 so
186 3273 351 3360 quondam
374 3273 571 3337 Bonefacius
594 3274 740 3338 marchio
765 3296 824 3359 per
851 3272 992 3337 cannas
1024 3273 1205 3337 offersionis
1237 3273 1344 3337 eidem
1373 3273 1509 3337 tradidit
1538 3275 1734 3338 monasterio
1764 3297 1837 3361 pro·

187 3381 340 3466 prietario
364 3382 434 3445 iure
462 3379 659 3461 habendum,
691 3404 730 3445 ea
752 3379 907 3445 videlicet
936 3381 1061 3443 ratione
1093 3390 1128 3444 ut
1158 3378 1260 3443 abbas
1290 3379 1430 3466 predicti
1460 3382 1648 3444 monasterii
1672 3381 1838 3445 Marinuse

187 3487 341 3551 videlicet
364 3490 493 3552 nomine
518 3488 634 3553 amodo
659 3490 791 3552 inantea
821 3510 998 3573 omnesque
1030 3488 1099 3550 eius
1130 3510 1335 3551 successores
1367 3488 1423 3573 qui
1453 3510 1511 3573 pro
1541 3501 1688 3574 tempore
1719 3489 1839 3552 fuerint

188 3596 401 3680 proprietario
425 3597 494 3659 iure
518 3595 561 3659 ad
583 3606 710 3682 partem
734 3596 836 3682 ipsius
859 3595 1047 3659 monasterii
1075 3593 1219 3658 habeant
1248 3605 1380 3658 teneant
1410 3594 1608 3681 firmiterque
1639 3595 1838 3682 possideant,

188 3702 351 3765 omnium‘
370 3703 537 3766 hominurn
557 3702 833 3767 contradictiones
853 3712 987 3765 remota.
1026 3717 1246 3781 precipientes
1271 3701 1413 3788 denique
1437 3700 1595 3784 iubemus,
1623 3724 1653 3767 nt
1672 3717 1764 3767 nultus
1784 3717 1839 3766 dux

143 3823 335 3888 aepiscopus
361 3825 482 3872 marchio
509 3840 601 3873 comes
627 3824 782 3872 vicecomes
808 3839 857 3872 seu
882 3823 983 3887 aliquis
1008 3823 1089 3873 bomo
1116 3839 1231 3888 magnus
1257 3808 1309 3873 vol
1335 3839 1435 3888 parvus
1459 3835 1476 3867 s
1502 3809 1684 3894 prodicium
1713 3825 1838 3874 abbatem

189 3916 323 4002 eiusque
347 3939 553 3981 successores
577 3917 634 4002 qni
656 3940 714 4002 pro
740 3938 862 3995 tempore
886 3916 1007 3980 fuerint
1029 3931 1063 3979 de
1089 3932 1142 3979 iam
1169 3930 1269 3979 dictis
1294 3916 1414 3980 cortisb
1439 3927 1470 3979 et
1501 3939 1612 3980 earum
1635 3918 1839 4002 pertinentiis

188 4037 341 4101 inquietare
361 4036 507 4087 molestare
527 4037 570 4088 rel
590 4038 734 4088 disvestire
753 4043 900 4103 presumat.
939 4052 955 4082 s
973 4038 1002 4086 si
1021 4039 1081 4102 quis
1100 4039 1187 4102 igitur
1204 4038 1256 4088 hoc
1279 4033 1425 4086 nostrum
1443 4043 1611 4103 preceptum,
1637 4037 1710 4101 quod
1730 4039 1839 4089 minime

189 4145 334 4203 credimus,
359 4144 479 4209 fregerit,
506 4132 588 4194 solat
610 4153 645 4194 se
673 4147 935 4210 compositurum
962 4152 1070 4195 centurn
1099 4143 1180 4194 libras
1207 4146 1266 4193 auri
1286 4144 1390 4209 optimi,
1417 4144 1590 4193 medietatem
1614 4143 1724 4213 kamere
1748 4154 1839 4213 nostre

189 4250 222 4302 et
244 4252 416 4301 medietatem
443 4239 508 4301 lam
532 4253 606 4303 dicto
631 4236 743 4301 abbati
768 4238 902 4323 eiusque
926 4236 1180 4303 successoribus.
1228 4252 1308 4313 Quod
1334 4260 1364 4301 ut
1390 4252 1482 4301 srcrius
1509 4251 1637 4301 credatur
1662 4248 1695 4300 ol
1717 4238 1840 4301 firllllus

144 4374 172 4414 so
189 4344 390 4427 observetur,
415 4359 485 4409 banc
505 4361 634 4426 paginam
654 4374 735 4409 manu
755 4366 849 4408 nostra
869 4360 1025 4410 roboratam
1044 4358 1167 4425 sigillare
1187 4361 1325 4410 iussimus.

295 4577 312 4667 a
336 4558 474 4664 signum
497 4579 607 4643 somni
630 4579 779 4642 Heinriei
803 4584 867 4657 (n.)
891 4579 978 4663 rega
1002 4578 1217 4643 invictissimi.
1242 4575 1259 4666 n

296 4808 313 4898 ξ
336 4810 567 4874 Eucrhardusss
592 4809 804 4874 cancellarius
827 4811 1028 4895 recognovit.
1053 4808 1069 4897 ᾖ
1673 4820 1729 4891 (SI.
1745 4820 1795 4891 D.)

297 5042 421 5106 Datum
443 5041 549 5128 pridie
573 5041 647 5106 idus
670 5043 745 5105 mai.
771 5064 856 5105 anno
880 5042 1041 5129 dominice
1065 5043 1298 5107 incarnationis
1321 5043 1492 5107 millesimo
1516 5059 1581 5126 XII,
1606 5044 1783 5108 indictione
1807 5060 1840 5127 x,

191 5149 301 5214 domni
325 5172 403 5214 vero
427 5149 577 5213 Heinrici
599 5150 686 5234 regis
711 5147 845 5212 secundi
868 5150 1035 5233 regnantis
1058 5163 1095 5231 x3
1126 5160 1235 5213 actrrm
1258 5149 1466 5233 Pauenberc;
1498 5150 1638 5215 feliciter
1660 5174 1766 5215 amen.

145 5591 174 5633 tt
262 5582 326 5640 248.
351 5583 637 5655 [Βαωὴὶῖιετ-ΒΙΟοὴ]
681 5588 707 5655 s)
727 5602 762 5637 na
779 5601 850 5640 corr.
868 5602 920 5637 aas
938 5604 966 5639 m
1042 5586 1071 5654 b)
1093 5590 1119 5639 A
1191 5592 1217 5655 c)
1236 5588 1245 5640 l
1264 5604 1333 5642 com
1352 5605 1404 5641 aas
1421 5590 1479 5640 dem
1497 5590 1613 5656 Anfanp
1631 5591 1700 5643 eim
1717 5608 1732 5643 r
1750 5592 1844 5646 odera

351 5655 380 5721 d)
396 5657 522 5709 dubiam
535 5657 620 5710 kaim
632 5658 725 5708 Rnsur
780 5659 806 5723 e)
823 5658 852 5708 in
870 5658 918 5710 dor
932 5658 1009 5710 utut
1025 5659 1070 5710 cles
1086 5659 1186 5711 Wartee
1197 5660 1299 5723 Rosur,
1312 5661 1439 5712 mclbabt
1456 5677 1515 5711 war
1527 5659 1663 5713 Martinus
1678 5663 1844 5729 pescbriebm

352 5727 377 5793 l)
397 5744 443 5779 nm
462 5727 604 5780 hominum
624 5734 720 5780 contra
738 5730 794 5792 auf
807 5728 901 5780 Rosar
990 5734 1019 5799 g)
1038 5746 1086 5782 vor
1104 5728 1280 5783 Eser-hardus
1298 5737 1363 5783 awa
1382 5737 1399 5783 5
1418 5732 1585 5785 Buclrstabea
1603 5735 1767 5799 auantiae,
1794 5753 1845 5790 roa

351 5800 433 5851 danea
451 5800 517 5852 noch
534 5800 578 5852 dio
595 5799 685 5852 ὺοὰίοη
704 5801 795 5852 tanea
815 5816 845 5851 cr
862 5801 997 5853 matta
1015 5802 1085 5856 aad.

1577 5916 1629 5968 36*
