4798 6486
535 446 602 509 498
1137 453 1594 514 KAISERURKUNDEN.

534 654 701 707 monasterio
727 656 816 706 sencti
837 655 968 725 Zecberip
993 657 1020 707 in
1045 655 1145 707 linibus
1165 657 1343 709 Venetierum
1370 666 1528 710 constructo
1554 672 1640 724 prope
1665 656 1802 724 pelecium
1825 665 1886 730 per
1907 642 2105 708 ῙοῙιιιιιιιιιῐιιο
2132 658 2195 708 die·

535 778 655 814 conum
675 760 887 829 cuppellenum
906 761 984 813 ducis
1004 762 1182 814 Venetierum
1200 770 1341 815 nostrum
1361 763 1488 816 fidelem
1507 771 1628 815 nostrum
1648 765 1735 816 ediit
1753 763 1936 823 clementium,
1963 772 2099 829 quatenus
2117 757 2195 831 pro‘i

536 869 582 920 dei
599 885 692 921 umore
719 874 747 920 et
772 870 893 921 remedio
920 871 1009 921 enime
1034 876 1127 921 nostre
1152 871 1225 922 idem
1251 872 1432 932 cenobium,
1457 876 1504 923 cul
1530 888 1603 923 nunc
1626 856 1682 923 illa
1703 858 1777 944 ipse
1791 856 1889 922 Vita⁸
1916 870 2081 923 venerabilis
2103 872 2192 923 ebbe·

535 978 605 1027 tisse
623 993 732 1044 preesse
751 976 870 1037 videtur,
889 992 951 1027 cum
972 978 1045 1028 omni
1064 978 1222 1044 integritete
1243 990 1261 1023 c
1278 973 1377 1030 usns¹
1397 985 1425 1029 et
1443 974 1607 1045 sumptusf
1627 977 1821 1030 monecbernm
1838 979 1908 1030 inibi
1926 995 1976 1046 per
1993 984 2118 1045 tempore
2135 979 2192 1030 deo

534 1083 727 1135 tumulantium
745 1082 943 1151 perpetualiter
961 1089 1140 1151 permaneat
1162 1090 1190 1135 et
1210 1085 1261 1136 sub
1283 1092 1376 1137 nostre
1395 1086 1526 1137 tuicionis
1545 1101 1578 1136 ec
1604 1085 1795 1136 detensionis!
1817 1086 2012 1136 mundiburdio
2037 1086 2193 1137 consistet
2215 1094 2233 1135 ι

536 1207 599 1242 cum
615 1192 722 1242 cunctis
738 1189 919 1242 facultatibus
935 1185 1091 1256 rebusqueh
1107 1190 1255 1244 mobilibus
1272 1199 1301 1244 et
1315 1190 1503 1245 imobilibus
1518 1208 1568 1243 eeu
1583 1191 1697 1243 familiis
1714 1193 1857 1258 utrimque
1873 1207 1954 1243 sexus
1971 1191 2006 1243 sd
2022 1191 2192 1258 predictum

536 1300 732 1349 monesterium
749 1312 766 1343 c
787 1299 996 1364 pcrtinentibus,
1013 1293 1138 1349 scilicet¹
1157 1299 1229 1350 inire
1245 1294 1398 1351 ditionem¹
1415 1301 1491 1367 regni
1507 1300 1594 1352 nostri
1611 1299 1826 1351 consistentibus
1841 1293 1914 1350 teml
1937 1295 1970 1348 et
1988 1285 2021 1348 in
2038 1282 2191 1349 omnibus

536 1391 608 1456 eliis
631 1391 711 1457 locis
735 1414 833 1478 quum
863 1403 896 1456 et
925 1392 959 1455 in
986 1390 1049 1455 illis
1080 1404 1182 1467 loeis,
1213 1415 1277 1479 que
1306 1391 1405 1480 penio
1435 1392 1570 1457 inferius
1600 1405 1821 1457 denomimnde
1850 1402 1935 1473 sunt,
1967 1411 2060 1471 que¹¹¹
2090 1392 2192 1456 etium

536 1497 619 1562 sibi¹¹
647 1510 765 1564 contulit
792 1527 843 1579 per
869 1511 1010 1563 curtules0
1039 1513 1192 1565 offersionis
1217 1512 1391 1579 ingelfredns
1420 1518 1532 1564 comest
1558 1511 1632 1564 filins
1660 1512 1798 1578 quondum
1826 1511 1959 1564 Grimeldi
1987 1520 2015 1564 et
2039 1511 2192 1580 Ildebnrge

536 1621 677 1671 comitisse
703 1635 773 1670 uxor
797 1618 941 1670 Adclberti
966 1620 1075 1670 comitis
1101 1636 1164 1671 cum
1188 1622 1246 1671 suis
1272 1620 1432 1681 heredibus,
1458 1621 1531 1672 sicut
1554 1627 1647 1671 textus
1672 1621 1819 1687 ipserum
1847 1618 2033 1671 cartularum
2059 1614 2190 1686 legitur⁶‚
2211 1632 2242 1670 ιο

536 1725 667 1777 videlicet
687 1735 790 1778 cortem
809 1741 891 1779 unum
911 1742 973 1778 cum
993 1728 1119 1779 omnibns
1138 1729 1195 1779 suis
1213 1727 1387 1794 pertinentiis
1405 1728 1434 1778 in
1455 1726 1554 1778 tinibus
1573 1727 1675 1779 Montis
1694 1726 1833 1778 siricinio
1852 1728 1970 1793 positum
1995 1729 2024 1778 in
2049 1726 2117 1778 ville
2135 1743 2191 1793 que

536 1831 660 1884 Petriolo
687 1840 864 1899 nuncupatur
891 1842 958 1884 uun
986 1841 1061 1884 cum
1092 1818 1233 1885 ecclesie
1262 1820 1296 1883 iu
1326 1820 1501 1885 honoreml
1532 1820 1636 1885 suncti
1664 1819 1789 1906 Tbome
1819 1831 1852 1885 et
1881 1821 1987 1886 suncti
2015 1819 2157 1885 Zenonis
2165 1831 2190 1902 ¹,

536 1940 663 1993 similiter
681 1948 709 1992 et
728 1939 810 1991 ulium
830 1948 933 1992 cunum
953 1942 1070 2007 positum
1090 1941 1118 1992 in
1138 1940 1199 1992 loco
1219 1941 1267 2007 qui
1286 1940 1388 1991 dicitur
1407 1939 1484 1992 Cone
1501 1949 1567 1991 una
1590 1949 1664 1992 eum
1684 1925 1824 1992 eeclesia
1842 1925 1885 1991 ed
1902 1927 2058 1993 honorem
2077 1940 2190 2017 sanctu

536 2034 642 2119 Mario
660 2064 721 2099 cum
741 2048 868 2099 omuibus
887 2049 944 2098 suis
963 2048 1135 2114 pertinentiis
1157 2042 1225 2112 [et]²
1247 2048 1276 2098 in
1295 2048 1383 2099 Secco
1403 2055 1431 2098 et
1449 2048 1478 2098 in
1497 2048 1577 2115 Lupe
1595 2056 1623 2098 et
1641 2048 1669 2098 in
1689 2048 1838 2112 Liquentie
1860 2055 1888 2098 et
1905 2048 2108 2099 Laurentiece¹¹
2134 2064 2192 2100 une

537 2171 599 2207 cum
618 2157 718 2207 ceteris
736 2157 836 2206 terris¹²
854 2155 964 2206 vineis*
983 2156 1108 2220 cempis'
1127 2153 1237 2205 olivetis
1263 2156 1349 2222 pretis
1374 2155 1485 2222 peecuis
1510 2155 1676 2205 messericiis
1700 2154 1901 2221 piecetionibus
1925 2153 2089 2206 molendinis
2111 2154 2191 2206 silvis
2210 2165 2239 2205 re

537 2264 636 2314 cusisw
655 2261 789 2329 cappellis
807 2263 887 2328 equis
906 2276 1055 2327 cerumque
1073 2262 1234 2313 decursibus
1260 2262 1399 2312 montibus
1417 2260 1537 2313 vallibus
1555 2263 1641 2313 servis
1665 2269 1693 2312 et
1710 2260 1818 2312 eucillis
1843 2262 1879 2312 ed
1902 2263 1976 2328 ipses
2002 2268 2093 2313 curtes
2118 2264 2191 2329 espi-

537 2371 672 2422 cientibus
690 2371 719 2422 in
737 2370 882 2435 integrum,
902 2375 930 2420 et
949 2374 979 2420 ut
997 2384 1092 2420 omnes
1110 2368 1203 2420 coloni
1222 2369 1256 2420 de
1275 2369 1342 2435 ipsis
1362 2368 1484 2420 curtibus
1504 2368 1625 2420 decimes
1644 2369 1732 2420 eidem
1751 2369 1916 2421 monesten'o
1934 2368 2101 2435 persolvent.
2133 2369 2191 2421 Noe

537 2485 628 2530 eutem
656 2476 849 2528 saluberrimus
878 2477 957 2527 eius
984 2477 1133 2542 petitiones
1160 2477 1338 2542 inspicientes
1363 2476 1416 2527 boc
1442 2483 1533 2540 nosne
1558 2477 1738 2527 immunitatis
1763 2481 1943 2545 preceptnm¹
1967 2475 2027 2528 lieri
2051 2478 2191 2537 iussimus,

535 2602 585 2653 per
602 2585 678 2651 quod
696 2586 859 2645 sensuimus,
879 2591 910 2634 ut
928 2585 982 2634 iem
1001 2583 1105 2634 dictum
1124 2583 1319 2634 monesterium
1338 2598 1401 2633 cum
1420 2584 1478 2633 suis
1498 2583 1580 2634 rebus
1596 2581 1745 2635 mobilibus
1762 2588 1789 2634 st
1806 2581 1991 2634 immobilibus
2009 2584 2189 2649 omnibusque

534 2694 679 2759 mancipiis
700 2698 727 2742 et
746 2689 852 2742 colonis
870 2692 1021 2757 peregrinis
1040 2691 1127 2741 servis
1151 2698 1179 2741 et
1204 2688 1312 2741 ancillis
1338 2705 1422 2756 super
1446 2696 1546 2741 terrem
1574 2698 1673 2763 supra
1696 2676 1810 2763 scripti
1832 2691 1990 2742 monaterii
2015 2690 2087 2741 infre
2111 2691 2189 2756 regni
2208 2700 2235 2740 ο)

533 2801 619 2852 nostri
639 2799 707 2849 fines
726 2799 910 2849 residentibus
928 2799 980 2849 sub
1005 2806 1099 2849 nostre
1124 2806 1234 2849 meueet
1259 2797 1427 2858 defensioue,
1452 2798 1493 2848 ite
1518 2803 1548 2847 ut
1573 2796 1666 2848 nullus
1692 2797 1747 2848 dux
1773 2798 2018 2865 ercbiepiscopusi
2044 2798 2189 2866 episcopus

534 2908 656 2958 marchio
688 2922 780 2957 comes
811 2904 854 2957 vel
890 2903 1021 2971 quislibet
1051 2904 1180 2971 publicus
1211 2905 1381 2956 actionarius
1416 2919 1466 2954 ssu
1503 2902 1559 2954 elis
1592 2920 1679 2970 perne
1709 2919 1863 2971 megnsque
1893 2919 2012 2970 persone
2042 2921 2076 2956 ex
2107 2906 2189 2956 rebus

534 2997 714 3086 pretitulati
739 3013 906 3072 monasterii,
933 3013 966 3063 de
992 3013 1092 3078 quibus
1118 3013 1198 3063 modo
1224 3012 1297 3063 iuste
1324 3019 1352 3062 ct
1370 3009 1497 3077 legeiiter
1515 3012 1673 3062 investitum
1693 3027 1752 3063 esse
1771 3011 1881 3062 videtur
1899 3018 1948 3062 eut
1965 3013 2078 3063 ineutes
2096 3012 2190 3064 divine

534 3121 623 3187 pietus
642 3118 743 3170 ibidem
763 3117 930 3185 amplificare
949 3117 1079 3179 voluerit,
1105 3118 1263 3171 sbstrshere
1289 3117 1395 3184 aliquid
1421 3126 1470 3170 eut
1494 3119 1616 3170 minuere
1642 3120 1809 3187 quandoque
1835 3126 2005 3186 presumeut;
2032 3120 2082 3172 sed
2107 3118 2189 3171 liceet

535 3242 619 3293 supra
631 3227 811 3277 nominatum
826 3226 1006 3277 ubbetissem
1020 3234 1047 3277 et
1058 3227 1111 3278 sibi
1124 3225 1304 3278 succedentes
1318 3242 1361 3276 res
1378 3226 1501 3276 eiusdem
1516 3226 1675 3277 monasterii
1695 3221 1755 3290 [snb
1772 3232 1869 3277 nostre
1885 3221 2077 3291 defensiouel¹
2094 3228 2188 3292 quieto
2207 3234 2234 3274 tt

536 3333 633 3385 ordine
652 3334 792 3399 possidere
811 3349 873 3383 cnm
893 3334 1018 3384 omnibus
1038 3334 1073 3384 ad
1091 3349 1122 3385 se
1138 3333 1340 3400 pertinentibus
1355 3340 1411 3384 tem
1428 3333 1510 3384 rebus
1527 3349 1608 3398 quem
1626 3340 1654 3383 et
1670 3334 1813 3400 mancipiis
1831 3332 1924 3385 liberis
1941 3341 1969 3385 et
1984 3335 2071 3385 servis
2087 3338 2189 3400 super⁸

536 3456 579 3491 res
595 3454 613 3485 e
638 3440 725 3491 dieti·
751 3440 909 3490 monasterii
935 3440 1125 3501 residentibus,
1152 3438 1301 3506 nullusque
1327 3440 1429 3491 sudent
1454 3434 1522 3491 eosb
1547 3440 1649 3490 iniuste
1678 3440 1840 3506 distringere
1868 3457 1959 3506 neque
1986 3442 2022 3492 eb
2051 3442 2090 3492 eis
2118 3439 2189 3491 ullus

536 3547 649 3599 illicitus
673 3547 851 3598 redibitiones
874 3553 922 3597 sut
945 3546 1070 3614 publices
1089 3550 1216 3613 sugerius
1236 3548 1356 3614 exigere.
1393 3548 1465 3598 Ante
1490 3548 1583 3597 omnis
1608 3554 1699 3598 eutem
1726 3548 1865 3598 ebbetisse
1891 3547 2013 3599 eiusdem
2031 3549 2189 3600 monasterii

537 3657 629 3720 cique
654 3639 886 3704 θιιοῡθάθιιῐθιο
913 3660 941 3705 et
966 3671 1060 3706 omnes
1086 3656 1218 3707 monecbe
1244 3654 1346 3706 ibidem
1373 3655 1425 3705 deo
1450 3655 1602 3705 servientes
1631 3655 1682 3705 snb
1709 3662 1802 3723 nostre
1830 3654 1997 3706 defensionis
2023 3656 2188 3707 auctoritem

536 3765 629 3830 quiete
657 3769 844 3829 permaneant,
869 3760 1015 3827 nullusque
1043 3763 1082 3813 rei
1110 3761 1221 3831 publice
1249 3763 1374 3813 minister
1398 3777 1445 3812 ees
1470 3778 1519 3828 per
1544 3760 1649 3828 placite
1674 3777 1846 3813 commovere
1871 3761 1915 3813 vel
1940 3763 2057 3829 tetigere
2082 3763 2135 3813 uisi
2159 3763 2188 3813 in
2206 3769 2234 3809 ιο

535 3871 674 3938 presentie
699 3870 836 3937 ebbetissp
862 3876 1034 3936 pertemptet,
1063 3875 1200 3934 quatenus
1225 3871 1299 3935 ipses
1325 3867 1440 3920 encilles
1467 3869 1520 3929 dei,
1549 3884 1602 3934 que
1628 3869 1730 3919 ibidem
1756 3867 1808 3919 deo
1833 3867 2008 3930 tumulentur,
2037 3884 2086 3935 pro
2108 3870 2188 3920 uobis

534 3984 663 4043 stetuque
683 3978 761 4043 regui
779 3970 887 4027 nostrii)
906 3970 1029 4042 iugiter‘¹
1049 3993 1162 4028 exorere
1181 3974 1330 4028 delectett.
1368 3976 1397 4027 si
1422 3977 1485 4041 quis
1509 3977 1594 4043 igitur
1619 3976 1671 4028 hoc
1697 3984 1819 4027 nostrum
1846 3984 2003 4042 preceptum
2030 3984 2058 4026 et
2082 3976 2188 4027 mundi·

534 4085 662 4136 burdium
682 4085 832 4149 infregerit,
857 4086 928 4135 sciet
953 4100 983 4134 se
1009 4085 1224 4150 compositurum
1249 4084 1309 4135 suri
1336 4084 1431 4150 optimi
1459 4081 1541 4134 libres
1568 4089 1685 4143 centum,
1712 4082 1887 4134 medietatem
1912 4098 2019 4133 camere
2043 4090 2135 4133 nostre
2161 4090 2188 4132 et

535 4194 708 4245 medictatem
728 4192 865 4259 predicto
884 4177 1092 4242 monasterio
1133 4192 1214 4254 Quod
1235 4185 1284 4241 uti
1303 4192 1394 4242 verius
1413 4190 1550 4250 credetur,
1570 4205 1652 4240 menn
1671 4190 1781 4256 proprie
1800 4189 1961 4240 roborantes
1980 4187 2073 4256 sigillo
2092 4196 2187 4240 nostro

533 4301 647 4352 inferius
670 4300 800 4383 iussimus
823 4300 977 4366 insigniriu
2206 4301 2233 4341 ts

605 4614 669 4671 888.
696 4616 721 4681 c)
739 4616 774 4677 0,·
791 4612 925 4667 loannem
938 4614 1021 4666 BDE
1090 4611 1120 4675 d)
1144 4628 1194 4682 pro
1220 4610 1265 4664 dei
1291 4628 1384 4664 amore
1404 4641 1436 4653 -
1457 4611 1623 4663 curtulerum
1649 4610 1751 4679 legitur
1775 4611 1843 4676 fehlt
1868 4613 1897 4663 iu
1924 4612 1947 4664 0
2024 4612 2050 4677 e)
2074 4611 2137 4666 ΝΡ.
2157 4611 2175 4663 1
2180 4635 2188 4673 ,·

694 4684 773 4739 Vittu
787 4685 879 4751 Bon·
898 4688 926 4737 in
943 4686 968 4737 B
984 4689 1018 4736 iet
1034 4702 1072 4737 uu
1089 4685 1147 4737 dem
1165 4684 1253 4736 Worte
1270 4686 1411 4750 corripiert
1466 4682 1489 4749 s)
1508 4682 1590 4734 BDE'
1600 4708 1630 4725 =
1643 4683 1705 4735 ΝΠ.
1716 4683 1735 4734 Ι
1743 4707 1773 4727 ==
1784 4682 1847 4737 NU.
1858 4682 1893 4734 ΙΙ
1905 4683 2088 4749 διωκρίΙΙῳ.
2102 4685 2187 4742 2086,-

696 4756 723 4809 iu
742 4774 792 4809 usu
811 4761 839 4809 et
857 4761 967 4825 sumptu
984 4756 1043 4811 VU.
1138 4756 1166 4824 g)
1183 4753 1362 4808 defenssionis
1381 4756 1413 4819 B,
1440 4754 1498 4805 und
1514 4770 1543 4806 so
1560 4755 1632 4817 oster
1649 4754 1710 4806 bier
1728 4755 1785 4805 und
1803 4756 1832 4805 in
1852 4753 1908 4807 DE
1924 4752 2126 4822 Verdoppeluep
2142 4754 2188 4807 des

696 4844 708 4880 s
726 4829 794 4881 naeu
814 4827 997 4880 &mouentes
1069 4827 1098 4893 b)
1118 4826 1201 4879 rebus
1214 4827 1239 4878 B
1310 4825 1332 4895 i)
1349 4825 1438 4879 silicet
1456 4825 1495 4889 B,·
1512 4826 1639 4877 dobinter
1657 4827 1686 4877 in
1706 4825 1787 4877 BDE
1805 4830 1841 4891 et,
1859 4826 1909 4877 dns
1921 4825 2016 4891 jcdods
2035 4828 2064 4877 iu
2083 4825 2184 4880 VU.=

695 4900 758 4954 ΝΗ.
778 4900 797 4951 Ι
818 4899 886 4962 sebit
970 4897 1011 4959 kt*
1025 4897 1174 4952 dictionem
1200 4897 1281 4949 BDE
1371 4898 1390 4962 l)
1418 4913 1447 4950 so
1464 4897 1558 4956 disits
1581 4897 1650 4948 auch
1675 4899 1713 4947 im
1739 4896 1867 4963 Oripinol
1889 4897 1938 4949 der
1962 4897 2019 4950 VU.
2043 4896 2185 4965 goetcedee
2203 4906 2230 4945 to

693 4971 787 5035 buben,
804 4970 853 5036 epi.
868 4971 930 5024 DD.
944 4973 968 5035 1,
979 4974 1033 5022 368
1049 4971 1083 5025 N.
1096 4968 1130 5032 d,-
1148 4973 1174 5034 2,
1189 4972 1240 5021 ⁶91
1256 4969 1324 5037 Μ
1377 4971 1417 5035 m)
1440 4968 1558 5020 BDE=
1571 4968 1661 5022 Nur
1711 4969 1741 5035 ιι)
1760 4984 1828 5035 quus
1840 4966 1979 5021 ibiCsutd
1991 4984 2044 5036 que
2057 4967 2096 5021 rbi
2108 4968 2189 5020 BDIt'

695 5045 724 5094 in
742 5044 791 5094 der
806 5042 874 5106 ΙΙΙ,
893 5042 943 5108 vol.
962 5043 1024 5096 DD.
1044 5045 1070 5105 2,
1086 5044 1136 5092 691
1154 5039 1222 5096 uh
1302 5042 1329 5105 ο)
1358 5038 1495 5103 centullus,
1521 5040 1577 5091 und
1601 5054 1632 5090 so
1655 5040 1734 5104 diter,
1759 5039 1841 5091 BDE
1919 5044 1948 5109 p)
1977 5055 2106 5107 commes,
2129 5040 2187 5090 und

694 5114 882 5181 mteprccbeud
911 5114 990 5178 ὄΐιον,
1023 5112 1103 5165 BDE'
1218 5113 1245 5180 q)
1271 5112 1327 5163 ΒΕ
1344 5136 1375 5154 =
1393 5110 1468 5173 m·
1498 5108 1621 5163 simeoni
1646 5111 1686 5171 Β,
1716 5108 1830 5164 Silicuni
1856 5110 1886 5177 0,
1918 5110 1989 5163 wohl
2017 5127 2073 5163 uttr
2100 5110 2186 5162 does

694 5185 885 5251 Emanium
908 5182 1031 5237 Sericuni
1049 5185 1077 5235 N
1081 5183 1111 5239 U.
1130 5183 1159 5247 1,·
1181 5180 1295 5236 Silicnui
1313 5181 1375 5236 n’t'.
1394 5181 1429 5234 11
1496 5184 1521 5247 r)
1542 5180 1683 5234 honoreC
1751 5182 1774 5249 s)
1795 5182 1860 5234 0=
1875 5182 1938 5237 ΝΠ.
1956 5182 1979 5237 Ι.
1997 5182 2032 5234 11
2034 5206 2042 5247 ,·
2065 5179 2186 5236 (denonis

695 5257 776 5309 BDE'
847 5255 870 5324 ι)
887 5254 1163 5319 t'o'.=n*tu1.11,·
1187 5255 1255 5318 fehlt
1274 5255 1303 5305 ie
1322 5253 1392 5306 allen
1474 5256 1504 5317 ιι)
1532 5252 1559 5305 ίιι
1579 5251 1662 5307 Leur.
1686 5268 1749 5305 cum
1774 5251 1855 5306 terrie
1874 5252 1902 5319 0,
1927 5268 1967 5304 uo
1990 5252 2041 5306 (lue
2064 5254 2187 5319 soluturis
2204 5261 2232 5303 tt

695 5329 736 5381 dis
761 5344 824 5379 rum
852 5327 961 5379 &ilites
987 5327 1033 5379 des
1059 5326 1196 5379 Coeum
1222 5326 1290 5389 fehlt
1410 5326 1436 5389 v)
1463 5324 1539 5376 B=
1561 5324 1624 5378 ΝΠ.
1645 5324 1667 5379 Ι.
1688 5323 1733 5389 ΙΙ,·
1761 5323 1865 5392 cempis
1891 5322 1978 5376 uineis
2005 5324 2060 5377 DE
2078 5348 2109 5369 =
2128 5324 2185 5377 ΡΗ.

694 5408 729 5465 w)
749 5398 852 5466 cempis
864 5399 889 5450 Β
952 5400 981 5466 ιι)
997 5401 1158 5469 preceptum
1172 5397 1197 5449 B
1259 5398 1288 5464 y)
1307 5395 1534 5463 archyepiscopus
1548 5395 1573 5447 B
1636 5396 1660 5463 z)
1677 5395 1734 5450 VU.
1750 5421 1781 5439 =
1796 5396 1826 5447 N
1830 5394 1861 5450 U.
1875 5394 1897 5449 Ι.
1911 5394 1947 5447 11
1947 5419 1957 5461 ,·
1973 5394 2041 5459 sebit
2058 5397 2088 5446 s'n
2108 5396 2188 5448 BDE

694 5474 721 5535 e)
742 5486 825 5538 supra
843 5468 910 5522 dicti
928 5470 1018 5535 BDE3
1038 5485 1120 5538 super
1136 5484 1181 5520 res
1198 5467 1254 5520 iem
1273 5466 1339 5520 dicti
1355 5467 1429 5527 VU.‚·
1452 5482 1535 5534 super
1552 5465 1634 5519 rebus
1653 5465 1720 5519 dicti
1739 5466 1835 5521 uit!
1901 5466 1931 5532 b)
1952 5467 2008 5519 dics
2025 5467 2099 5520 Wort
2115 5467 2187 5518 teus

693 5545 743 5594 mit
761 5541 904 5594 Rtlckeicltt
922 5543 978 5605 auf
992 5541 1048 5595 Do.
1060 5541 1084 5595 I.
1097 5543 1151 5591 258
1174 5538 1242 5591 auch
1265 5540 1295 5590 in
1313 5540 1362 5591 der
1378 5538 1436 5592 VU.
1454 5542 1565 5603 erpdnzt
1588 5539 1691 5590 toerden
1715 5543 1820 5591 micent
1909 5541 1935 5605 c)
1958 5538 2051 5603 Bou,-
2075 5537 2186 5606 eiusque

694 5629 861 5666 successores
875 5613 947 5677 VU.;
971 5611 1051 5679 eique
1074 5626 1242 5664 successores
1260 5610 1291 5661 N
1294 5609 1360 5673 Ul,
1385 5625 1414 5660 so
1435 5609 1499 5662 dass
1523 5608 1739 5675 moolicbemcesbe
1764 5610 1833 5661 autb
1857 5611 1887 5661 in
1906 5625 2026 5663 summ
2044 5610 2078 5664 D.
2097 5625 2127 5663 so
2143 5626 2187 5676 pe-
2205 5618 2234 5659 to

693 5685 806 5737 stunden
818 5684 865 5735 bot
879 5685 935 5735 trud
946 5685 994 5734 der
1006 5683 1101 5734 Febler
1113 5684 1141 5732 s'u
1153 5682 1201 5734 der
1214 5680 1301 5744 Ouellc
1313 5696 1362 5731 con
1376 5680 1462 5743 BDE,
1481 5682 1529 5731 wie
1541 5683 1570 5731 iu
1583 5682 1631 5732 der
1643 5681 1705 5735 Nu.
1715 5682 1755 5745 ΙΙ,
1773 5680 1913 5734 verberent
1926 5683 1961 5734 iet
2014 5678 2043 5747 d)
2061 5680 2188 5735 datm

694 5756 771 5820 fehlt,
798 5757 845 5807 sotis
864 5758 891 5806 s'u
910 5755 958 5806 der
975 5755 1030 5807 VU.
1051 5755 1107 5804 und
1125 5754 1175 5805 den
1194 5752 1293 5815 Nt'U,
1321 5750 1412 5814 deum,
1437 5752 1488 5803 das
1505 5752 1562 5804 cleo
1583 5753 1652 5805 ancli
1670 5754 1700 5803 s'u
1719 5753 1776 5807 DO.
1790 5752 1813 5808 I.
1826 5755 1880 5805 256
1897 5753 1969 5804 unilt
1987 5752 2060 5804 tous
2075 5756 2187 5818 modest

695 5827 797 5880 woden
815 5826 897 5879 sollers
968 5830 994 5891 e)
1016 5823 1154 5877 delectent
1171 5825 1237 5891 DE3
1257 5821 1383 5885 delectet,
1401 5839 1471 5877 corr.
1490 5840 1542 5874 asts
1561 5822 1707 5891 delectent,
1726 5823 1752 5875 B
1822 5822 1846 5892 s)
1865 5838 1957 5879 eutem
1975 5822 2057 5875 Bou
