4760 6512
825 486 1062 543 HEINRIOH
1084 487 1123 542 11.
1165 486 1260 543 1013.
1804 478 1868 540 293

219 682 339 758 scopo⁸
373 671 509 758 aliisque
545 671 639 736 malis
674 672 880 737 hominibns⁸
917 675 1007 759 passi
1045 674 1188 756 fuerant,
1226 673 1484 738 misericordiam
1522 683 1666 736 nostram
1704 672 1869 758 supplices

220 789 403 859 oraverunt,
426 789 462 842 ut
484 790 619 865 propter
640 778 822 844 remedium
845 790 878 843 et
901 780 1038 845 salutem
1061 781 1169 869 anime
1192 791 1302 844 nostre
1326 781 1481 843 universa
1503 778 1619 865 predia
1641 791 1674 843 et
1697 802 1748 843 res
1773 801 1868 843 cano·

219 886 292 973 nice
316 884 479 949 facultatis
502 884 611 949 beatib
634 886 791 971 martyri⁰
815 885 1012 969 Uincentiid,
1044 887 1108 951 duo
1133 885 1258 951 scilicet
1279 897 1425 950 mercata
1448 885 1489 950 ab
1513 884 1692 950 Adelberto
1716 907 1867 949 reveren-

219 992 342 1056 tissimo
365 1003 495 1078 pastore
521 991 639 1057 collata
662 1004 694 1056 et
718 1015 922 1079 quecumque
946 992 1011 1057 alia
1034 1005 1109 1057 sunt
1131 992 1173 1057 ab
1196 994 1268 1078 ipso
1299 993 1420 1057 donata
1444 1015 1504 1056 nec
1528 1015 1593 1056 non
1617 1003 1650 1056 et
1673 992 1781 1057 omnia
1805 1015 1868 1077 quq

183 1097 260 1162 sab
283 1097 396 1162 Azone
420 1098 607 1163 venerando
637 1099 790 1185 pontifice
822 1122 880 1163 seu
910 1101 1027 1189 ceteris
1050 1100 1129 1162 viris
1160 1098 1257 1176 deum
1283 1098 1496 1187 [tilmentibus
1524 1111 1599 1162 sunt
1623 1121 1788 1181 concessa,
1820 1121 1868 1161 se-

219 1204 360 1269 cundum
383 1203 582 1270 voluntatem
613 1217 645 1269 ct
669 1206 905 1271 ordinationem
928 1205 1120 1270 donatorum
1143 1228 1203 1292 per
1226 1206 1451 1269 auctoritatem
1482 1217 1590 1270 nostre
1615 1205 1813 1269 defensionis
1838 1215 1870 1269 et

218 1313 364 1398 precepti
398 1312 500 1376 nostri
532 1313 687 1399 paginam
722 1314 770 1376 eis
803 1312 902 1377 liceat
936 1312 1094 1377 obtinere.
1148 1311 1295 1392 Quorum
1329 1311 1550 1397 petitionibus,
1584 1323 1621 1376 ut
1655 1313 1775 1375 iustum
1810 1325 1868 1394 est,

218 1418 471 1483 misericorditer
486 1430 667 1483 annuentes
682 1442 742 1507 per
760 1418 846 1483 hanc
864 1421 967 1484 nostri
985 1420 1132 1507 precepti
1151 1420 1304 1505 paginam
1323 1418 1551 1483 confirmamus
1572 1429 1605 1482 et
1622 1417 1868 1482 corroboramus

219 1526 276 1607 eis,
308 1524 398 1589 salvo
422 1526 563 1589 honoree
587 1526 745 1612 episcopi,
776 1549 888 1591 omnes
919 1549 970 1589 res
995 1538 1027 1590 et
1049 1526 1220 1590 facultates
1243 1525 1390 1612 predicte
1415 1526 1581 1614 canonice,
1613 1527 1698 1589 sicut
1720 1526 1868 1611 superius

175 1654 201 1692 ro
220 1631 452 1717 comprehense
476 1642 560 1714 sunt,
592 1655 631 1696 eo
654 1632 809 1697 videlicet
832 1633 945 1697 ordine
969 1643 1004 1697 ut
1027 1632 1143 1697 amodo
1168 1633 1299 1696 inantea
1322 1632 1363 1696 ad
1387 1656 1480 1696 usum
1505 1643 1538 1697 et
1560 1632 1732 1696 utilitatem
1756 1644 1868 1717 sancte

220 1738 358 1827 ecclesie
382 1739 591 1803 servientium
622 1748 690 1803 tam
720 1740 783 1826 ipsi
807 1763 904 1826 quam
928 1751 961 1804 et
983 1762 1189 1804 successores
1213 1762 1325 1804 eorum
1347 1739 1490 1804 habeant
1512 1750 1646 1804 teneant
1667 1739 1867 1825 firmiterque

219 1845 417 1931 possideant,
448 1847 592 1909 omnium
622 1846 788 1910 hominum
819 1847 1074 1911 contradictione
1106 1856 1138 1910 et
1161 1848 1353 1933 repetitione
1377 1858 1509 1911 remota.
1555 1847 1780 1932 Precipientes
1810 1847 1868 1909 ita-

220 1975 282 2038 que
316 1953 509 2034 sanccimus,
545 1962 580 2016 ut
610 1952 717 2017 nullus
752 1952 820 2017 dux
855 1952 1120 2040 archiepiscopus
1155 1955 1328 2039 episcopus
1362 1954 1507 2018 marchio
1542 1975 1651 2018 comes
1684 1955 1868 2017 vicecomes

220 2058 380 2144 gastaldio
403 2082 464 2123 nec
488 2058 572 2122 ullus
596 2061 643 2123 rei
667 2059 818 2149 publicef
843 2070 978 2125 exactor
1000 2083 1057 2124 seu
1082 2060 1192 2147 aliqua
1222 2060 1315 2145 regni
1338 2061 1439 2124 nostri
1463 2082 1584 2145 magna
1606 2083 1772 2146 parvaque
1796 2083 1868 2146 per-

176 2187 300 2230 resona
318 2165 481 2252 predictos
501 2167 676 2239 canonicos
694 2166 747 2230 vel
768 2189 973 2231 successores
992 2190 1114 2249 eorum,
1139 2168 1196 2253 qui
1215 2190 1273 2253 pro
1293 2177 1438 2253 tempore
1461 2167 1504 2230 ad
1522 2167 1649 2253 prefata
1668 2166 1869 2230 venerabili⁸

220 2274 344 2336 sanctiss
367 2272 440 2337 loca
463 2272 523 2336 deo
555 2274 705 2337 servituri
735 2285 819 2354 sunt,
851 2273 891 2337 dc
922 2297 1021 2360 supra
1051 2275 1180 2360 scriptis
1211 2274 1308 2337 rebus
1338 2273 1511 2337 disvestire
1541 2273 1713 2338 molestare
1741 2273 1794 2337 vel
1822 2275 1868 2336 in-

220 2381 367 2467 quietare
386 2389 561 2466 presumat.
602 2379 637 2445 Si
657 2381 729 2466 quis
748 2403 836 2461 vero,
862 2379 949 2466 quod
967 2380 1110 2444 futurum
1130 2404 1195 2444 non
1214 2379 1387 2462 credimus
1407 2380 1503 2444 huius
1522 2392 1631 2469 nostre
1650 2381 1868 2466 preceptionis

220 2486 358 2550 violator
381 2486 535 2559 extiterit,
559 2488 642 2550 sciat
665 2510 699 2549 se
723 2485 823 2549 libras
848 2498 978 2551 centurn
1002 2489 1072 2551 auri
1092 2489 1205 2574 optimi
1227 2488 1489 2573 compositurum,
1514 2486 1722 2551 medietatem
1745 2487 1870 2551 scilicet

220 2616 347 2679 camere
378 2606 487 2681 nostre
518 2595 570 2657 cth
599 2595 786 2657 memoratis
817 2595 983 2658 canonicis
1014 2594 1066 2658 vel
1097 2617 1208 2658 eorum
1239 2593 1482 2657 succesoribusi
1516 2593 1661 2657 alteram.
1708 2592 1804 2672 Quod
1834 2605 1869 2656 ut

174 2722 201 2760 20
218 2700 328 2764 verius
353 2699 505 2764 credatur
528 2699 778 2785 diligentiusque
803 2699 845 2763 ab
864 2699 1014 2764 omnibus
1034 2699 1235 2782 observetur,
1259 2700 1321 2765 hoc
1340 2711 1530 2786 preceptum
1550 2700 1625 2764 inde
1650 2701 1869 2786 conscriptum

220 2830 318 2871 manu
341 2807 473 2893 propria
497 2806 725 2870 confirmantes
749 2806 847 2892 sigilli
869 2808 970 2871 nostri
994 2809 1206 2894 impressione
1230 2808 1382 2872 iussimus
1406 2808 1566 2893 insigniri.

325 3089 541 3180 {Heinricus
564 3093 637 3156 vice
661 3092 823 3156 Euerardi
847 3093 993 3179 episcopi
1017 3105 1049 3157 et
1072 3092 1326 3179 archicapellani
1350 3094 1549 3179 recognovit.
1573 3091 1591 3182 ᾖ
1701 3102 1757 3169 (SI.
1773 3100 1824 3168 D.)

325 3234 448 3299 Datum
464 3257 549 3298 anno
564 3235 802 3298 incarnacionis
819 3233 1002 3300 dominicae
1020 3223 1125 3317 l'txnl,
1149 3234 1313 3299 indicione
1329 3223 1377 3317 th,
1400 3259 1485 3300 anno
1501 3259 1579 3300 vero
1595 3235 1705 3300 domni
1721 3235 1868 3299 Heinrici

174 3362 201 3401 rs
219 3342 305 3428 regis
330 3341 465 3406 secundi
488 3342 654 3427 regnantis
677 3330 729 3423 ἧς
758 3353 866 3406 actum
890 3341 1169 3428 magedeburch&
1198 3341 1337 3406 feliciter
1360 3365 1465 3407 amen.

999 3651 1090 3738 255.

220 3823 397 3916 Heinrich
423 3837 590 3895 enecat
612 3825 708 3896 seiae
731 3823 908 3897 ‘Urlrande
933 3850 1005 3897 von
1037 3839 1128 3898 1007
1159 3824 1250 3896 tiber
1276 3823 1335 3896 die
1359 3823 1559 3922 Beilepocp
1592 3823 1653 3897 des
1681 3823 1866 3900 Gaudere-

218 3942 352 4015 lreimer
372 3939 519 4016 Strata
539 3942 710 4015 zwisclrea
737 3942 818 4015 den
839 3941 1065 4041 Erebischof
1082 3942 1235 4042 Willipis
1253 3968 1325 4014 von
1348 3941 1475 4014 Maior
1499 3942 1581 4015 aad
1602 3942 1680 4015 dem
1704 3942 1867 4042 Bisaltas

218 4060 427 4135 Bmword
450 4087 523 4133 ooo
549 4060 782 4133 Hildesheim.
1479 4088 1577 4147 Werla
1601 4089 1679 4147 1013
1701 4119 1744 4126 -
1767 4119 1820 4147 -,

327 4269 571 4343 Oripinaldiplom
595 4270 634 4327 im
658 4270 686 4327 lc.
706 4268 906 4327 Stoatsarclsir
928 4288 963 4327 za
986 4268 1145 4327 Haesere·
1170 4269 1241 4335 (A).

324 4411 494 4486 Horcrbery
510 4412 590 4470 Hist.
606 4411 809 4470 canda-rtem.
823 4414 885 4470 526
899 4432 952 4469 ores
963 4412 1124 4484 rtbsclrrist.
1138 4442 1182 4448 -
1197 4411 1367 4469 Hartzlscim
1387 4410 1516 4468 Concilio
1533 4409 1630 4468 Gerra.
1648 4412 1676 4478 3,
1689 4410 1729 4467 10
1744 4428 1797 4467 aaa
1811 4410 1866 4468 nt-

323 4518 430 4590 schrift
445 4519 590 4577 Eclrlorts
606 4520 656 4577 mit
673 4520 711 4578 X.
729 4520 791 4577 kal.
809 4519 886 4577 febr.
904 4520 1012 4577 indict.
1022 4519 1076 4587 VI,
1093 4538 1121 4577 a.
1135 4521 1194 4576 inc.
1209 4518 1329 4585 MVIII,
1346 4536 1374 4575 a.
1388 4535 1474 4593 regn.
1484 4518 1537 4574 VI.
1551 4546 1594 4554 -
1610 4516 1711 4575 Kotes
1729 4517 1759 4575 ia
1775 4517 1868 4575 Neues

326 4626 424 4711 rtotcrl.
444 4625 553 4684 Archiv
573 4628 619 4695 13,
634 4628 697 4684 268
717 4626 783 4683 22⁰4
806 4644 858 4683 aas
876 4624 934 4683 Mc.
957 4644 1009 4683 roa
1027 4625 1191 4699 Hoffmann
1209 4626 1277 4683 Ast.
1299 4624 1486 4683 Hildesheim.
1511 4625 1562 4683 rsit
1581 4626 1619 4684 X.
1640 4626 1703 4683 kal.
1724 4626 1802 4684 febr.
1824 4654 1867 4662 -

326 4731 505 4791 Schaomaaa
520 4732 618 4791 Gessit.
635 4732 684 4790 des
700 4732 887 4789 riedersr‘r'rlrs.
902 4732 987 4790 Vella
1004 4731 1171 4806 (Gottirpcn
1186 4733 1277 4798 1839)
1295 4732 1354 4789 345
1369 4732 1525 4790 circadalia·
1540 4733 1593 4789 nsit
1609 4733 1647 4789 X.
1661 4733 1722 4789 hal.
1734 4732 1812 4790 febr.
1824 4761 1867 4768 —

165 4931 196 4973 sb
288 4916 353 4973 stt.
380 4916 703 4986 [IraschitzerBresslau]
747 4924 772 4981 a)
792 4915 921 4985 episcopo
941 4917 1055 4986 aliisque
1078 4917 1156 4969 malis
1175 4917 1331 4970 hominihus
1351 4936 1400 4970 son
1417 4918 1533 4983 ylemher
1552 4918 1637 4969 Hand
1656 4920 1703 4968 mit
1721 4918 1866 4969 dunklercr

382 4990 459 5040 Tinte
476 4990 653 5053 oasitanum
675 4990 724 5039 der
741 4990 951 5055 urspritnqliclre
973 4991 1037 5041 Text
1057 4992 1091 5041 ist
1109 4989 1181 5041 nicht
1200 4990 1287 5041 katar
1359 4990 1388 5058 b)
1407 4989 1534 5042 dalrr'rrter
1552 4990 1654 5053 Rosur,
1676 4989 1867 5055 urspmlayls'clr

379 5061 448 5111 wohl
465 5060 609 5112 beatorum
664 5063 689 5117 ct
706 5077 749 5110 om
770 5061 846 5111 Eride
864 5062 909 5112 des
928 5062 1027 5113 Wortes
1045 5062 1152 5120 Roaiam·
1175 5062 1369 5128 urspraaylich
1387 5062 1468 5111 stand
1485 5061 1572 5112 acher
1590 5064 1712 5126 nrsrtyru
1772 5058 1802 5123 d)
1820 5076 1868 5111 om·

378 5130 517 5184 Uincentii
534 5136 654 5196 pressere
670 5132 771 5195 Bostar,
790 5147 820 5183 so
835 5132 899 5183 dass
908 5133 975 5195 jctzt
991 5135 1033 5183 cin
1049 5134 1131 5185 leerer
1146 5132 1235 5183 Reum
1252 5133 1303 5195 fils·
1319 5138 1383 5183 αισα
1400 5134 1515 5183 10-12
1532 5132 1697 5183 aarum
1714 5132 1867 5182 verbanden

377 5207 426 5263 ish·
450 5219 476 5255 es
494 5204 574 5255 stand
592 5203 682 5255 hdrlsst
702 5203 921 5254 wahrsclrss‘nls‘ch
941 5202 1094 5255 Alexandri
1119 5207 1218 5269 atque·
1245 5205 1301 5254 sine
1322 5204 1491 5267 Unterhtnye,
1518 5204 1576 5255 dem
1601 5220 1618 5268 q
1645 5219 1693 5255 oon
1712 5206 1794 5269 atque
1813 5210 1868 5254 sst-

377 5276 528 5342 spreclrsnd,
555 5278 589 5326 at
613 5275 678 5325 noch
703 5275 861 5328 crkmnbar.
899 5274 969 5325 Eine
986 5275 1043 5325 dena
1064 5275 1098 5329 D.
1117 5274 1272 5339 tellemar
1291 5276 1369 5341 (hpr‘c
1387 5276 1432 5326 des
1450 5278 1491 5328 13,
1505 5275 1553 5329 Jlt.
1574 5275 1646 5325 least:
1673 5272 1746 5326 beati
1765 5273 1868 5326 Christi

378 5346 504 5413 martyris
522 5345 693 5397 invictissimi
708 5344 855 5411 Vincentii,
875 5363 931 5398 roos
949 5345 1035 5398 siclam
1053 5346 1284 5411 assequenda
1304 5347 1366 5406 hair
1388 5347 1457 5398 arech
1475 5347 1518 5397 die
1536 5362 1586 5397 ron
1605 5345 1679 5411 lapi
1695 5350 1721 5410 2,
1736 5348 1789 5396 457
1807 5349 1868 5396 mit-

375 5419 495 5481 pethcr'lte
512 5418 619 5482 Lesuny
636 5420 709 5469 einer·
726 5418 843 5469 ondam
855 5420 988 5483 jasperen
1006 5418 1146 5481 Abschrift
1165 5417 1239 5471 beati
1258 5416 1358 5469 Christi
1377 5417 1495 5469 martiris
1514 5414 1668 5470 Alexandri
1687 5421 1715 5468 et
1727 5415 1867 5469 Vincentii

378 5490 521 5556 cntsprr'rlrt
539 5490 597 5540 dem
616 5489 822 5553 Schriftbefund
840 5490 913 5539 naht
931 5490 1010 5552 atllrssq
1094 5494 1119 5555 e)
1136 5489 1211 5541 salvo
1231 5488 1334 5541 honore
1354 5506 1402 5541 oon
1419 5489 1535 5553 pleiote-
1553 5488 1637 5538 Hcmd
1655 5491 1703 5538 mit
1722 5488 1867 5540 dunklerer

382 5561 459 5612 Timo
477 5562 533 5624 auf
543 5561 652 5619 Bassam·
670 5560 718 5610 der
735 5560 941 5627 urspranplr'ohe
958 5560 1025 5612 Text
1044 5564 1077 5613 iat
1096 5562 1170 5613 nicht
1189 5561 1291 5619 laedor:
1309 5563 1338 5610 in
1357 5561 1405 5611 der
1417 5559 1481 5613 ΝΠ.
1495 5561 1610 5627 Stumpf
1620 5559 1683 5623 Ray.
1697 5562 1763 5610 1911
1780 5560 1867 5622 sehim

377 5633 420 5683 dio
439 5632 525 5683 ll'orte
543 5631 618 5682 salvo
637 5630 699 5685 hou.
720 5630 840 5698 episcopi
900 5632 924 5687 lt
944 5631 962 5681 b
980 5648 1050 5686 corr.
1069 5650 1157 5700 cusp
1217 5634 1246 5699 g)
1262 5632 1354 5683 hister
1371 5630 1521 5683 venerabili
1546 5631 1603 5682 und
1625 5630 1712 5683 sancti
1728 5631 1869 5692 linearem

377 5703 570 5770 ursprrlnplr'ch
586 5704 666 5753 nond
682 5702 878 5754 venerabilium
897 5707 1069 5764 raucorum·
1087 5705 1130 5755 die
1148 5705 1266 5755 rosilon
1284 5704 1373 5754 temen
1393 5705 1420 5753 in
1441 5704 1475 5756 N.
1489 5702 1507 5754 d
1526 5703 1678 5754 erwdhnten
1695 5703 1868 5768 Abschm'ften

377 5790 414 5825 aa
438 5775 524 5825 dieser
548 5774 623 5825 Stella
647 5774 783 5839 qebotenen
809 5775 947 5839 hatnoen
971 5776 1034 5826 sind
1057 5792 1129 5839 yona
1154 5775 1345 5827 unbrorwhbor
1442 5774 1470 5833 ht
1495 5780 1524 5827 ct
1548 5775 1603 5837 aus
1620 5774 1714 5826 Rasin·
1805 5775 1823 5825 ir
1842 5781 1866 5828 A

377 5844 406 5912 k)
425 5846 473 5896 cler
493 5846 632 5897 (literaria
651 5845 775 5896 vieller'rht
793 5846 996 5912 nochqetrupea.
