4760 6512
551 400 616 462 310
1153 403 1614 461 KAISERURKUNDEN.

661 602 794 673 Versum!
825 620 876 659 ron
906 601 974 669 GB,
1004 601 1056 659 der
1082 601 1128 659 die
1155 600 1290 659 l'rluade
1319 602 1389 659 orrclr
1419 602 1593 675 year-trieben
1624 601 1685 669 tar,
1717 601 1770 659 nie
1798 601 1845 660 die
1874 601 2081 675 Nardultmnap
2108 601 2193 658 seiae·

657 708 840 781 Seliillzr‘tqe
868 709 897 765 ia
924 707 948 765 C
972 708 1111 765 erkeuaea
1133 708 1214 765 Ilicet.
1238 736 1282 745 —
1305 707 1364 766 Die
1390 708 1526 766 l'rltuade
1554 708 1620 766 leura
1651 708 1704 765 mit
1733 708 1786 766 dea
1815 709 1994 783 peulreultea
2024 708 2131 767 Gr's'lem
2159 728 2191 764 uo

657 816 777 874 Ii'loster
800 815 1008 887 Abdiaqleosea

658 994 716 1053 40.)
740 982 757 1072 ᾖ
781 984 817 1047 In
841 985 971 1047 nomine
995 995 1128 1047 sanctae
1152 996 1184 1047 et
1207 982 1375 1063 indisidue
1399 983 1562 1047 trinitatis,
1602 983 1777 1047 Heinrieus
1801 982 1913 1048 divina
1936 983 2106 1047 ordinante
2129 1006 2194 1069 pro

550 1092 695 1156 videntia
715 1114 784 1154 rex.
893 1089 929 1154 Si
947 1090 1182 1154 aecclesiarum
1202 1089 1254 1153 dei
1274 1088 1556 1154 sublimationibus
1575 1091 1663 1154 omni
1685 1089 1791 1154 studio
1811 1091 2015 1161 inseruimus,
2034 1089 2052 1178 ᾖ
2071 1104 2220 1168 aetemes

550 1197 770 1263 retributionis
794 1198 917 1282 premia
940 1195 1035 1260 nobis
1058 1196 1197 1261 affutura
1217 1219 1289 1260 esse
1309 1217 1487 1283 speramus.
1528 1196 1738 1283 erapropter
1756 1199 1898 1261 omnium
1917 1197 2061 1261 fidelium
2081 1196 2195 1261 Christi

550 1306 747 1393 presentium
781 1303 904 1367 seilicet
937 1326 976 1366 ac
1011 1303 1191 1367 futurorum
1226 1304 1354 1367 noverit
1388 1304 1597 1381 universitas,
1633 1303 1774 1390 qualiter
1806 1304 2036 1369 Meinunereus
2069 1318 2195 1368 sanetae

549 1409 865 1477 Patherbrunnensis
889 1409 1070 1474 acclesiae⁸
1095 1408 1292 1473 venerabilis
1315 1411 1490 1497 episeopus
1514 1412 1623 1473 omnia
1645 1409 1771 1496 predia,
1804 1433 1887 1497 quae
1911 1410 2110 1475 hereditario
2133 1413 2196 1474 iure

549 1518 749 1605 possederat,
780 1517 875 1581 matri
899 1540 956 1599 sue
979 1515 1106 1580 adalae
1130 1515 1337 1580 contradidit.
1383 1516 1513 1580 Dehinc
1544 1518 1616 1601 ipsa
1645 1539 1718 1581 cum
1742 1540 1842 1581 manu
1864 1519 1973 1581 mariti
1995 1532 2028 1582 et
2051 1518 2197 1583 advocati

549 1626 599 1689 sui
629 1623 794 1688 Balderici
825 1624 951 1687 comitis
982 1646 1057 1687 cum
1087 1645 1248 1687 consensu
1278 1623 1376 1687 etiam
1407 1622 1562 1687 heredum
1594 1623 1709 1687 eadem
1739 1623 1855 1710 predia
1884 1626 2080 1710 potestative
2109 1623 2197 1689 nobis
2214 1650 2233 1687 o

549 1732 693 1795 donavit.
740 1730 785 1793 At
807 1753 866 1793 nos
890 1742 1067 1816 perpetuae
1092 1728 1303 1794 beatitudinis
1334 1751 1391 1814 spe
1422 1750 1460 1792 ac
1485 1730 1540 1816 pia
1564 1730 1681 1816 prefati
1706 1731 1851 1817 episcopi
1876 1731 2051 1819 dilectique
2076 1732 2197 1818 nepotis

549 1839 665 1918 nostri,
697 1838 752 1923 qui
784 1860 818 1901 se
850 1837 1022 1922 omniaque
1054 1859 1113 1900 sua
1143 1835 1254 1899 divino
1285 1836 1418 1900 servitio
1448 1838 1637 1922 mancipare
1668 1837 1804 1921 gaudet,
1836 1861 1933 1923 prece
1964 1851 1996 1902 et
2029 1838 2197 1903 devotione

550 1945 739 2009 commoniti
769 1943 884 2029 predia
913 1943 1027 2006 eadem
1059 1942 1201 2029 legitime
1233 1941 1327 2007 nobis
1358 1942 1487 2024 tradita,
1518 1943 1603 2007 inter
1632 1967 1716 2030 quae
1749 1945 1944 2032 principales
1975 1947 2103 2009 cortesl
2130 1960 2198 2008 sunt

550 2053 627 2135 iste:
652 2049 787 2129 ll'idnn,
810 2050 906 2125 nimi,
931 2048 1097 2127 Meribiki‚
1118 2048 1285 2129 Goltbike,
1305 2048 1540 2123 Dodenhuson,
1565 2074 1639 2114 curn
1658 2050 1938 2137 appertinentibus
1957 2051 2042 2116 villis
2063 2066 2095 2116 et
2115 2075 2198 2115 man-

550 2159 645 2244 cipiis
668 2158 836 2243 utriusque
861 2179 958 2219 sexus
982 2155 1073 2219 silvis
1097 2157 1158 2219 tiis
1183 2168 1215 2219 et
1237 2157 1335 2220 inviis
1359 2155 1502 2220 exitibus
1526 2170 1559 2221 et
1578 2155 1735 2221 reditibus
1754 2157 1949 2223 molendinis
1968 2157 2233 2245 piscationibusu

549 2265 681 2352 pascuis
712 2261 940 2327 venationibus
971 2263 1127 2349 quaesitis
1158 2275 1190 2326 et
1219 2263 1422 2349 inquirendis
1452 2262 1668 2350 omnibusque
1699 2263 1908 2337 utensilibus,
1944 2289 2028 2351 quae
2060 2265 2198 2353 quolibet

550 2372 646 2437 modo
670 2369 735 2436 dici
759 2370 813 2434 vel
837 2370 996 2434 nominari
1014 2381 1160 2456 possunt,
1185 2382 1316 2433 sanetae
1336 2369 1622 2434 Paderbrunnensi
1641 2371 1823 2436 acclesiae⁸
1843 2372 2052 2436 inhonorem
2072 2386 2198 2437 sanetae

550 2478 605 2543 dei
620 2479 787 2564 genitricis
803 2477 928 2541 Mariae
945 2477 1115 2562 sanctique
1135 2475 1269 2562 Kyliani
1292 2477 1434 2540 martiris
1458 2500 1496 2541 ac
1521 2476 1610 2541 beati
1629 2477 1754 2542 Liborii
1778 2479 1974 2543 confessoris
1998 2494 2198 2545 constructae

550 2608 610 2671 per
632 2584 717 2649 haue
741 2584 884 2669 regalem
904 2584 1058 2669 paginam
1077 2582 1242 2669 largimur,
1267 2585 1410 2647 omnium
1430 2584 1597 2648 hominum
1616 2585 1874 2649 contradictione
1893 2597 2026 2649 remota.
2067 2588 2199 2673 Insuper

551 2693 651 2756 etiam
673 2690 776 2778 regali
799 2692 992 2754 auctoritate
1016 2691 1225 2777 precipimus,
1255 2702 1291 2754 ut
1321 2690 1409 2754 nulla
1439 2691 1542 2754 trraior
1565 2692 1712 2755 minorve
1736 2714 1876 2777 persona
1900 2692 2010 2778 aliqua
2032 2693 2198 2758 iudiciaria
2213 2714 2233 2752 a

550 2809 711 2886 potestate
734 2799 768 2861 iu
799 2797 923 2861 eisdem
952 2796 1074 2883 prediis
1106 2818 1140 2859 se
1171 2797 1372 2877 intromittat,
1403 2799 1465 2860 nisi
1495 2797 1684 2879 advocatus,
1720 2822 1816 2886 quern
1847 2800 1993 2864 eiusdem
2023 2801 2198 2866 aecclesiae

550 2907 725 2991 episcopus
749 2903 811 2967 sibi
836 2903 945 2990 eligat.
992 2904 1027 2968 Si
1059 2905 1131 2990 quis
1161 2914 1280 2985 autem,
1311 2903 1399 2990 qnod
1429 2903 1524 2975 absit,
1555 2905 1615 2969 hoc
1645 2918 1775 2970 nostrae
1807 2905 1990 2970 donationis
2013 2920 2198 2994 preceptum

552 3012 728 3097 infringere
753 3034 850 3074 arrsus
873 3010 981 3091 fuerit,
1013 3022 1144 3075 centum
1168 3009 1267 3074 libras
1291 3012 1361 3074 auri
1385 3011 1560 3097 persolvat,
1592 3027 1613 3075 L
1637 3012 1745 3076 eidem
1768 3013 1949 3077 aecclesiae
1974 3026 2007 3078 et
2029 3029 2052 3078 L
2077 3028 2197 3079 nostrae

552 3140 712 3183 camerae.
765 3118 808 3181 Et
838 3129 873 3180 nt
904 3115 985 3181 haec
1017 3130 1147 3181 nostrae
1177 3116 1358 3203 largitionis
1389 3119 1566 3182 auctoritas
1596 3119 1690 3183 firma
1720 3132 1752 3184 et
1782 3119 1974 3184 inconvulsa
2003 3132 2197 3208 permaneat

552 3224 613 3289 hoc
643 3235 834 3311 preceptum
864 3223 940 3287 inde
971 3225 1190 3310 conscriptum
1220 3247 1319 3288 manu
1349 3226 1481 3311 propria
1503 3224 1694 3289 roborantes
1719 3226 1824 3312 sigillo
1848 3240 1957 3291 nostro
1981 3229 2135 3293 iussimus
2157 3229 2232 3290 ina

552 3333 676 3417 signiri.

658 3453 676 3544 ᾖ
700 3456 836 3542 Signum
860 3455 971 3519 domni
993 3455 1141 3519 Heinriei
1166 3456 1302 3519 secundi
1325 3458 1413 3541 regis
1437 3458 1652 3522 invictissimi.
1676 3456 1694 3547 ξ
1740 3470 1804 3531 ill.)

657 3596 675 3687 ᾔ
699 3597 899 3661 (luntherius
923 3597 1136 3662 cancellarius
1160 3596 1232 3661 tice
1257 3597 1479 3663 Erehaubaldi
1503 3599 1779 3687 archicappellani
1802 3605 2000 3687 recognovit.
2025 3600 2042 3691 ξ

658 3740 747 3805 Data
764 3756 797 3804 v.
817 3764 892 3805 non.
912 3763 992 3804 mar.
1012 3740 1253 3811 indictionem,
1277 3763 1363 3803 atino
1383 3741 1566 3806 dominicae
1586 3743 1818 3807 incarnationis
1837 3743 2007 3809 millesimo
2023 3760 2102 3817 xlll,
2121 3766 2198 3809 anno

551 3870 629 3912 vero
653 3848 763 3912 domni
787 3848 934 3913 Heinrici
959 3847 1093 3913 secundi
1117 3849 1284 3933 regnantis
1303 3862 1354 3929 xl3
1384 3861 1491 3912 aetum
1510 3848 1636 3932 ll'erla3
1665 3850 1805 3915 feliciter
1828 3875 1934 3915 amen.
2214 3883 2234 3922 a

1330 4159 1423 4246 263.

552 4321 732 4394 Heinrich
757 4320 903 4395 sebenlt
928 4322 1007 4395 dan
1030 4320 1265 4419 Donacopitel
1288 4348 1329 4393 :u
1357 4321 1576 4395 Hildeslier'm
1604 4325 1683 4397 ciue
1707 4324 1779 4396 ilem
1807 4351 1879 4397 eoa
1904 4323 2099 4421 Gottfried,
2126 4325 2197 4398 dem

552 4438 673 4513 Soloe
699 4440 760 4513 des
789 4438 934 4537 Grofea
960 4440 1100 4531 BordO,
1128 4442 1353 4540 iibereipuete
1378 4441 1572 4542 Besitzung
1596 4469 1641 4516 zu
1667 4442 1773 4521 Ledi.

1709 4589 1888 4649 Hildeslteim
1909 4592 1986 4650 1013
2004 4591 2092 4651 Mitrz
2110 4594 2158 4650 26.

663 4763 906 4838 Oriyiuuldiplom
929 4766 969 4824 im
992 4768 1020 4824 lt.
1038 4766 1239 4826 Stoulsarelrir·
1261 4786 1295 4824 zu
1318 4766 1478 4825 Hmmorer
1502 4766 1573 4834 (A).
2216 4786 2237 4826 ts

660 4907 791 4965 Eclbort
805 4907 886 4966 Hier.
903 4927 963 4982 pen.
984 4907 1094 4967 Soron.
1114 4912 1174 4966 299
1198 4912 1228 4965 u⁰
1244 4912 1264 4967 8
1280 4928 1333 4966 (ries
1349 4909 1378 4966 B
1394 4930 1435 4955 =
1452 4910 1545 4968 Folle
1562 4908 1629 4969 Cod.
1647 4912 1723 4970 trud
1743 4910 1826 4971 Corb.
1843 4914 1907 4972 208
1931 4914 1984 4972 mit
1998 4913 2199 4988 maumites

661 5034 714 5072 atre
733 5013 772 5072 D.
790 5016 859 5072 259.
880 5044 923 5052 —
943 5014 1115 5073 Laetorstet'u
1136 5015 1302 5089 Descriptio
1325 5017 1412 5074 dioec.
1431 5017 1618 5075 Hildeelreim.
1637 5018 1694 5076 101
1718 5019 1783 5076 ²1⁰4
1806 5037 1860 5077 ates
1878 5020 2039 5091 Absrlttisl.
2059 5051 2102 5059 -
2124 5019 2199 5093 Orie-

662 5120 760 5191 Guels.
778 5122 808 5191 1,
823 5122 882 5179 134
906 5125 974 5180 ⁷1⁰2
996 5141 1049 5180 otis
1065 5123 1102 5180 B.
1120 5153 1164 5160 —
1184 5123 1308 5181 ‹lorrirlr
1327 5123 1391 5182 ΓΒ.
1412 5142 1465 5181 roa
1487 5123 1665 5182 Hildaslteim
1688 5127 1716 5194 1,
1732 5127 1770 5183 51
1792 5130 1824 5183 a⁰
1836 5128 1877 5184 57
1897 5145 1950 5185 ota
1969 5129 2005 5186 Α.
2022 5157 2067 5165 -
2082 5128 2202 5185 Bauer

661 5229 732 5303 Rep.
751 5230 838 5289 1097.
858 5259 901 5266 -
925 5227 1049 5303 Slumps
1064 5229 1134 5303 Rep.
1154 5231 1240 5287 1:381.

665 5371 796 5442 l'ersusel
827 5372 885 5429 tired
913 5371 1087 5446 peseloiebea
1120 5392 1171 5428 rou
1198 5370 1264 5429 GR.
1290 5400 1334 5408 -
1361 5360 1436 5429 lber
1459 5372 1545 5441 Ledi,
1576 5374 1629 5431 clos
1660 5375 1688 5431 iu
1718 5375 1765 5432 die
1788 5374 1874 5434 Studl
1897 5376 2017 5435 Gaurion
2046 5378 2200 5449 &obem
2217 5392 2238 5430 σο

660 5479 709 5547 itt,
732 5479 788 5551 egl.
809 5478 926 5553 Bartae
948 5478 1159 5552 Beselneibunp
1181 5478 1233 5535 det·
1256 5478 1345 5536 Suulo
1368 5479 1409 5537 im
1432 5480 1501 5537 Am!
1525 5480 1698 5539 Laueaslein
1724 5481 1845 5556 (Minoo
1865 5484 1958 5549 1711)
1980 5486 2084 5553 1,257
2100 5486 2124 5555 s.
2148 5480 2202 5539 aad

662 5584 782 5644 Lanae!
805 5584 863 5643 Die
886 5586 975 5643 (tltere
997 5584 1117 5643 Diiieese
1139 5585 1317 5642 Hildeslreim
1344 5587 1398 5643 131
1415 5588 1439 5656 f.

624 5769 689 5824 262.
714 5769 860 5840 [Bresslau]
897 5773 966 5839 a)C
1036 5772 1064 5821 br
1085 5772 1148 5824 Ns.
1161 5772 1276 5838 Stuatpf
1287 5772 1351 5838 Req.
1364 5776 1448 5833 1660;
1471 5777 1558 5826 sortes
1577 5775 1604 5828 C.
