4800 6516
1000 1565 1034 1652 l.

191 1728 370 1803 Heinrich
394 1728 544 1803 verleiit
568 1728 635 1803 der
657 1728 909 1828 biackbfliclcen
934 1728 1072 1802 Kirclae
1096 1752 1140 1801 za
1166 1725 1306 1801 Wormc
1332 1725 1404 1800 den
1430 1724 1629 1800 Wildboon
1659 1727 1750 1800 iiber
1775 1725 1847 1801 dea

191 1848 301 1923 Forat
324 1847 513 1922 Forehahi
538 1849 588 1921 im
616 1848 758 1923 Eiteia·
783 1846 866 1923 aad
888 1847 1127 1947 Lohdenpacc.
1426 1864 1541 1924 Worna
1557 1865 1638 1926 1002
1659 1864 1735 1926 Jaai
1751 1866 1798 1927 10.

302 2047 547 2123 Oriqiaaldiplom
568 2048 610 2105 im
632 2047 740 2122 prosali.
767 2045 967 2107 Staatsarcltiv
988 2065 1024 2106 za
1046 2044 1224 2105 Damastadt
1247 2042 1317 2110 (A).

300 2188 446 2248 Schoenei
472 2189 554 2247 Hiat.
581 2189 689 2248 Worm.
718 2191 749 2259 2,
774 2189 813 2247 34
834 2191 869 2247 π’
891 2189 933 2251 40
958 2206 995 2248 ec
1023 2188 1141 2247 archivo
1168 2187 1253 2260 epiec.
1281 2185 1421 2245 Wormat.
1447 2206 1489 2233 =
1512 2184 1613 2261 Miqae
1635 2184 1750 2245 Patrol.
1776 2187 1845 2258 140,

299 2296 361 2354 245
383 2296 417 2354 πθ
433 2297 480 2355 10.
504 2324 549 2334 -
574 2295 655 2372 Θήρ.
679 2295 777 2368 Gaelf.
802 2296 831 2366 4,
847 2297 909 2355 297
931 2313 985 2355 aaa
1005 2293 1036 2355 Ο.
1060 2324 1105 2333 -
1127 2293 1255 2353 Raima
1272 2291 1344 2367 Ray.
1364 2293 1435 2351 892.
1460 2321 1504 2331 -
1528 2290 1652 2368 Stampf
1665 2292 1737 2368 ch,
1756 2294 1844 2353 1307.

300 2436 409 2497 Aaaacr
430 2438 492 2497 dein
514 2457 569 2497 von
592 2437 649 2496 EA
671 2438 890 2513 iiazapesiiptca
912 2436 1097 2496 Eeciaokal
1118 2454 1175 2495 veo
1196 2435 1286 2494 eiam
1307 2435 1513 2506 unbdaaatea,
1537 2435 1771 2495 waltrccicialiclt
1794 2435 1846 2496 der

306 2544 451 2603 Wormeer
466 2544 577 2603 Kirclee
596 2544 784 2620 aaqeltdripea
798 2543 893 2603 Maon
911 2544 983 2603 eccle
1000 2543 1121 2619 Varlape
1134 2561 1190 2602 voa
1204 2540 1274 2601 DO.
1291 2541 1357 2601 III.
1373 2543 1413 2601 43
1433 2544 1560 2614 verfaaat
1579 2542 1639 2601 aad
1657 2543 1843 2617 aeschrieben.

299 2649 359 2709 Die
379 2649 605 2727 aramdhaliche
628 2649 756 2726 Stelluap
778 2651 827 2710 dee
848 2650 1064 2727 Moaopromma
1090 2668 1138 2708 om
1160 2649 1244 2709 aaa
1266 2649 1318 2709 der
1333 2647 1522 2724 Sipnamceile
1549 2650 1621 2709 tract
1642 2649 1739 2709 &aaa
1761 2650 1845 2709 aaclt·

300 2757 437 2833 adalais
465 2757 622 2834 Zosipanp
650 2758 815 2817 cannatina
844 2758 904 2818 aad
932 2758 1025 2817 uacet
1055 2757 1197 2817 ualeam
1224 2756 1342 2828 darauf
1366 2756 1431 2826 leia,
1463 2756 1531 2816 aaa
1561 2756 1637 2816 aciae
1665 2756 1758 2816 Form
1787 2761 1847 2816 crat

300 2865 464 2941 fastpeatellt
481 2865 588 2934 acarde,
611 2865 748 2924 accident
767 2865 821 2924 dae
835 2863 876 2924 D.
894 2865 996 2925 bereita
1012 2864 1189 2940 paraneten
1204 2882 1277 2923 war.
1302 2891 1346 2902 -
1369 2862 1415 2922 Za
1432 2863 1488 2922 dea
1509 2863 1698 2939 anpcqebcaca
1716 2862 1845 2924 Graeca

299 2971 348 3030 dea
368 2971 538 3031 Wildboona
559 2972 615 3048 cpi.
642 2971 679 3031 G.
702 2969 812 3031 Scaea
833 2990 870 3032 za
892 2970 1102 3045 Sciwcinebcrp
1124 2971 1167 3030 im
1188 2969 1496 3045 Karmena-Bion
1516 2971 1566 3030 des
1587 2969 1846 3031 Garammtvcreios

299 3078 351 3137 der
373 3077 521 3136 deturhat
545 3076 661 3136 Graecia·
684 3078 744 3137 aad
765 3077 1056 3138 Altertlcamevcreinc
1080 3078 1160 3137 1875
1182 3072 1216 3137 o⁰
1236 3078 1338 3137 3-6.

300 3252 358 3326 (C.)
388 3243 468 3334 {ln
494 3246 626 3310 nomine
655 3258 766 3311 sancte
791 3259 824 3312 et
850 3246 1021 3312 individue
1044 3247 1208 3312 trinitatis.
1254 3246 1463 3311 Heimricus⁸
1491 3244 1605 3310 divina
1627 3245 1757 3311 favente
1781 3245 1845 3312 cle·

149 3379 175 3419 1⁶
192 3354 316 3418 mentia
337 3375 408 3418 rex.
504 3371 641 3437 Quicquid
663 3388 712 3438 pro
732 3371 827 3423 divino
850 3388 943 3423 amore
962 3371 1086 3423 ecclesiis
1106 3372 1150 3423 dei
1169 3371 1345 3423 concedimus
1365 3379 1394 3422 et
1412 3372 1560 3451 donamus,
1585 3371 1614 3421 id
1640 3370 1734 3437 procul
1759 3371 1844 3423 dubio

193 3480 227 3529 ad
252 3487 406 3546 presentem
435 3486 463 3528 et
489 3478 607 3529 futuram
633 3480 718 3529 vitam
745 3475 759 3548 Ε
791 3481 871 3530 nobis
899 3480 1071 3546 profuturum
1099 3480 1157 3532 iore
1186 3480 1330 3531 credimus.
1377 3481 1549 3546 Quapropter
1577 3481 1697 3530 omnium
1726 3479 1845 3531 fidelium

193 3592 347 3637 nostrorum
370 3591 425 3635 tam
445 3586 610 3657 presentium
630 3601 711 3651 quam
731 3592 759 3635 et
777 3586 929 3636 futurorum
952 3588 1024 3637 sciat
1041 3587 1187 3649 industria,
1211 3586 1328 3653 qualiter
1350 3603 1400 3638 nos
1421 3587 1457 3637 ob
1476 3588 1659 3638 interventum
1677 3604 1694 3637 a
1714 3586 1844 3654 Willigisi

192 3685 372 3751 Mogontiaco
396 3683 469 3734 sedis
493 3684 642 3733 venerandi
666 3683 859 3753 archipresulis
884 3692 912 3735 et
934 3675 1084 3740 Heinrici
1107 3674 1387 3762 wirciburgensis
1415 3674 1575 3740 aeclesiae
1602 3674 1736 3739 illustris
1764 3676 1846 3740 anii-

192 3783 275 3846 stitis
299 3807 350 3842 nec
373 3807 429 3841 non
453 3796 481 3840 et
503 3803 563 3867 per
588 3791 749 3857 petitionem
768 3808 785 3840 a
809 3789 901 3841 dilecti
925 3793 1033 3857 nepotis
1052 3809 1069 3842 a
1096 3793 1183 3843 nostri
1202 3792 1311 3843 Ottouis
1336 3793 1413 3843 ducis
1438 3791 1511 3843 fideli
1535 3797 1630 3842 nostro
1652 3781 1844 3847 Burchardo

148 3906 175 3945 ιο
193 3890 402 3941 wormatiensis
428 3886 563 3938 aeclesiae
582 3887 732 3939 venerabili
759 3889 941 3955 aepiscopo⁸,
967 3906 1016 3956 pro
1036 3906 1070 3940 eo
1089 3889 1164 3956 quod
1182 3891 1262 3941 nobis
1282 3891 1384 3941 devoto
1403 3891 1496 3940 animo
1514 3891 1607 3957 sepius
1629 3890 1755 3950 servivit,
1780 3905 1844 3941 eon·

194 3990 325 4039 censimus
345 3988 449 4053 regium
468 3987 589 4036 bannum
607 3987 637 4035 in
654 3976 779 4041 forestu
794 3976 959 4041 Forehahi
982 3987 1171 4064 nuncupato
1191 4000 1211 4041 a
1228 3977 1308 4042 villa
1326 3977 1540 4043 Elmeresbah
1563 3978 1731 4042 nominata
1752 3978 1846 4042 iuxta

193 4087 322 4150 Renum
344 4085 441 4171 eiust,
465 4083 543 4148 inde
566 4105 668 4170 usque
693 4083 735 4147 ad
758 4082 973 4166 Heriueldon,
998 4083 1073 4148 hinc
1098 4086 1197 4149 etiam
1220 4084 1263 4150 ad
1284 4084 1424 4166 Bibiloz,
1448 4083 1526 4149 inde
1550 4107 1610 4171 per
1631 4084 1846 4172 rectampla-

193 4204 280 4255 team
303 4190 346 4255 ad
370 4190 580 4272 Otteresstat,
610 4190 700 4255 illinc
728 4201 852 4255 rectam
880 4188 1023 4276 plateam
1046 4190 1089 4255 ad
1113 4191 1266 4279 eclesiam
1290 4213 1374 4278 quae
1399 4200 1447 4255 est
1474 4192 1510 4255 in
1532 4188 1744 4278 Bezeingonb
1771 4192 1843 4275 sita,

193 4297 269 4361 hinc
299 4306 422 4361 rectem
452 4308 641 4360 montanam
670 4295 813 4383 plateam
843 4295 887 4361 ad
914 4296 1105 4380 Heberstat‚
1137 4298 1178 4363 ab
1206 4299 1385 4364 Heberstat
1414 4321 1474 4386 per
1502 4308 1627 4364 rectam
1656 4309 1844 4364 montanam

148 4430 175 4469 as
193 4404 335 4494 plateam
359 4403 402 4468 ad
416 4403 653 4485 Baeinesheim,
677 4403 755 4468 inde
773 4414 950 4490 pertatem
969 4415 1158 4471 montanam
1173 4404 1316 4493 plateam
1340 4406 1383 4471 ad
1394 4405 1616 4489 Winenheim,
1641 4405 1682 4470 ab
1698 4406 1844 4472 Uuinen·

193 4512 279 4576 heim
309 4533 370 4599 per
397 4522 521 4575 rectam
551 4521 739 4574 montanam
768 4510 912 4599 plateam
942 4510 985 4576 ad
1008 4511 1245 4577 Scriezesheim
1275 4513 1308 4576 in
1332 4511 1560 4595 Lobotuuaha,
1590 4511 1667 4577 hinc
1691 4511 1844 4578 deorsum

192 4641 294 4705 usque
324 4619 359 4682 in
388 4617 525 4682 fluvium
549 4618 742 4699 Naccarum,
773 4639 793 4682 a
822 4617 923 4682 fluvio
946 4618 1095 4683 Neeearo
1126 4641 1228 4705 usque
1259 4618 1302 4684 ad
1324 4620 1463 4701 Renum,
1494 4619 1571 4683 inde
1601 4642 1662 4706 per
1691 4620 1844 4685 universa

191 4726 276 4790 Beni
305 4724 416 4790 littora
439 4725 591 4790 deorsum
621 4747 723 4811 usque
754 4724 797 4789 ad
819 4723 1043 4789 Elmeresbah.
1091 4726 1211 4791 Omnia
1235 4726 1316 4791 haee
1339 4724 1413 4791 loca
1437 4726 1478 4791 ab
1501 4725 1716 4791 Elmereebah
1740 4750 1842 4814 usque

192 4832 235 4897 ad
257 4832 469 4897 Wineuheim
499 4844 574 4897 eunt
603 4833 638 4896 in
660 4832 896 4919 Rinecgouuue
927 4833 989 4897 sita
1018 4833 1054 4896 iu
1083 4833 1241 4897 comitatu
1265 4833 1413 4921 Gemugi
1442 4834 1584 4917 comitis,
1615 4833 1741 4921 reliqua
1763 4858 1842 4900 vero

146 4964 173 5003 ao
191 4938 265 5004 loca
287 4939 397 5004 iacent
419 4940 454 5002 in
469 4937 755 5026 Lobotungouuue
779 4939 814 5002 in
834 4940 990 5004 comitatu
1006 4939 1195 5026 liegingozi
1216 4941 1353 5005 comitis.
1388 4940 1487 5005 Hunc
1507 4940 1670 5028 prefatum
1685 4940 1842 5006 forestum

191 5069 265 5111 eum
290 5055 360 5110 tota
382 5046 570 5132 integritate
594 5057 627 5109 et
649 5046 810 5110 universis
833 5045 1028 5111 utilitatibus
1057 5045 1100 5111 ad
1123 5068 1157 5111 se
1181 5046 1420 5134 pertinentibus
1449 5057 1625 5108 concedimus
1649 5063 1744 5109 nostra
1766 5060 1842 5126 regia

190 5168 327 5229 potestate
347 5152 390 5217 ad
412 5164 561 5217 sanctum
584 5152 719 5217 Petrum
741 5152 999 5218 wormaciensis
1023 5153 1173 5241 eclesiae,
1197 5164 1322 5215 utnulla
1345 5154 1386 5219 de
1411 5177 1450 5220 eo
1473 5155 1597 5220 forestu
1621 5180 1739 5231 persona
1757 5182 1842 5232 parva

189 5262 249 5313 aive
273 5276 374 5327 magna
397 5259 517 5326 aliquam
540 5261 624 5311 ieram
643 5259 688 5311 vel
706 5261 822 5311 bestiam
846 5262 884 5311 ibi
903 5262 997 5311 venari
1016 5260 1059 5312 vel
1080 5277 1176 5328 capere
1200 5269 1248 5313 aut
1269 5263 1378 5329 insequi
1397 5268 1536 5330 presumat
1553 5264 1613 5314 siue
1632 5262 1743 5314 licentia
1761 5280 1841 5330 supe·

144 5398 149 5407 .
189 5361 245 5410 rins
264 5360 318 5410 iam
338 5359 404 5410 dicti
422 5359 584 5424 aepiscopi⁸
609 5349 649 5413 B.
673 5358 733 5408 aive
756 5374 947 5409 successorum
967 5359 1036 5409 eius.
1073 5360 1150 5410 Etsi
1170 5360 1222 5411 hoe
1245 5375 1327 5427 agere
1346 5360 1422 5426 quod
1440 5361 1513 5411 absit
1530 5361 1736 5428 presumpserit,
1760 5377 1841 5428 quem

145 5471 172 5513 te
189 5458 267 5524 regio
286 5458 354 5509 fisco
372 5456 481 5509 solvere
501 5456 595 5507 debuit
619 5457 726 5523 regium
744 5457 864 5506 bannum
884 5462 912 5506 et
929 5471 1038 5523 pacem,
1064 5456 1153 5507 adhuc
1179 5458 1207 5508 in
1227 5474 1308 5510 carne
1327 5459 1431 5509 viventi
1457 5459 1629 5526 aepiscopo·
1649 5459 1761 5525 suisque
1780 5476 1841 5511 suc·

152 5622 156 5627 ,
190 5565 346 5616 cessoribus
369 5564 472 5615 invitus
496 5562 648 5630 persolvat,
673 5570 701 5614 et
719 5563 826 5613 bannus
849 5578 881 5612 ac
900 5578 967 5629 pax,
992 5563 1065 5613 elcut
1083 5562 1144 5614 aliis
1164 5564 1312 5617 forestibus
1331 5581 1349 5617 a
1366 5566 1477 5632 regibus
1496 5564 1541 5617 vel
1558 5566 1767 5633 imperatoribus
1786 5568 1841 5618 iam

191 5689 351 5726 eoncessum
377 5682 432 5735 est,
458 5675 509 5725 snb
535 5681 668 5743 perpetuo
695 5674 755 5724 iure
782 5672 917 5724 aeclesiae
936 5672 1168 5725 Wormatiensis0
1193 5681 1220 5726 et
1244 5677 1479 5743 aepiscoporum⁸
1508 5678 1534 5728 ei
1559 5676 1761 5744 presidentium
1788 5693 1842 5729 eon

300 5864 325 5920 1.
354 5863 503 5935 [Bmsslau]
568 5866 640 5933 Μ
725 5862 985 5930 moecenas
1069 5866 1427 5935 e)aaot‘ortcccr.caeo

255 5986 458 6031 memnonem
472 5990 515 6033 111.
1613 5982 1626 6030 l
