4800 6516
835 476 1072 534 HEINRICH
1095 477 1133 533 Π.
1175 475 1271 533 1002.

1026 662 1092 748 aa.
1169 609 1171 613 ’

226 822 406 897 Heinrich
431 823 578 898 scleakt
602 823 668 897 der
692 850 765 898 voa
791 824 865 897 itm
890 850 955 897 zor
973 822 1231 897 Mutia-lorche
1257 821 1458 896 erlebenen
1482 821 1564 895 aad
1578 823 1645 895 mit
1660 821 1883 923 kdaipliclser

226 941 389 1016 Freibeit
412 943 586 1042 bepodten
611 944 718 1016 Alton
743 942 901 1040 Kopelle
925 969 970 1017 za
997 941 1231 1042 Repeasborp
1256 940 1327 1015 den
1357 938 1427 1016 Ort
1453 938 1749 1041 oder-Weiliap.

1295 1067 1480 1144 namura
1503 1070 1584 1129 1002
1607 1068 1767 1129 anemae
1785 1072 1837 1130 20.

337 1221 581 1296 Origiaoldtplem
602 1222 643 1281 im
665 1222 694 1280 lc.
718 1220 925 1280 Reiobsarcbiv
947 1240 983 1280 aa
1005 1221 1148 1280 Mamaea
1171 1219 1240 1288 (A).

336 1362 513 1423 Gescbiolts-
537 1363 596 1423 aad
617 1363 881 1439 recbtsucrldasiper
907 1363 1072 1423 Ualerricbt
1095 1364 1157 1422 128
1179 1362 1227 1422 eil.
1258 1390 1302 1400 -
1330 1360 1496 1436 Hepberger
1518 1360 1732 1437 Iebnopraplsio
1754 1362 1881 1423 Bubenb.

335 1472 364 1539 1,
382 1471 421 1529 49
443 1470 655 1545 aawllvtdndlp
677 1487 731 1529 uara
752 1468 789 1529 A.
813 1500 858 1509 -
881 1469 958 1529 Ried
975 1468 1039 1529 OD.
1056 1469 1171 1529 Rutisb.
1193 1470 1221 1539 1,
1238 1470 1299 1528 120
1320 1469 1354 1526 a⁰
1368 1469 1430 1526 128
1452 1485 1506 1527 ores
1528 1467 1555 1526 A
1579 1489 1621 1515 =
1645 1469 1745 1544 Mipae
1767 1468 1881 1529 Potrol.

306 1586 311 1595 ’
335 1578 404 1646 140,
419 1577 481 1635 243
495 1578 529 1634 o⁰
543 1577 571 1635 7.
596 1606 640 1615 -
663 1576 743 1636 Mon.
760 1576 854 1636 Boion
868 1577 940 1646 28⁰,
960 1577 1021 1637 302
1040 1579 1074 1634 πθ
1089 1577 1146 1635 196
1168 1593 1222 1634 aas
1243 1574 1280 1634 A.
1304 1604 1349 1613 -
1372 1574 1500 1633 Bdbmer
1514 1574 1586 1650 Rep.
1603 1576 1672 1634 918.
1696 1605 1741 1614 -
1765 1574 1888 1650 Stamps

333 1681 405 1758 aa.
426 1684 513 1742 1336.

338 1825 525 1885 Gesclriebea
546 1844 601 1883 voa
624 1824 679 1883 ΕΑ
703 1825 776 1883 oocb
798 1823 839 1883 D.
856 1827 898 1883 26
921 1824 989 1883 oder
1011 1824 1074 1883 dein
1098 1827 1151 1894 fiir
1173 1824 1249 1882 dieas
1270 1823 1407 1882 Urbaade
1428 1826 1622 1893 eatworseaea
1646 1821 1776 1897 Oorwepl.
1820 1823 1881 1899 Vpl.

335 1931 382 1990 die
408 1932 635 2005 Vorbemerlranp
656 1948 692 1989 zu
714 1929 755 1989 D.
775 1932 835 2002 26;
864 1931 910 1989 dic
932 1929 1140 1989 Dmsualnotiz
1160 1931 1208 1988 De
1232 1930 1431 2005 Uualebinga
1460 1930 1499 1987 iat
1527 1929 1605 1988 nicht
1635 1948 1689 1988 von
1718 1931 1770 1988 der
1792 1930 1884 1989 Hand

336 2037 385 2095 des
406 2036 471 2095 EA.
496 2066 541 2074 -
563 2037 623 2096 Mu
645 2037 760 2096 Janroer
784 2036 882 2095 Geecb.
907 2037 960 2095 der
974 2037 1112 2107 Biscbdfe
1134 2055 1189 2095 voa
1204 2035 1386 2111 Regnabarp
1406 2036 1434 2106 1,
1449 2035 1507 2093 441
1530 2035 1630 2094 mea
1653 2036 1710 2094 wir
1730 2036 1785 2095 dea
1803 2035 1882 2096 Orta-

336 2162 438 2201 uomea
467 2146 527 2213 aas
548 2143 769 2217 oder-Weib'ap
792 2162 831 2201 aa
853 2143 905 2202 der
927 2142 1024 2201 Laber
1047 2142 1236 2216 (Oberpfulz,
1260 2142 1334 2217 Ldg.
1359 2141 1532 2216 Parem),
1555 2142 1609 2200 mir
1631 2140 1789 2201 endecas
1811 2143 1883 2202 oracli

336 2250 458 2320 clarnos,
488 2250 557 2308 dues
578 2250 625 2308 die
653 2250 685 2307 in
707 2248 748 2308 D.
771 2251 808 2308 61
832 2250 883 2307 der
905 2248 990 2308 Alton
1013 2249 1136 2323 Kapelle
1161 2249 1342 2323 qescboaktea
1368 2247 1439 2306 Ortc
1460 2246 1566 2307 Dilrra
1593 2248 1653 2307 aad
1674 2248 1825 2308 Maalluclr
1851 2250 1883 2308 in

336 2356 553 2415 aamldelburer
575 2356 809 2427 Nocltborsclmll
831 2356 929 2443 liepea.

337 2532 395 2601 (C.)
419 2522 436 2612 ᾖ
459 2522 499 2586 In
521 2524 653 2588 nomine
677 2535 810 2587 sanctae
835 2534 867 2587 et
890 2522 1079 2588 individuae
1103 2521 1503 2593 trinitatis..Hein1iehua
1527 2522 1640 2586 divina
1662 2523 1794 2588 favente
1818 2524 1882 2589 ele·

228 2630 350 2693 mentia
372 2652 443 2693 rex·
552 2644 581 2694 si
596 2642 721 2710 collapsa
733 2650 871 2694 vetustate
890 2650 938 2694 aut
957 2642 1127 2709 negligentia
1145 2649 1303 2693 sanctorum
1324 2641 1387 2694 loca
1405 2658 1564 2708 reparamus
1583 2644 1667 2693 stibi
1687 2643 1781 2694 divino
1795 2643 1882 2695 cultui

229 2741 391 2806 mancipatis
409 2739 505 2805 aliqua
523 2741 633 2791 vivendi
653 2740 754 2792 solatia
773 2742 868 2791 devoti
886 2734 900 2806 ᾖ
919 2741 1093 2800 conferimus,
1118 2747 1145 2790 et
1168 2742 1197 2790 in
1215 2741 1266 2791 hac
1286 2748 1314 2791 et
1332 2742 1360 2789 iu
1379 2746 1492 2790 aeterna
1510 2741 1567 2790 vita
1586 2741 1738 2791 nobishoc
1757 2742 1881 2808 profutu-

214 2863 289 2912 ,rum
308 2864 369 2898 esse
388 2849 499 2897 minime
518 2849 685 2898 dubitamus.
722 2847 843 2898 Proinde
862 2855 957 2897 notum
976 2849 1013 2898 sit
1031 2847 1158 2897 omnibus
1178 2846 1279 2897 Christi
1303 2847 1458 2911 nostrisque
1476 2845 1603 2897 fidelibus
1622 2849 1812 2913 praesentibus
1829 2850 1882 2899 sci·

183 2971 211 3010 to
230 2952 295 3004 licet
314 2961 342 3004 et
361 2954 469 3014 futuris,
488 2953 609 3019 qualiter
626 2970 678 3004 nos
697 2970 753 3004 una
772 2970 835 3004 cum
854 2952 956 3004 dilecta
976 2955 1094 3018 coniuge
1113 2960 1207 3004 nostra
1227 2953 1393 3019 Cunigunda
1411 2952 1542 3004 videlicet
1560 2956 1657 3019 regina
1674 2955 1749 3005 intus
1768 2956 1797 3005 in
1815 2957 1882 3006 urbe

228 3052 436 3119 Radesponensi
463 3054 492 3102 in
517 3059 595 3103 curte
622 3037 777 3102 Videlicet
805 3054 881 3117 regia
900 3052 1036 3117 quandam
1056 3049 1199 3117 capellam,
1225 3067 1306 3115 quam
1326 3049 1392 3101 olim
1411 3052 1540 3101 Veterem
1559 3053 1704 3112 vocabant,
1730 3054 1759 3102 in
1778 3053 1882 3104 bonore

228 3158 341 3202 sanctae
360 3152 405 3201 dei
429 3151 572 3215 genitricis
591 3150 697 3201 Mariae
723 3166 739 3200 a
765 3149 949 3200 fundamentis
976 3151 1004 3199 in
1029 3157 1144 3200 matrem
1169 3147 1333 3200 aecclesiam
1357 3150 1501 3209 ereximus,
1527 3150 1646 3215 dataque
1666 3151 1714 3201 ei⁸
1736 3168 1786 3217 per
1804 3168 1880 3218 prae·

229 3264 340 3323 ceptum
358 3257 445 3323 regali
465 3256 603 3317 libertate,
621 3257 766 3307 institutae
784 3256 824 3306 ibi
842 3257 871 3306 in
884 3256 929 3306 dei
949 3257 1066 3306 servicio
1086 3257 1283 3306 canonicorum
1303 3257 1512 3321 congregationi
1530 3257 1582 3307 sub
1602 3257 1701 3308 abbate
1720 3256 1764 3308 vel
1784 3275 1880 3329 prepo-

227 3366 281 3414 sito
301 3365 411 3414 nomine
430 3365 528 3429 Tagini
554 3379 604 3430 pre
624 3363 771 3429 stipendiis
794 3364 865 3412 inter
885 3371 977 3431 cetera
995 3355 1090 3413 donob
1113 3361 1280 3413 contulimus
1300 3370 1327 3413 et
1347 3379 1395 3428 per
1414 3363 1466 3413 boc
1486 3364 1578 3428 regiae
1597 3366 1748 3415 maiestatis
1774 3366 1881 3431 insigne

183 3484 210 3524 ss
229 3470 449 3520 confirmavimus
467 3479 566 3520 unam
586 3471 671 3520 nostri
689 3470 759 3519 iuris
771 3467 865 3520 villam
882 3483 898 3514 a
915 3454 1123 3542 Uualehinga
1143 3457 1177 3519 in
1192 3478 1278 3542 pago
1294 3454 1494 3541 Nordgouue
1512 3471 1692 3521 incomitata
1710 3456 1881 3523 Heinrichi

227 3577 316 3637 sitam,
343 3593 405 3627 curn
425 3578 552 3627 omnibus
572 3578 695 3628 eiusdem
712 3590 729 3620 a
751 3574 886 3642 legalibus
905 3577 1079 3643 pertinentiis
1098 3575 1246 3627 mobilibus
1266 3583 1294 3626 et
1312 3574 1498 3626 immobilibus
1523 3578 1612 3627 servis
1631 3584 1658 3628 et
1677 3577 1785 3628 ancillis
1811 3580 1882 3629 areis

228 3683 343 3753 edificiis
362 3685 442 3734 terris
461 3682 544 3734 cultis
567 3690 595 3734 et
620 3682 732 3733 incultis
758 3684 845 3750 pratis
872 3685 981 3749 pascuis
1006 3685 1065 3733 sive
1085 3684 1258 3749 compascuis
1277 3681 1355 3733 silvis
1373 3684 1567 3733 venationibus
1593 3685 1673 3749 aquis
1692 3700 1881 3750 aquarumque

227 3790 389 3840 decursibus
408 3791 607 3856 piscationibus
627 3789 791 3840 molendinis
811 3791 863 3840 viis
882 3796 911 3839 et
927 3791 1010 3840 inviis
1030 3791 1148 3840 exitibus
1167 3796 1194 3840 et
1213 3790 1347 3840 reditibus
1365 3791 1480 3859 quesitis
1499 3796 1528 3840 et
1545 3792 1715 3855 inquirendis
1735 3808 1768 3842 ac
1781 3794 1881 3862 ceteris

227 3912 281 3967 qup
301 3895 426 3963 quolibet
444 3898 525 3948 modo
545 3899 596 3948 rite
615 3898 709 3947 vocari
728 3903 843 3963 possunt
861 3895 1025 3947 utensilibus
1046 3903 1073 3946 et
1091 3896 1272 3962 appendiciis,
1292 3912 1325 3946 eo
1344 3902 1439 3946 tenore
1458 3897 1588 3962 quatinus
1607 3899 1723 3964 praefati
1742 3897 1797 3949 loci
1816 3915 1880 3950 con·

183 4019 210 4058 tn
227 4005 353 4070 gregatie
373 4002 505 4054 liberame
529 4005 564 4054 de
584 4004 680 4055 eodem
705 4003 818 4070 praedio
838 4003 967 4068 deinceps
991 4003 1090 4053 babeat
1115 4010 1279 4069 potestatem
1306 3984 1438 4068 quicquid
1461 4003 1515 4053 sibi
1537 4005 1674 4054 communi
1697 4004 1808 4056 decreto
1830 4021 1880 4071 pro

227 4104 330 4153 suiset
350 4087 539 4174 praedictae
559 4102 652 4152 matris
671 4099 825 4151 aecclesiae
843 4101 1054 4151 necessitatibus
1075 4099 1160 4151 libeat
1177 4100 1306 4151 faciendi.
1340 4100 1376 4149 Et
1395 4106 1425 4149 ut
1443 4100 1512 4150 baec
1531 4107 1625 4151 nostra
1643 4102 1755 4153 traditio
1773 4102 1881 4154 stabilis

227 4207 255 4250 et
273 4198 437 4250 inconvulsa
454 4206 621 4266 permaneat,
641 4199 710 4249 hanc
730 4200 815 4248 nostri
836 4200 976 4264 praecepti
995 4199 1123 4264 paginam
1143 4214 1224 4248 manu
1241 4198 1351 4264 propria
1369 4199 1530 4249 roborantes
1548 4198 1640 4264 sigillo
1653 4206 1746 4251 nostro
1762 4202 1880 4267 imprimi

225 4308 363 4359 iussimus.

333 4441 350 4531 ᾔ
374 4443 511 4529 Signum
535 4442 646 4507 domni
668 4441 833 4506 Heinchid
861 4450 925 4519 (M.)
949 4443 1036 4527 regis
1060 4441 1275 4505 invictissimi.
1300 4439 1317 4529 ᾔ

181 4612 208 4652 rs
332 4583 561 4674 {Egilbertus
586 4583 800 4649 cancellarius
824 4584 897 4647 vice
921 4582 1085 4669 Uuilligisi
1109 4583 1363 4669 archicapellani
1387 4586 1587 4671 recognovit.
1612 4582 1630 4674 ξ
1714 4594 1769 4663 (SI.
1791 4593 1833 4663 2.)

332 4728 420 4791 Data
445 4725 600 4790 xl1.kal.
630 4724 814 4789 decembr.⁰
847 4747 932 4788 anno
963 4725 1196 4790 incarnationis
1227 4726 1411 4803 dominicae
1434 4740 1506 4809 ΜΠ,
1536 4725 1715 4792 indictione
1738 4742 1763 4809 1,
1794 4750 1879 4793 anno

225 4834 325 4924 vere‘¹
353 4833 463 4898 domni
485 4832 657 4897 Heinrichi
680 4833 767 4917 regie
789 4846 821 4913 13
846 4841 955 4895 actum
978 4832 1013 4894 in
1034 4832 1108 4917 ipsa
1130 4830 1212 4896 urbe
1235 4831 1492 4919 Radespenensi.

1024 5140 1089 5225 29.

225 5305 404 5380 Heinrich
443 5305 593 5379 verleibt
625 5303 709 5378 dem
741 5304 886 5377 Kloster
920 5302 1221 5375 Medemuaster
1257 5329 1302 5376 zo
1337 5302 1571 5402 Repermbarp
1606 5302 1878 5404 Kdaipsscbatz‚

178 5456 207 5496 ro
225 5425 442 5499 Immunitd‘t
464 5423 545 5498 aad
573 5422 778 5496 Wnlslreebt
800 5422 881 5495 aad
904 5422 1070 5520 bertcitipt
1093 5423 1216 5494 seinen
1242 5421 1369 5495 Bate.

1295 5550 1479 5626 Ragonium
1501 5553 1583 5611 1002
1604 5552 1764 5612 November
1780 5554 1832 5614 20.

312 5756 359 5811 28.
382 5756 528 5827 [Bresslsu]
583 5758 610 5824 a)
630 5756 694 5809 abar
711 5756 759 5807 der
777 5756 851 5807 Zeila
868 5754 1062 5820 nachodropea
1143 5753 1173 5823 b)
1192 5771 1228 5806 no
1246 5756 1332 5819 soson
1349 5771 1419 5810 corr.
1439 5772 1491 5808 aua
1508 5772 1544 5808 na
1627 5759 1653 5825 c)
1673 5773 1688 5810 e
1706 5757 1777 5810 wolsl
1792 5774 1844 5811 aas
1862 5774 1880 5810 a

383 5845 454 5884 corr.
535 5827 564 5895 d)
581 5831 606 5880 A
687 5830 713 5896 e)
731 5844 782 5883 111.
801 5826 856 5880 kal.
876 5825 1012 5879 decembr.
1032 5826 1158 5879 muntii
1175 5827 1377 5894 subamara.
