4828 6520
576 1128 626 1240 N
626 1130 890 1268 aehtrtge
925 1131 1036 1241 und
1072 1130 1561 1270 Berichtigungen.

855 1380 885 1454 Ι.
913 1380 1278 1457 Urkundendrucke.

1025 1585 1119 1673 288.

348 1758 495 1818 Nacbdem
512 1760 559 1818 die
581 1759 730 1831 Urscbeist
747 1759 840 1819 dieser
857 1759 1021 1834 Fetlseltanp
1041 1758 1114 1830 (A),
1137 1759 1183 1818 die
1204 1760 1236 1819 ia
1258 1759 1310 1818 der
1331 1764 1422 1819 ersten
1442 1760 1549 1832 Halfte
1570 1760 1619 1820 des
1642 1762 1688 1820 14.
1705 1761 1760 1822 Jb.
1787 1761 1891 1832 (uidet,

347 1867 402 1925 wie
419 1865 531 1941 Posqai
551 1865 614 1925 01).
635 1866 755 1925 Aretias
774 1867 803 1937 1,
819 1867 879 1925 155
896 1865 936 1925 Ν.
955 1867 971 1924 1
994 1867 1091 1936 meiat,
1114 1866 1146 1950 ia
1168 1867 1221 1924 dea
1244 1871 1336 1926 asten
1353 1866 1467 1926 Jobrea
1488 1867 1537 1926 des
1556 1869 1602 1926 13.
1618 1867 1646 1927 J
1648 1867 1692 1935 b.)
1713 1868 1890 1943 qaeebriebca

347 1973 397 2044 ist,
426 1973 468 2031 im
491 1970 677 2031 Stadtarebiv
705 1989 741 2031 zu
763 1972 869 2032 Arczze
899 1972 1005 2032 wieder
1026 1991 1061 2032 ze
1087 1972 1163 2047 Tege
1191 1973 1351 2048 gekommcn
1379 1974 1428 2044 ist,
1458 1974 1644 2033 wiederbden
1672 1975 1729 2033 wir
1750 1974 1814 2033 bier
1835 1975 1890 2034 deu

347 2079 485 2138 Abdraelc
506 2079 559 2138 der
581 2078 724 2139 Urlcaade.
764 2079 811 2137 nr
831 2080 913 2154 aetat,
937 2080 1005 2139 Mne
1026 2080 1083 2138 wir
1103 2078 1213 2138 Weissea
1235 2080 1295 2139 aad
1319 2078 1456 2139 Gmcbidr
1478 2080 1527 2139 des
1544 2081 1697 2140 retectas
1718 2081 1751 2140 in
1774 2099 1890 2141 enseer

347 2185 479 2261 Ausqabc
500 2186 568 2245 oben
584 2184 614 2244 S.
632 2187 692 2244 346
707 2186 740 2260 ff.
764 2186 941 2245 abersebdtzt
955 2186 1044 2246 baben
1052 2208 1062 2259 ;
1084 2186 1131 2245 die
1144 2186 1261 2246 masten
1275 2187 1327 2245 der
1342 2187 1456 2258 Febler,
1479 2188 1580 2246 eoehlsc
1594 2187 1650 2245 wir
1664 2190 1724 2259 aas
1734 2187 1889 2263 Mnaso

347 2293 399 2352 der
426 2281 645 2368 Uberlieserseaq
673 2297 774 2368 gesetet
802 2293 862 2353 aad
890 2293 1005 2352 &abab
1033 2294 1064 2352 ia
1094 2311 1212 2352 ausaer
1233 2298 1325 2353 astet
1347 2294 1478 2368 Ausqobe
1506 2311 1542 2352 za
1563 2293 1737 2353 eaesdiereu
1758 2295 1890 2354 vecacbt

347 2400 448 2470 taber,
470 2399 591 2459 staadeu
613 2400 746 2459 eoirtlieb
774 2400 861 2459 schoa
882 2400 914 2458 in
937 2400 988 2459 der
1015 2400 1164 2471 Ursetsist
1186 2399 1238 2458 der
1260 2400 1442 2475 Velocem,-
1470 2418 1570 2459 aneere
1598 2404 1671 2459 erste
1693 2399 1824 2475 Amgabe
1846 2401 1888 2460 be·

347 2507 410 2567 teet
431 2506 556 2566 docebere
578 2506 680 2565 emmer
701 2508 772 2566 noel
795 2507 849 2566 dea
870 2507 968 2566 Wertb
990 2524 1025 2567 za
1046 2507 1150 2582 zeiqea,
1183 2506 1235 2566 wie
1260 2511 1332 2566 etwo
1354 2507 1400 2565 die
1421 2526 1476 2566 voc
1499 2506 1562 2591 &m
1583 2506 1722 2566 Felseher
1745 2507 1889 2567 bostelen

352 2613 569 2684 Vomrlrandea
595 2613 642 2673 eia
663 2613 822 2673 verloreaee
843 2614 932 2673 caletes
955 2612 995 2672 D.
1020 2612 1176 2672 Hdnrtebs
1190 2612 1237 2672 II.
1261 2614 1320 2673 aad
1341 2614 1388 2672 eia
1414 2614 1447 2673 ia
1469 2613 1521 2673 der
1542 2613 1706 2688 Felsebuuq
1727 2614 1888 2673 eutsetzle‘cb

347 2720 562 2780 venusteltetes
590 2720 680 2780 celetas
701 2719 743 2780 D.
767 2738 820 2781 asse
848 2720 911 2780 ᾱεηι
933 2719 1055 2795 Auseae
1077 2720 1125 2779 des
1147 2720 1195 2778 14.
1211 2720 1279 2790 Jb„
1305 2720 1427 2795 peluem
1448 2720 1538 2780 baben
1559 2727 1664 2795 moyen.
1711 2719 1776 2778 Wir
1797 2719 1889 2779 baben

347 2844 376 2886 ee
393 2827 508 2886 decbolb
525 2828 702 2887 uatelomea
720 2827 840 2897 konnen,
864 2828 895 2886 ia
913 2827 966 2886 dea
984 2827 1201 2902 Anmerluwea
1217 2846 1254 2887 aa
1270 2827 1375 2887 ἀὶεεωη
1392 2828 1506 2887 zaetas
1524 2826 1660 2886 Abdrudc
1677 2826 1730 2885 deu
1748 2826 1887 2901 videlieet

350 2934 424 2993 Teet
446 2933 498 2993 der
519 2934 685 2994 verterenet
706 2934 910 2993 Vomrlcauden
931 2951 968 2993 zu
989 2934 1177 2994 verzciebnen.

348 3137 412 3225 (0.)
436 3135 454 3227 ᾔ
476 3137 515 3202 In
538 3140 669 3202 nomine
692 3146 804 3203 sancte
835 3146 868 3201 et
896 3136 1084 3202 individuae
1108 3137 1269 3202 trinitatis.
1316 3136 1491 3201 Heinricus
1522 3135 1633 3201 divina
1662 3135 1792 3200 favente
1823 3135 1887 3201 ele·

240 3246 362 3309 mentia
384 3244 603 3309 Romanorum
627 3245 803 3331 imperator
826 3254 992 3331 augustus.
1123 3242 1158 3309 Si
1187 3245 1275 3309 circa
1303 3243 1377 3308 loca
1404 3242 1467 3307 deo
1498 3242 1606 3308 dicata
1632 3244 1886 3309 munificentiam

240 3361 369 3415 nostrae
393 3349 602 3437 benignitatis
625 3350 790 3437 largimur,
816 3350 978 3415 credimus
995 3350 1058 3416 hoc
1073 3348 1091 3440 ᾔ
1107 3350 1150 3415 ad
1172 3372 1344 3437 regnorum
1369 3360 1488 3415 satum
1509 3361 1691 3415 nostrorum
1713 3361 1887 3438 nostreque

241 3458 348 3521 anime
371 3456 508 3522 salutem
532 3457 716 3522 omnimodo
739 3457 907 3543 proficere.
955 3457 1163 3544 Quapropter
1192 3458 1334 3522 omnium
1364 3468 1475 3521 sancte
1505 3455 1560 3520 dei
1582 3455 1720 3521 ecclesie
1742 3456 1886 3522 fidelium

196 3583 224 3623 so
240 3575 472 3650 nostrumque⁸
510 3564 709 3651 presentium
747 3575 874 3629 neone·
911 3563 1091 3628 futuromm
1127 3564 1255 3628 noverit
1287 3563 1493 3645 universitas,
1533 3563 1695 3649 quendam
1734 3562 1888 3629 abbatem

240 3670 415 3734 Martinam
450 3671 652 3745 <comitem
686 3669 864 3756 palatinum
899 3693 937 3734 ac
972 3671 1057 3734 sacri
1091 3670 1268 3756 imperialis
1301 3669 1422 3756 palacii
1457 3668 1671 3734 consultorem
1692 3685 1722 3744 >
1756 3670 1887 3735 nomine

242 3793 270 3850 <
283 3778 428 3854 sancti>
452 3777 639 3841 monasterii
662 3788 775 3841 sancte
805 3775 859 3841 dei
882 3778 1056 3862 genetricis
1079 3776 1184 3840 Marie
1211 3775 1252 3840 de
1275 3776 1418 3840 Farneta
1440 3777 1526 3840 situ⁸
1548 3776 1582 3840 in
1606 3777 1759 3841 comitatu
1782 3774 1886 3841 Clusi-

241 3886 335 3948 nensi
357 3885 543 3948 interventu
566 3906 605 3948 ao
628 3885 784 3970 petitione
816 3882 938 3947 domini
962 3881 1141 3948 Oddolonis
1163 3880 1359 3947 venerabilis
1383 3880 1510 3947 abbatis
1533 3894 1676 3946 nostram
1699 3882 1887 3968 addigisse⁸

241 3990 442 4077 imperialem
461 3988 676 4072 clementiam,
697 4000 856 4076 quatenus
875 4012 934 4053 nos
955 4011 1014 4076 pro
1033 3988 1088 4053 dei
1106 4011 1216 4053 amore
1235 3998 1407 4074 nostreque
1427 3990 1534 4053 anime
1552 3987 1695 4053 remedio
1715 3988 1888 4058 <castella

196 4121 223 4161 sn
240 4098 355 4161 vineas
377 4119 454 4161 rura
476 4107 570 4183 prata
592 4119 695 4183 aquas
718 4097 887 4183 passagios
906 4094 1051 4181 gabellas
1071 4106 1103 4160 et
1122 4094 1264 4182 pedagia
1282 4094 1565 4181 iurisditionesque
1590 4104 1659 4165 et>
1679 4096 1799 4177 omnia,
1823 4118 1886 4182 que

241 4204 283 4268 ad
305 4203 511 4290 predictum⁸
533 4204 617 4268 iuste
648 4214 681 4267 et
709 4202 890 4289 legaliter⁸,
920 4213 1029 4267 nostre
1059 4203 1260 4267 auctoritatis
1290 4202 1411 4288 pagina
1437 4200 1672 4288 preoeptabili⁸
1696 4202 1886 4267 confirmare

242 4321 275 4375 et
303 4308 512 4375 corroborare
544 4309 763 4397 dignaremur.
810 4308 910 4374 Cuius
941 4309 1047 4395 dignis
1077 4307 1346 4396 postulationibus
1380 4307 1592 4372 libentissime
1627 4330 1722 4372 aures
1756 4309 1886 4394 pietatis

242 4416 490 4482 accomodamus
513 4428 688 4503 nostreque
712 4417 818 4481 anime
843 4415 1047 4481 consulentes
1069 4438 1128 4503 pro
1152 4415 1205 4480 dei
1229 4437 1338 4479 amore
1361 4413 1508 4501 predicto
1527 4412 1708 4479 venerabili
1726 4413 1887 4480 conobio⁸

242 4535 339 4611 atque
362 4524 488 4610 prefato
511 4522 622 4588 abbati
645 4523 754 4587 suisve
778 4521 1020 4588 successoribus
1043 4521 1251 4588 concedimus
1278 4521 1392 4586 damus
1415 4520 1584 4608 modisque
1608 4520 1757 4587 omnibus
1780 4545 1887 4587 corro-

197 4655 224 4699 to
241 4629 393 4696 boramus
417 4652 528 4694 omnes
551 4652 603 4694 res
627 4642 660 4695 et
682 4631 896 4716 proprietates
919 4629 1216 4716 possessionesque,
1247 4650 1468 4716 quascumque
1495 4627 1583 4693 idem
1607 4627 1768 4694 conobio⁸
1789 4628 1886 4715 longo

241 4749 386 4824 tempore
417 4736 619 4823 dignoscitur
647 4736 831 4824 possedisse
866 4735 908 4801 ab
931 4736 1016 4802 Urso
1047 4747 1079 4800 et
1109 4735 1255 4802 Griffone
1286 4746 1319 4801 et
1349 4734 1499 4823 Gignello
1530 4735 1571 4800 de
1600 4736 1755 4820 Ronqano
1784 4736 1887 4823 ipsius

241 4842 305 4909 loci
334 4842 580 4908 fundatoribus⁸
610 4866 793 4926 concessas,
829 4865 892 4930 que
923 4841 1054 4929 quidem
1084 4854 1159 4907 sunt
1188 4842 1355 4907 videlicet:
1387 4854 1570 4915 <castrum
1591 4843 1733 4907 Famete
1763 4841 1887 4908 iuribus

242 4972 315 5015 cum
345 4950 550 5037 pertinentiis
581 4948 795 5037 omnibusque
826 4950 903 5032 suis,
935 4961 1077 5014 casuum
1104 4949 1252 5033 Ronqani
1281 4972 1355 5015 cum
1385 4949 1526 5015 ecclesia
1552 4950 1657 5014 sancti
1679 4949 1789 5013 Blaxii
1812 4972 1886 5015 cum

242 5058 312 5121 eius
341 5056 466 5121 iuribus
496 5068 529 5121 et
560 5058 774 5144 pertinentiis,
811 5069 843 5122 ct
871 5057 982 5121 villam
1013 5056 1119 5121 Cretis
1150 5079 1223 5122 cum
1254 5056 1394 5122 ecclesia
1423 5058 1528 5122 sancti
1557 5057 1714 5139 Potentia
1745 5067 1886 5121 castrum

197 5188 225 5229 ss
243 5163 398 5229 Griffonis
428 5186 514 5228 nunc
536 5164 718 5250 Lusignani
748 5187 822 5228 cnm
852 5162 976 5228 iuribus
1006 5162 1155 5228 omnibus
1187 5164 1322 5251 eiusque
1351 5164 1554 5250 pertinentiis
1578 5185 1716 5249 cumque
1740 5162 1886 5228 ecelesiis

242 5272 346 5336 sancti
369 5271 490 5353 luxti⁸‚
523 5272 626 5335 sancti
658 5269 813 5337 Siniraldi
846 5282 878 5336 et
910 5272 1013 5335 sancti
1035 5271 1168 5352 Donati,
1202 5269 1446 5336 molendinum⁸
1478 5270 1519 5334 de
1548 5270 1659 5334 Monte
1693 5269 1780 5335 olaro
1813 5292 1887 5334 oum

242 5376 345 5443 tribus
375 5377 569 5459 tenimentis,
600 5377 733 5464 podium
764 5388 874 5441 sancte
902 5377 1065 5442 Christine
1095 5400 1181 5441 nunc
1211 5377 1359 5461 Fogiani,
1390 5375 1563 5441 ecclesiam
1593 5377 1697 5441 sancti
1725 5377 1815 5442 Petri
1845 5375 1886 5441 de

243 5482 379 5549 Cotiano
404 5484 473 5549 eius
496 5506 570 5548 cum
593 5483 672 5548 villa
694 5494 771 5565 tota,
796 5482 968 5548 ecclesiam
987 5485 1091 5547 sancti
1110 5483 1330 5548 Bartholomei
1349 5481 1390 5547 de
1409 5481 1508 5548 Ourte
1526 5484 1561 5547 in
1580 5484 1733 5548 comitatu
1751 5483 1886 5548 Aretino

243 5613 317 5655 oum
340 5602 408 5655 tota
429 5590 518 5673 villa,
548 5590 754 5655 medietatem
779 5589 884 5677 broyli
907 5613 966 5677 pro
990 5590 1135 5655 divissa·
1159 5613 1233 5654 eum
1256 5589 1396 5655 eeclesia
1413 5589 1561 5672 Aretina,
1585 5601 1727 5655 ossuum
1750 5589 1887 5678 Signani

196 5820 226 5861 so
313 5803 379 5864 288.
404 5803 551 5876 [Bresslau]
587 5806 614 5869 a)
635 5807 660 5856 Α

1622 5914 1675 5967 90·
