4836 6504
502 424 567 486 228
1096 427 1561 486 KAISERURKUNDEN.

614 628 747 699 Versasst
769 627 829 686 aad
850 626 1027 702 peschriebea
1045 644 1100 684 von
1119 623 1181 684 EC.
1202 654 1247 663 -
1265 625 1329 684 ber
1346 624 1437 685 Scalae
1454 626 1509 701 apl.
1528 627 1639 686 Hirach
1654 626 1760 687 Jahrb.
1777 628 1809 696 2,
1824 628 1904 698 m,-
1926 644 1980 684 rar
1994 623 2159 699 Damno

609 734 649 793 N.
666 734 776 793 Archiv
798 733 937 803 2216&

610 892 669 966 (C.)
693 882 710 973 3
732 884 773 949 In
795 885 925 949 nomine
950 895 1083 947 sanctae
1107 894 1140 947 et
1162 882 1353 948 individuae
1377 885 1540 949 trinitatis.
1587 884 1763 948 Heinricus
1791 883 1904 948 divina
1932 883 2065 947 favente
2095 881 2159 946 cle-

502 994 625 1057 mentia
647 1016 717 1056 rex.
827 990 864 1056 Si
887 990 1057 1055 aecclesiis
1088 989 1141 1054 dei
1169 992 1282 1076 eisque
1313 990 1545 1056 famulantibus
1575 990 1699 1078 aliquid
1729 989 1806 1055 boni
1836 990 1890 1054 vel
1920 989 2160 1055 commoditatis

503 1099 681 1186 inpendere
697 1097 714 1187 3
731 1098 965 1179 curaverimus,
984 1095 1079 1161 nobis
1099 1097 1152 1161 hie
1169 1098 1252 1161 etin
1267 1098 1375 1161 futuro
1398 1100 1541 1162 maxime
1557 1099 1717 1185 proficere
1734 1096 1847 1185 procul
1863 1096 1962 1162 dubio
1979 1118 2159 1182 speramus.
2182 1117 2198 1157 s

505 1206 712 1293 Quapropter
730 1206 873 1270 omnium
893 1202 1015 1268 Christi
1033 1203 1180 1268 fidelium
1198 1206 1326 1269 noverit
1344 1206 1551 1287 universitas,
1576 1205 1717 1291 qualiter
1734 1227 1794 1269 nos
1814 1205 1927 1268 divina
1947 1204 2160 1290 inspiratione

505 1313 679 1400 conpuncti
703 1335 765 1376 nee
788 1334 854 1375 non
876 1334 936 1397 pro
960 1310 1105 1375 remedio
1129 1312 1258 1375 animae
1276 1323 1407 1375 nostrae
1426 1324 1664 1398 parentumque
1683 1323 1868 1376 nostrorum
1888 1311 2016 1375 Ottonis
2035 1309 2161 1374 scilicet

504 1420 641 1484 senioris
675 1420 777 1483 nostri
811 1419 906 1482 tercii
939 1418 1145 1504 imperatoris
1180 1420 1310 1503 augusti
1344 1441 1383 1483 ac
1418 1419 1555 1483 aliorum
1590 1420 1660 1482 sive
1695 1416 1935 1503 Chunigrmdae
1970 1416 2161 1481 contectalis

503 1539 634 1592 nostrae
657 1526 854 1591 monasterio
878 1527 912 1588 in
931 1524 1003 1589 loco
1020 1525 1200 1610 Tegrinsee
1221 1536 1406 1590 constructo
1426 1538 1523 1613 atque
1543 1527 1576 1589 in
1596 1525 1719 1589 honore
1739 1526 1843 1589 saneti
1860 1524 1991 1604 Quirini
2008 1524 2160 1610 martyris

506 1634 657 1699 dedicato
682 1631 848 1720 quandam
872 1642 995 1696 cortem
1012 1632 1210 1717 Worngowe
1235 1631 1366 1713 dictam,
1398 1655 1496 1719 quam
1520 1632 1669 1719 Piligrim
1701 1655 1810 1696 comes
1840 1644 1976 1696 actenus
2005 1632 2039 1695 in
2062 1630 2160 1694 bene·
2181 1655 2209 1692 10

506 1741 617 1806 ficium
645 1738 770 1821 habuit,
802 1761 886 1827 quae
917 1740 1023 1803 eciam
1053 1738 1160 1802 eidem
1190 1741 1386 1803 monasterio
1417 1752 1514 1803 antea
1537 1739 1689 1803 dotaliter
1718 1740 1883 1825 pertinuit,
1914 1761 1989 1803 cum
2012 1736 2161 1802 omnibus

507 1849 576 1912 eius
600 1847 804 1933 appendiciis
828 1847 897 1910 sive
921 1846 1127 1932 pertinentiis
1151 1846 1236 1910 areis
1260 1846 1398 1909 edificiis
1422 1848 1546 1932 eampis
1565 1848 1667 1932 pratis
1687 1846 1819 1933 pascuis
1838 1845 1929 1909 silvis
1948 1847 2042 1932 aquis
2062 1867 2161 1931 aqua·

505 1976 620 2018 rumve
640 1951 831 2018 decursibus
851 1953 946 2018 cultis
965 1952 1019 2017 vel
1041 1951 1172 2016 incultis
1196 1954 1352 2038 quaesitis
1376 1964 1432 2016 aut
1455 1953 1657 2039 inquirendis
1680 1955 1743 2016 viis
1765 1952 1820 2017 vel
1843 1954 1940 2017 inviis
1964 1951 2106 2016 exitibus
2129 1963 2163 2016 et

506 2059 665 2125 reditibus
688 2083 747 2124 seu
771 2083 846 2124 eum
870 2060 996 2124 cunctis
1020 2082 1104 2146 quae
1136 2059 1281 2145 quolibet
1310 2058 1407 2123 modo
1439 2060 1504 2124 dici
1528 2061 1580 2125 vel
1605 2059 1703 2124 scribi
1727 2071 1864 2147 possunt
1886 2058 2080 2124 utilitatibus
2103 2081 2163 2146 per

506 2168 591 2231 hane
613 2179 759 2231 nostram
782 2166 1003 2253 preceptalem
1026 2166 1414 2252 paginam-concedimus
1445 2180 1543 2253 atquc
1574 2166 1732 2253 largimur
1756 2178 1788 2232 et
1810 2168 1937 2253 integre
1960 2167 1996 2231 in
2018 2167 2088 2230 eius
2110 2167 2162 2230 ius
2182 2190 2209 2229 rs

507 2287 539 2338 et
563 2274 742 2338 dominium
764 2272 1032 2355 transfundimus,
1057 2295 1098 2337 ea
1121 2274 1242 2360 quippe
1266 2275 1391 2338 ratione
1415 2286 1451 2337 ut
1469 2275 1641 2361 prescripti
1661 2275 1850 2338 monasterii
1873 2272 2009 2337 abbates
2032 2273 2073 2338 de
2096 2275 2163 2338 iam

507 2380 596 2445 dicta
623 2391 711 2445 corte
742 2382 877 2466 eiusque
907 2380 1111 2466 pertinentiis
1142 2379 1261 2444 dehine
1291 2379 1426 2444 liberam
1458 2380 1600 2445 habeant
1629 2392 1823 2467 potestatem
1854 2380 2013 2469 quiequid
2042 2381 2089 2444 eis
2120 2379 2164 2444 ad

507 2487 677 2552 utilitatem
700 2498 811 2550 tamen
834 2486 980 2550 eiusdem
1000 2486 1182 2551 aecclesiae
1201 2487 1361 2574 placuerit
1379 2488 1532 2568 faciendi,
1557 2490 1702 2552 omnium
1720 2489 1888 2553 hominum
1907 2488 2163 2552 contradictione

507 2606 642 2658 remota.
689 2593 724 2658 Si
748 2595 822 2680 quis
852 2606 972 2675 autem,
1003 2592 1091 2680 quod
1121 2592 1216 2675 absit,
1248 2593 1332 2659 hanc
1363 2606 1493 2659 nostrae
1524 2594 1707 2659 donationis
1737 2596 1964 2659 auctoritatem
1993 2593 2163 2680 infregerit

508 2701 560 2764 vel
583 2700 815 2781 molestaverit,
846 2700 1043 2764 anathemali
1066 2702 1276 2786 percussione
1300 2702 1333 2764 in
1357 2713 1551 2787 perpetuum
1575 2702 1720 2766 feriatur.
1774 2702 1914 2788 Insuper
1942 2724 2021 2766 vero
2051 2723 2163 2765 omnes
2183 2726 2211 2765 ao

509 2806 655 2872 eiusdem
679 2807 867 2871 monasterii
891 2830 943 2871 res
966 2805 1103 2870 mobiles
1127 2818 1183 2871 aut
1205 2808 1377 2872 inmobiles
1401 2808 1628 2872 confirmamus
1652 2820 1750 2895 atque
1775 2807 2023 2873 corroboramus
2047 2818 2080 2871 et
2102 2806 2163 2870 sub

509 2926 638 2979 nostrae
662 2913 881 2978 defensionis⁸
904 2912 1134 2977 mundiburdio
1158 2913 1292 2978 finniter
1321 2916 1515 3001 recepimus,
1567 2915 1612 2980 Et
1641 2927 1677 2979 ut
1706 2915 1789 2980 haec
1819 2928 1950 2979 nostrae
1981 2915 2163 2979 donationis

509 3024 579 3086 sive
603 3020 857 3085 confirmationis
881 3032 978 3106 atque
1003 3019 1201 3083 defensionis
1225 3023 1400 3086 auctoritas
1425 3021 1550 3085 stabilis
1581 3034 1613 3086 et
1642 3022 1836 3087 inconvulsa
1863 3023 1951 3086 omni
1974 3032 2164 3108 permaneat
2218 3053 2225 3064 ·

509 3141 666 3214 tempore,
696 3127 759 3192 hoc
782 3138 972 3213 preceptum
997 3126 1072 3190 inde
1098 3129 1318 3214 conscriptum
1348 3152 1447 3192 manu
1476 3131 1610 3216 propria
1640 3128 1887 3193 corroborantes
1918 3128 2024 3214 sigillo
2054 3139 2164 3192 nostro

509 3236 658 3321 insigniri
681 3236 844 3298 iussimus.
2183 3262 2211 3302 2⁶

616 3374 634 3465 3
657 3377 795 3463 Signum
819 3376 929 3439 domni
952 3376 1102 3440 Heinrici
1125 3383 1190 3456 (M.)
1214 3378 1302 3462 regis
1326 3378 1541 3442 invictissimi.
1566 3376 1583 3466 3

616 3518 633 3608 3
657 3518 859 3584 Guntherius
883 3518 1098 3584 cancellarius
1121 3520 1194 3584 viee
1218 3520 1383 3606 Uuilligisi
1407 3518 1685 3605 archicappellani
1708 3521 1908 3606 recognovit.
1933 3519 1950 3609 3
1984 3522 2039 3605 (SI.
2057 3520 2119 3604 2·)¹’

616 3663 706 3726 Data
729 3673 791 3726 ΧΠ
815 3661 882 3726 kal.
907 3664 973 3727 iun.
997 3662 1177 3727 indictione
1193 3676 1256 3744 VII,
1288 3684 1373 3725 anno
1404 3661 1587 3726 dominicae
1619 3662 1852 3726 incarnationis
1882 3661 2053 3726 millesimo
2071 3677 2163 3744 vnn,

511 3793 596 3835 anno
621 3792 699 3833 vero
723 3769 833 3833 domni
856 3768 1006 3833 Heinriei
1031 3769 1189 3833 seeundi‘¹
1211 3770 1378 3854 regnantis
1393 3783 1460 3851 V113
1490 3780 1599 3832 aetum
1623 3768 1815 3851 Ratisbone3
1845 3769 1985 3833 feliciter
2007 3791 2112 3833 amen.

1288 4052 1378 4138 194.

510 4214 690 4288 Heinrich
715 4212 862 4287 schenkt
886 4212 966 4286 dem
993 4213 1139 4286 Kloster
1167 4214 1361 4313 Teperasee
1386 4217 1471 4288 zwei
1498 4214 1626 4313 Hufcn
1651 4242 1696 4289 zu
1727 4214 2022 4290 Unice-Leiden.

622 4468 866 4541 Oripinuldiplom
888 4468 930 4525 im
952 4468 981 4526 k.
998 4466 1205 4526 Reichsarchiv
1227 4485 1262 4526 aa
1285 4467 1428 4527 libanica
1452 4469 1525 4536 (A).

617 4609 710 4668 Hand
728 4609 852 4682 Metrop.
871 4608 975 4668 Satist).
994 4610 1053 4668 303
1072 4609 1119 4667 eil.
1136 4638 1180 4646 -
1200 4609 1297 4680 Oefele
1315 4610 1368 4669 SS.
1385 4630 1443 4670 rer.
1461 4610 1543 4670 Bois.
1561 4615 1592 4681 2,
1609 4614 1651 4670 80
1668 4630 1722 4670 oras
1736 4611 1898 4683 Abschrist.
1917 4640 1960 4650 -
1974 4610 2055 4670 Mea.
2072 4610 2167 4670 Boica

618 4717 723 4786 6,157
745 4716 812 4774 ⁷2⁰4
834 4734 888 4775 arra
909 4718 946 4774 A.
973 4745 1014 4753 —
1042 4716 1158 4774 Meiller
1179 4715 1251 4791 Rep.
1276 4717 1328 4775 der
1349 4718 1549 4792 Bobenberper
1576 4719 1595 4776 3
1617 4720 1650 4777 a⁰
1666 4720 1694 4778 6.
1719 4749 1763 4757 -
1791 4719 1918 4777 Bdhmer
1940 4718 2011 4792 Boo.
2028 4718 2097 4777 912.
2121 4746 2166 4755 -
2185 4743 2214 4782 ss

618 4821 743 4897 Stamps
761 4822 832 4898 Req.
850 4824 938 4893 1330,
962 4824 1019 4881 alle
1040 4842 1076 4882 zo
1100 4824 1180 4883 1002
1203 4824 1363 4882 November
1382 4826 1429 4883 12.

617 4964 678 5023 Mis
692 4966 861 5041 Beautznap
876 4966 925 5024 des
940 4965 980 5024 D.
995 4967 1052 5024 193
1067 4968 1194 5036 eersnssf
1211 4966 1269 5024 irad
1283 4966 1457 5040 persorensi
1474 4986 1527 5024 son
1544 4966 1606 5025 EC.
1624 4997 1667 5005 —
1686 4968 1748 5025 We
1762 4968 1803 5025 im
1818 4967 1858 5025 N.
1872 4967 1982 5025 Archiv
1995 4968 2048 5037 20,
2061 4966 2164 5040 1531r.

618 5071 762 5147 dorpelept
783 5072 832 5142 ist,
857 5073 1017 5132 betraehlen
1036 5073 1093 5131 air
1110 5072 1151 5131 D.
1170 5074 1227 5131 194
1251 5074 1296 5131 uls
1314 5073 1580 5148 b'enoussertipuap
1602 5075 1678 5132 maes
1700 5074 1778 5132 nieht
1800 5073 1964 5132 abalienes
1981 5072 2022 5132 D.
2042 5073 2166 5148 plcicloes

616 5177 831 5239 Rechtsiaholts
852 5198 917 5239 vom
940 5182 988 5239 12.
1006 5180 1166 5239 November
1185 5181 1265 5239 1009
1290 5180 1360 5253 (apl.
1378 5178 1418 5237 D.
1432 5180 1500 5249 23),
1523 5180 1618 5239 dessea
1642 5200 1696 5239 voa
1716 5180 1775 5239 ΕΒ
1793 5180 1985 5255 pesehrieherw
2002 5179 2167 5255 Dotierusp

616 5287 648 5344 in
670 5286 723 5344 der
740 5287 1006 5361 b'eataaasserlipunp
1029 5287 1200 5345 beibeballes
1223 5287 1330 5355 uude,
1354 5287 1462 5345 ohaohl
1485 5287 1561 5345 diese
1583 5287 1817 5346 noloscheialioh
1839 5292 1898 5346 erst
1920 5288 1961 5346 im
1979 5287 2073 5348 Jaore
2088 5289 2167 5347 1009
2185 5313 2215 5351 ω

617 5393 791 5469 pleiehzeifip
821 5395 874 5452 mit
900 5393 941 5452 D.
960 5395 1017 5452 193
1046 5394 1205 5468 herpestellt
1234 5394 1340 5452 warde.
1365 5423 1409 5430 —
1432 5382 1508 5451 lber
1536 5394 1583 5453 die
1605 5395 1685 5469 Lupe
1713 5395 1762 5453 des
1790 5394 1971 5469 pectentes
2000 5393 2089 5453 Gales
2110 5395 2165 5468 ool.

616 5499 733 5559 Meiller
756 5521 782 5559 a.
800 5521 828 5559 α.
847 5501 882 5560 0.
901 5503 967 5559 193.

585 5649 648 5706 198.
674 5650 783 5721 [Bloch]
821 5654 846 5718 a)
866 5652 993 5703 clabiam
1010 5653 1120 5709 sasem-
1138 5667 1164 5702 ea
1181 5651 1281 5701 scham
1300 5651 1337 5701 bu
1355 5653 1499 5717 pretenders
1518 5670 1552 5703 zu
1571 5652 1655 5705 haam
1710 5652 1739 5717 b)
1758 5653 1809 5704 dos
1824 5652 1986 5717 obpesollene
2002 5652 2089 5716 Ss‘eosl
2105 5651 2168 5717 lt’epf

670 5724 740 5775 wohl
756 5724 874 5776 erbolten
893 5725 935 5774 bei
989 5726 1014 5787 c)
1033 5730 1072 5773 XI.
1088 5738 1136 5772 eor
1153 5722 1206 5775 lral.
1223 5722 1287 5785 iun,
1307 5723 1450 5786 mopls'cber
1468 5725 1549 5776 Weiss
1564 5725 1628 5775 aher
1643 5724 1712 5775 auch
1728 5726 1779 5775 das
1793 5740 1878 5790 ponzo
1893 5724 2069 5789 repedatum
2085 5723 2168 5774 nach-

667 5803 795 5862 qctropea
840 5794 869 5863 d)
883 5795 940 5850 sedi
951 5811 1020 5848 corr.
1034 5810 1085 5846 aaa
1097 5794 1147 5854 sdi,
1166 5794 1251 5845 itatem
1265 5795 1320 5856 asaf
1329 5795 1370 5844 die
1384 5795 1520 5861 Runduap
1532 5797 1577 5847 des
1590 5794 1608 5846 d
1619 5798 1662 5848 ein
1677 5797 1796 5860 Aufaatz
1806 5798 1855 5847 wsb
1871 5797 1923 5860 far
1934 5811 1950 5847 o
1960 5800 2055 5861 perstet
2066 5793 2166 5849 wardo.
2186 5812 2216 5850 rs
