4804 6498
570 457 633 522 108
1168 457 1631 516 nalssnunnnnnsn.

674 649 693 740 ξ
721 650 762 715 In
790 650 922 715 nominc
952 657 1066 713 sancte
1097 658 1130 712 et
1158 644 1328 711 individue
1355 645 1520 710 trinitatis.
1565 644 1731 710 Hem-icus
1755 644 1869 710 divina
1894 642 1913 733 ξ
1938 643 2080 709 favente
2110 645 2233 710 miscri-

568 756 682 825 cordia
703 756 906 822 Francorum
929 765 962 820 et
984 752 1277 841 Lougobardorum
1300 774 1370 817 rex.
1487 751 1523 817 si
1552 762 1741 817 sanctarum
1764 751 1818 817 dei
1841 750 2061 841 ecclesiarum
2093 752 2235 815 miseriis

569 876 602 931 et
629 861 897 952 oppressionibus
926 860 1146 927 studuerimus
1176 858 1350 925 subvenire
1374 870 1408 924 et
1433 870 1543 949 nostre
1574 860 1754 924 maiestatis
1784 856 1996 923 sublevamen
2027 855 2233 923 laboraveri-

569 994 641 1037 mus
664 969 854 1058 inpendere,
877 967 991 1057 procul
1010 967 1110 1033 dubio
1128 968 1223 1054 regni
1244 967 1348 1031 nostri
1370 976 1491 1031 statum
1514 964 1653 1031 stabiliri
1676 975 1709 1031 et
1728 975 1839 1030 eterne
1861 965 2145 1030 remunerationis
2164 986 2234 1052 pre·

569 1079 671 1144 mium
694 1076 788 1142 uobis
812 1074 948 1164 rependi
976 1098 1042 1140 non
1069 1073 1276 1161 ambigimus.
1323 1071 1534 1160 Quapropter
1555 1084 1669 1138 notum
1691 1072 1734 1137 sit
1757 1071 1907 1137 omnibus
1929 1072 2055 1136 nostris
2080 1070 2264 1136 fidelibuss

569 1198 637 1250 tam
659 1183 866 1272 presentibus
890 1205 989 1271 quam
1011 1182 1139 1264 futuris,
1163 1180 1251 1268 quod
1274 1180 1326 1244 vir
1346 1178 1546 1245 venerabilis
1568 1178 1752 1244 Landullus
1775 1199 1870 1263 amere
1890 1192 2093 1244 ommoneuss·
2117 1190 2233 1261 meloda

570 1307 717 1374 spiscopus
743 1301 776 1356 et
798 1321 848 1372 per
866 1305 958 1356 omnia
980 1308 1074 1355 noster
1098 1301 1273 1354 fidelissimus
1290 1315 1307 1347 s
1332 1301 1466 1353 modestis
1489 1308 1582 1372 nostre
1608 1299 1711 1361 retulit,
1735 1286 1823 1372 quod
1846 1284 1988 1373 quedam
2010 1283 2156 1350 abbatis
2177 1306 2233 1349 sne

571 1400 739 1488 episcopio
763 1396 896 1463 subdita
917 1407 951 1462 et
979 1396 1014 1462 in
1040 1395 1162 1461 bonore
1190 1395 1295 1459 sancti
1317 1393 1487 1458 Laurentii
1511 1393 1664 1459 dedicata
1686 1403 1719 1458 et
1740 1393 1835 1458 iuxta
1858 1393 2026 1457 civitatem
2052 1414 2153 1457 auam
2174 1392 2233 1455 sita

571 1505 757 1594 aquodam
787 1502 906 1569 abbate
930 1503 1106 1590 Lamperto
1135 1503 1266 1567 nomine
1295 1500 1532 1565 diminueretur
1560 1501 1594 1565 in
1623 1499 1821 1565 beneficium
1844 1498 1953 1564 dando
1983 1509 2016 1564 et
2048 1499 2160 1564 malas
2188 1498 2232 1561 in·

572 1614 766 1701 scriptiones
780 1609 933 1676 iaciendo
957 1621 990 1675 et
1011 1609 1074 1675 hac
1098 1609 1270 1674 occasione
1293 1607 1450 1673 victualia
1467 1607 1604 1672 iratam
1627 1604 1912 1687 subtrahebantur,
1936 1615 1969 1670 et
1992 1607 2044 1671 sic
2069 1606 2231 1671 orationes
2247 1627 2268 1665 a

573 1730 605 1785 et
628 1719 837 1801 helemosine,
861 1739 926 1804 que
948 1739 1008 1805 pro
1032 1717 1142 1781 anima
1163 1714 1249 1781 illius
1268 1717 1325 1802 qui
1348 1736 1422 1780 eam
1441 1715 1623 1780 construxit
1645 1724 1679 1779 et
1700 1736 1760 1801 pro
1782 1711 1954 1778 animabus
1977 1714 2133 1777 omnium
2153 1711 2231 1776 cbri-

573 1827 751 1892 stiauorum
774 1824 844 1889 fieri
869 1822 1044 1906 debebant,
1075 1823 1212 1888 diminui
1235 1820 1442 1888 videbantur.
1489 1820 1591 1888 Cuius
1613 1822 1662 1886 rei
1686 1843 1787 1886 causa
1809 1819 1920 1885 dolore
1945 1819 2058 1884 cordis
2083 1819 2166 1884 tacti
2187 1819 2230 1881 in·

572 1935 748 2016 trinsecus,
779 1930 858 2019 quid
890 1930 967 1995 inde
997 1930 1103 2013 fieret,
1137 1930 1281 2015 cogitare
1312 1930 1469 2016 cepimus.
1515 1928 1640 1993 Divina
1671 1950 1814 2015 namque
1846 1928 1953 2014 mutia
1983 1927 2174 2014 inspirante
2202 1936 2232 1989 et

574 2040 785 2105 dilectissime
809 2039 957 2125 coniugis
987 2048 1097 2125 nostre
1120 2035 1360 2102 Chunicbunde
1384 2034 1561 2101 conscilio⁸
1592 2033 1812 2101 saluberimo⁸
1841 2035 2096 2116 interveniente,
2125 2042 2229 2097 nosne

574 2147 694 2235 regalis
718 2145 920 2211 auctoritatis
943 2154 1145 2232 preceptum,
1169 2142 1258 2231 quod
1280 2141 1469 2207 inviolabile
1487 2141 1720 2229 perpetualiter
1737 2152 1896 2223 teneatur,
1919 2140 1991 2205 fieri
2009 2141 2228 2228 precepimus,
2244 2156 2265 2198 n

572 2277 613 2320 ea
634 2253 790 2319 videlicet
818 2254 944 2317 ratione
974 2263 1011 2316 ut
1039 2263 1107 2316 tam
1136 2272 1272 2338 presens
1302 2247 1407 2314 abbas
1437 2272 1535 2337 quam
1565 2248 1667 2314 futuri
1693 2248 1816 2313 nullam
1846 2260 2044 2335 potestatem
2076 2247 2229 2331 deinceps

571 2360 715 2427 habeant
737 2359 778 2425 de
808 2357 907 2423 rebus
937 2357 981 2423 ad
1008 2357 1190 2445 predictam
1218 2355 1385 2421 abbatiam
1414 2354 1653 2444 pertinentibus
1675 2354 1858 2420 diminuere
1887 2377 1950 2419 uec
1979 2355 2015 2419 in
2039 2353 2228 2420 benefitium

572 2467 681 2533 dando
711 2490 773 2532 neo
797 2466 1067 2532 commutationes
1096 2487 1155 2530 seu
1184 2465 1351 2552 precarias
1381 2474 1479 2551 atque
1509 2462 1687 2527 libellarias
1716 2462 1869 2527 faciendo
1892 2464 1963 2527 sine
1993 2462 2133 2527 licentia
2162 2480 2229 2546 pre·

573 2576 673 2640 sentis
697 2589 840 2656 episcopi
859 2583 893 2638 et
915 2595 1141 2637 successorum
1165 2572 1235 2636 eius
1260 2585 1307 2650 qui
1332 2601 1383 2651 pro
1409 2592 1534 2650 tempore
1559 2584 1688 2634 fuerint
1733 2568 1770 2635 Si
1792 2570 1866 2656 quis
1888 2591 1967 2633 vero
1990 2567 2100 2634 abbas
2121 2576 2228 2633 contra

572 2682 657 2747 hanc
688 2692 832 2746 nostram
863 2681 1091 2745 auctoritatem
1114 2692 1147 2744 et
1175 2679 1420 2766 preceptionem
1443 2675 1600 2763 deinceps
1630 2675 1740 2741 facere
1769 2677 2013 2764 presumpserit,
2046 2677 2173 2763 scripta
2199 2682 2229 2735 et
2242 2689 2264 2729 n

572 2789 767 2853 investitura
789 2808 852 2875 que
883 2786 998 2851 fecerit
1027 2787 1121 2850 irrita
1143 2798 1176 2850 et
1198 2807 1306 2850 vacua
1333 2796 1367 2849 et
1397 2786 1467 2849 sine
1498 2783 1614 2849 robore
1645 2794 1869 2870 permaneant,
1900 2795 1933 2847 et
1962 2781 2070 2848 abbas
2100 2779 2225 2870 proprio

572 2895 695 2960 bonore
719 2906 753 2959 et
775 2893 933 2980 dignitate
963 2895 1120 2980 privetur,
1152 2904 1184 2957 et
1211 2891 1268 2975 illi,
1299 2892 1356 2978 qui
1386 2891 1611 2955 investituram
1641 2902 1697 2955 aut
1725 2888 1858 2977 aliquod
1881 2890 2039 2976 scriptum
2064 2887 2226 2973 suscipere

573 3002 841 3090 presumpserint,
871 3016 981 3065 sciant
1006 3029 1036 3064 se
1060 3015 1275 3080 conposituros
1301 3014 1362 3063 auri
1382 3013 1478 3079 optimi
1504 3010 1588 3062 libras
1614 3016 1733 3071 centum,
1759 3012 1935 3062 medietatem
1958 3026 2069 3062 camere
2089 3014 2181 3060 nostre
2201 3010 2226 3055 et

574 3122 749 3173 mouentem
765 3105 908 3190 abbatie,
925 3107 979 3171 cui
994 3106 1172 3194 dampnum
1187 3118 1220 3171 et
1236 3105 1483 3171 diminutionem
1498 3103 1619 3168 inferre
1635 3104 1897 3191 temptaverintb.
1926 3118 2007 3179 Quod
2022 3126 2055 3168 ut
2067 3118 2160 3169 verius
2172 3127 2224 3164 cre·

575 3230 657 3281 datur
675 3228 911 3295 diligentiusque
934 3212 976 3278 ab
1001 3212 1150 3278 omnibus
1174 3228 1344 3287 observetur,
1363 3242 1445 3278 mauu
1464 3227 1576 3292 propria
1594 3227 1754 3276 roborantes
1778 3210 1875 3297 sigilli
1902 3227 2000 3276 nostri
2026 3208 2224 3299 inpressione
2239 3219 2261 3261 tt

574 3337 705 3387 iussimus
726 3337 861 3401 insigniri.

681 3470 853 3563 {Signum
875 3471 987 3537 domni
1010 3473 1147 3537 Hemici
1172 3479 1236 3551 (11.)
1260 3471 1525 3558 gloriossissimi⁸
1550 3481 1582 3535 et
1605 3469 1811 3533 invictissimi
1834 3469 1932 3554 regis.
1955 3467 1973 3558 ᾖ

681 3613 700 3704 ξ
714 3613 903 3701 Egilbertus
920 3614 1133 3680 cancellarius
1145 3616 1239 3679 vicec
1257 3614 1411 3700 Uniligisi
1423 3613 1662 3699 archiepiscopi
1675 3622 1708 3675 et
1720 3609 2000 3676 archicancellarii
2011 3600 2223 3696 recognovi}

682 3758 771 3823 Data
786 3773 849 3823 vll.
865 3757 909 3822 id.
928 3755 1034 3822 octob.
1052 3780 1137 3822 anno
1158 3757 1200 3821 ab
1216 3758 1440 3822 incarnatione
1457 3756 1601 3821 domini‘¹
1615 3769 1736 3837 MVIIII,
1756 3776 1842 3818 anno
1862 3776 1941 3819 vero
1962 3753 2075 3818 domni
2094 3743 2222 3816 Henrici

577 3865 712 3931 secundi
736 3867 823 3953 regis
846 3880 915 3947 vll3
940 3876 1049 3930 actum
1072 3863 1285 3950 Maideburg3
1309 3863 1449 3928 feliciter
1471 3885 1577 3927 amen.
2235 3874 2257 3915 ³⁰

1372 4162 1436 4248 86.

579 4334 756 4410 Heinrich
787 4335 933 4451 sobenlct
965 4335 1031 4409 der
1065 4334 1317 4434 bisolbflicben
1344 4332 1482 4408 Kircbe
1512 4360 1557 4407 zu
1583 4331 1782 4432 Wirzburp
1817 4332 1877 4406 dte
1902 4330 2066 4406 Kaecbte
2094 4317 2220 4406 Ger-old

577 4454 657 4528 und
679 4453 797 4552 111119.
1778 4479 1871 4539 isoes
1894 4480 1974 4539 1004
1999 4478 2119 4538 October
2135 4472 2178 4531 15.

688 4653 933 4729 Oripiuuldiplom
955 4656 995 4713 im
1018 4655 1046 4713 11.
1071 4654 1278 4713 Reicbsarcbiv
1301 4672 1335 4712 zu
1358 4654 1501 4714 Mencken
1525 4654 1592 4724 (A).

685 4797 770 4871 Luae
785 4797 857 4872 Ray.
875 4796 968 4856 Beira
984 4799 1013 4868 1,
1029 4799 1069 4856 55
1083 4797 1155 4873 Rep.
1172 4799 1226 4857 mit
1247 4803 1300 4853 111.
1322 4800 1366 4856 id.
1383 4800 1529 4858 octobris.
1545 4829 1590 4838 —
1605 4799 1686 4859 Mon.
1703 4800 1797 4859 Boios
1818 4801 1886 4869 28⁰,
1907 4801 1968 4858 320
1990 4801 2022 4857 κθ
2039 4799 2103 4858 208
2122 4807 2172 4853 oss
2185 4784 2216 4844 A·
2231 4792 2254 4835 ¹⁸

685 4932 729 4941 -
752 4903 879 4963 Bdbmer
901 4903 973 4980 Rep.
998 4905 1066 4964 964.
1096 4932 1137 4943 -
1162 4903 1483 4980 StampsReq.1394.

690 5045 822 5116 Versasst
851 5046 911 5105 uno
938 5048 1114 5121 ascensem
1144 5066 1197 5107 von
1221 5047 1291 5106 nn
1322 5077 1366 5085 -
1400 5048 1489 5108 neser
1515 5050 1562 5108 ere
1585 5050 1719 5124 1111119
1747 5050 1799 5108 rer
1822 5048 2071 5123 carmicense
2098 5032 2216 5118 11111

690 5151 917 5228 Vorbemerlruup
943 5171 978 5211 zu
999 5153 1041 5212 D.
1061 5155 1110 5213 84.

687 5329 745 5399 (C.)
774 5319 792 5410 ᾖ
820 5321 860 5386 In
885 5323 1015 5387 nomine
1040 5334 1174 5388 sanctae
1199 5334 1231 5387 et
1253 5323 1443 5389 individuae
1467 5326 1630 5389 trinitatis.
1677 5325 1853 5390 Heinrieus
1878 5324 1990 5389 divina
2012 5323 2138 5387 favente
2160 5309 2214 5376 cle·

578 5430 701 5494 mentia
715 5429 918 5494 Francorum
934 5441 967 5494 et
980 5430 1274 5517 Longobardorum
1293 5453 1363 5496 rex.
1473 5431 1509 5497 si
1527 5432 1673 5497 fidelium
1696 5444 1879 5496 nostrorum
1902 5431 1966 5517 piis
1984 5428 2002 5519 ᾖ
2020 5417 2249 5517 petitionibus

579 5558 747 5601 assensum
762 5535 947 5624 prebemus,
969 5560 1124 5624 magnum
1140 5537 1216 5602 inde
1233 5539 1340 5627 anime
1356 5550 1487 5603 nostrae
1503 5540 1678 5626 provenire
1693 5538 1849 5626 gaudium
1868 5538 2000 5602 minime
2016 5530 2212 5601 diuidimus*-

667 5749 713 5805 85.
739 5749 845 5821 [Bloch]
900 5754 971 5819 a)11
1061 5751 1090 5821 b)
1109 5751 1255 5821 temptavit
1273 5756 1299 5805 A
1389 5760 1414 5821 c)
1431 5750 1492 5808 vice
1509 5756 1535 5806 A
1625 5752 1653 5813 dl
1671 5752 1701 5806 dt
1723 5756 1757 5820 A,
1778 5753 1827 5819 ool.
1846 5753 1881 5807 D.
1899 5755 1943 5806 86.

667 5837 713 5894 Sti.
738 5838 885 5910 [Brmslau]
940 5840 967 5910 a)
987 5845 1012 5894 A
