4760 6512
815 437 1052 493 HEINRICH
1074 438 1114 493 11.
1156 438 1250 496 1014.
1794 435 1855 497 361

204 648 271 691 una
285 648 361 690 cum
377 625 474 690 rebus
486 624 540 689 vel
555 624 687 689 familiis
703 624 785 689 inibi
802 626 885 711 iuste
894 636 908 665 ⁸
924 625 1161 713 pertinentibus
1173 626 1227 691 vel
1239 649 1464 715 quaecumque
1476 629 1610 692 inantea
1622 650 1682 715 per
1693 626 1857 692 dationem

203 732 429 818 religiosorum
452 734 597 796 virorum
613 755 671 797 seu
687 731 879 796 devotarum
895 731 1111 796 faeminarum
1127 732 1290 798 conlatum
1306 735 1460 817 extiterit,
1485 732 1546 797 sub
1565 736 1667 798 nostri
1689 733 1857 821 praecepti

204 840 448 904 confirmatione
478 849 684 925 permaneat,
716 848 748 902 ct
777 838 884 902 nullus
915 836 1069 926 quislibet
1099 838 1140 903 de
1170 839 1347 926 praedictis
1377 839 1490 922 rebus,
1524 863 1606 926 quas
1636 851 1714 905 tune
1745 852 1858 905 tenere

204 948 375 1033 quieteac
398 944 547 1031 legaliter
569 943 775 1026 videbantur,
800 945 942 1031 aliquam
965 945 1223 1031 inquietudinem
1256 946 1320 1011 ullo
1343 969 1499 1033 umquam
1522 948 1556 1011 in
1579 958 1724 1032 ternpore
1748 946 1857 1012 facere

171 1080 185 1119 ι
203 1064 400 1142 praesumat,
424 1052 483 1116 sed
505 1051 665 1138 perhanc
685 1062 830 1116 nostram
846 1054 1072 1117 auctoritatem
1089 1075 1201 1116 omnes
1217 1075 1269 1117 res
1285 1053 1388 1139 ipsius
1404 1054 1593 1118 monasterii
1610 1054 1675 1117 sint
1689 1053 1857 1118 defensate

203 1160 263 1225 sub
286 1161 387 1224 nostri
417 1159 585 1245 praecepti
616 1158 871 1223 confirmatione.
913 1158 1071 1223 Volumus
1101 1160 1210 1242 etiam,
1241 1171 1276 1223 ut
1306 1158 1366 1224 sub
1397 1171 1507 1224 nostra
1536 1160 1739 1224 immunitate
1770 1160 1857 1225 idem
1885 1180 1888 1187 ’

202 1266 405 1354 praedictum
428 1266 662 1329 monasterium
684 1265 803 1329 nostris
827 1274 860 1329 et
882 1264 999 1330 futuris
1023 1265 1223 1351 temporibus
1245 1268 1383 1331 exsistat
1400 1290 1467 1331 una
1485 1289 1560 1331 cum
1584 1265 1735 1331 omnibus
1758 1266 1857 1332 rebus

203 1397 242 1438 ac
264 1372 396 1437 familiis
420 1371 462 1436 ad
485 1383 582 1436 eum⁸
605 1373 689 1435 iuste
713 1371 962 1457 pertinentibus,
993 1382 1035 1454 et,
1066 1373 1095 1435 si
1118 1372 1248 1458 quando
1272 1371 1439 1437 abbatissa
1462 1372 1588 1453 obierit,
1621 1372 1662 1436 de
1686 1374 1753 1436 suis
1776 1374 1857 1459 ipsis

203 1480 364 1566 aeligant⁸
389 1501 487 1565 quam
510 1477 616 1543 bonae
639 1479 896 1543 conversationis
919 1477 1149 1567 i[nven]erint⁸
1172 1479 1339 1545 meliorem
1363 1478 1573 1544 abbatissam.
1612 1479 1856 1566 Praecipientes

158 1614 185 1653 ιο
203 1609 331 1673 quoque
347 1585 496 1650 iubemus
513 1597 545 1649 et
560 1584 703 1649 iubendo
719 1586 949 1672 praecipimus,
966 1597 1000 1650 ut
1016 1585 1122 1649 nullus
1138 1584 1239 1649 iudex
1255 1585 1406 1673 publicus
1422 1596 1478 1650 aut
1493 1586 1611 1674 aliquis
1628 1609 1670 1650 ex
1685 1586 1857 1652 iudiciaria

202 1704 361 1780 potestate
380 1693 465 1756 infra
485 1694 591 1778 ipsum
609 1693 842 1756 monasterium
861 1714 919 1756 seu
940 1692 1097 1756 ecclesias
1116 1704 1173 1756 aut
1191 1692 1286 1757 villas
1305 1693 1358 1757 vel
1377 1716 1472 1778 agros
1492 1704 1547 1757 aut
1565 1692 1709 1779 reliquas
1728 1716 1856 1780 posses-

202 1802 309 1865 siones
332 1801 366 1864 in
390 1798 649 1887 quibuscumque
672 1799 753 1863 locis
777 1810 833 1863 aut
848 1800 1017 1863 territoriis
1034 1821 1093 1863 seu
1108 1799 1302 1864 molendinis
1318 1798 1552 1885 piseationibus
1569 1801 1662 1886 aquis
1684 1822 1856 1886 aquarum-

203 1930 265 1995 que
289 1906 482 1973 decursibus
504 1905 557 1970 vel
581 1905 668 1969 alia⁸
692 1907 823 1971 omnia*
847 1905 889 1970 ad
912 1907 963 1971 ius
986 1907 1089 1992 ipsius
1105 1908 1293 1971 monasterii
1312 1909 1532 1993 pertinentest
1553 1906 1607 1970 vel
1623 1929 1707 1992 quae
1724 1908 1856 1971 inantea

202 2016 235 2078 in
258 2016 372 2079 iurae⁸
395 2015 497 2100 ipsius
520 2013 583 2077 loci
608 2011 720 2076 divina
743 2013 870 2098 pietash
894 2024 927 2076 et
949 2011 1109 2076 bonorum
1140 2012 1308 2077 hominum
1331 2013 1481 2077 voluntas
1505 2012 1645 2077 voluerit
1675 2014 1789 2098 augeri
1812 2012 1855 2078 ad

158 2147 184 2185 ιι
202 2144 317 2186 causas
347 2118 589 2208 andiend[um]¹
621 2118 674 2182 vel
705 2119 799 2183 freda
828 2119 993 2205 exigenda
1022 2130 1078 2183 aut
1107 2120 1378 2183 mansionaticum
1408 2119 1461 2183 rel
1491 2119 1656 2206 parcitask
1686 2119 1855 2185 faciendas

201 2239 257 2292 aut
278 2226 485 2291 fideiussores
509 2226 666 2290 tollendos
697 2236 753 2289 aut
776 2225 923 2289 homines
946 2226 1049 2311 ipsius
1074 2226 1261 2289 monasterii
1291 2236 1358 2289 tam
1381 2227 1541 2312 ingenuos
1565 2249 1663 2312 quam
1687 2238 1719 2291 et
1742 2250 1854 2292 servos

201 2346 439 2421 superterram
463 2334 566 2419 ipsius
590 2344 834 2396 commanentes
864 2333 982 2396 iniuste
1007 2330 1249 2417 distringendos
1278 2355 1340 2397 nec
1364 2331 1446 2397 ullas
1469 2332 1703 2397 redibitiones¹
1730 2334 1784 2398 vel
1807 2336 1854 2397 in-

201 2452 372 2506 consuetas
397 2441 602 2505 occasionem
633 2439 845 2525 requirendas
875 2437 941 2502 ullo
971 2460 1126 2524 umquem
1156 2449 1302 2526 tempore
1332 2438 1460 2525 ingredi
1485 2438 1604 2503 audeat
1627 2449 1684 2504 aut
1706 2462 1746 2505 ea
1770 2463 1853 2527 quae

201 2571 298 2634 supra
320 2558 479 2611 taxatasm
502 2547 652 2631 paenitus
677 2546 810 2631 exigere
838 2556 1040 2631 praesumat3
1072 2544 1130 2608 sed
1159 2545 1257 2609 liceat
1287 2556 1484 2610 memoratae
1515 2544 1702 2611 abbatissae
1733 2569 1792 2611 seu
1822 2558 1855 2612 et

155 2680 183 2719 so
201 2654 260 2735 his,
283 2655 358 2741 qui¹¹
377 2664 450 2741 post
470 2652 566 2741 [elam
587 2651 732 2716 eiusdem
752 2652 940 2715 monasterii
959 2653 1106 2736 regimen
1125 2650 1309 2733 habuerint,
1336 2675 1401 2717 una
1421 2675 1495 2717 cum
1514 2653 1640 2717 ancillis
1659 2652 1712 2717 dei
1731 2652 1853 2718 ibidem

201 2760 394 2848 degentibus
418 2759 589 2846 tranquille
613 2760 725 2823 vivere
749 2770 782 2822 et
804 2759 1006 2845 propositum
1024 2760 1224 2823 monasticae
1244 2761 1501 2824 conversationis
1526 2761 1634 2845 quiete
1658 2782 1790 2824 servare
1814 2784 1853 2826 ao

200 2891 258 2955 pro
274 2867 378 2932 salute
394 2877 505 2931 nostra
520 2889 578 2931 seu
594 2867 692 2930 totius
708 2866 838 2951 imperii
853 2867 955 2929 nostri
972 2863 1147 2929 stabilitate
1164 2888 1184 2929 a
1200 2865 1262 2930 deo
1278 2864 1373 2930 nobis
1390 2865 1510 2930 conlati
1527 2865 1580 2930 dei
1596 2865 1853 2931 misericordiam

200 2974 384 3061 implorare.
424 2973 632 3059 Quapropter
649 2973 879 3058 praecipimus,
903 2982 940 3036 ut
961 2971 1068 3035 nullus
1087 2971 1156 3035 dux
1174 2972 1319 3036 marchio
1344 2974 1517 3059 episcopus
1537 2995 1646 3037 comes
1670 2974 1853 3038 vicecomes

200 3081 360 3168 gastaldio
393 3079 576 3145 sculdascio
607 3079 732 3143 decano
764 3101 821 3143 seu
849 3078 973 3164 aliqui⁸
996 3079 1098 3142 nostri
1128 3080 1222 3164 regni
1252 3101 1373 3165 magna
1402 3101 1570 3167 parvaque
1597 3102 1738 3166 persona
1760 3103 1853 3167 prae·

153 3213 181 3252 si
199 3190 399 3253 nominatam
428 3186 629 3251 abbatissam
659 3199 756 3273 atque
787 3184 1123 3249 sanctaemonialaes⁸
1146 3184 1228 3250 inibi
1252 3186 1314 3250 deo
1344 3184 1611 3266 famulantibus⁸,
1643 3208 1727 3273 quae
1757 3186 1853 3251 modo

200 3307 275 3360 sunt
297 3296 410 3360 autin
433 3294 540 3358 futuro
564 3292 646 3357 inibi
670 3293 731 3358 deo
756 3293 878 3356 servire
903 3291 1033 3375 debent,
1058 3292 1181 3357 audeat
1204 3292 1376 3357 molestare
1393 3305 1449 3356 aut
1464 3294 1646 3378 iuquietare
1668 3304 1856 3380 praesumat

200 3404 270 3466 sine
293 3402 391 3488 legali
414 3402 545 3465 iudicio.
586 3400 621 3466 Si
645 3403 718 3487 quis
734 3423 812 3464 vero
833 3399 928 3464 huius
945 3400 1047 3464 nostri
1062 3401 1231 3486 praecepti
1248 3399 1455 3485 quaudoque,
1480 3399 1568 3485 quod
1591 3422 1657 3463 non
1680 3400 1854 3481 credimus,

199 3509 337 3573 violator
360 3510 513 3590 extiterit,
545 3510 626 3572 sciat
656 3530 691 3571 se
716 3509 969 3594 compositurum
993 3508 1065 3570 auri
1088 3508 1201 3593 optimi
1230 3505 1330 3571 libras
1353 3506 1451 3587 mille,
1481 3506 1690 3571 medietatem
1719 3506 1853 3571 kamere

198 3627 328 3681 nostrae
345 3627 377 3681 et
393 3615 601 3679 medietatem
616 3614 805 3701 praedictae
821 3614 987 3700 Alpergae
1003 3612 1190 3678 abbatissae
1211 3625 1373 3700 suasque·
1390 3624 1616 3678 successores*
1632 3636 1691 3678 seu
1707 3623 1853 3678 sauctae-

153 3747 181 3786 ιο
199 3722 380 3787 moniales·
403 3721 484 3787 inibi
507 3721 569 3786 deo
593 3720 835 3786 famulantibus.
883 3720 981 3801 Quod
1004 3731 1040 3785 ut
1061 3722 1172 3784 verius
1196 3720 1348 3785 credatur
1371 3730 1404 3785 et
1426 3720 1614 3806 diligentius
1638 3719 1680 3784 ab
1704 3718 1854 3784 omnibus

200 3829 401 3911 observetur,
425 3853 525 3894 manu
548 3830 756 3977 propria'⁸
704 3826 895 3892 roborantes
912 3827 1025 3976 sigillo
1048 3838 1158 3891 nostro
1181 3828 1334 3891 iussimus
1358 3828 1518 3913 insigniri.

305 4094 521 4185 {Heinricus
546 4095 760 4159 cancellarius
783 4095 857 4158 vice
881 4093 1042 4158 Euerardi
1066 4094 1213 4179 episcopi
1237 4104 1270 4158 et
1294 4093 1547 4180 archicapellani
1570 4096 1770 4180 recognovit.
1795 4092 1812 4182 ξ

305 4230 429 4294 Datum
458 4251 543 4292 anno
574 4227 756 4292 dominicae
787 4228 1019 4291 incarnationis
1043 4215 1130 4310 lixi,
1162 4227 1339 4292 indictione
1362 4242 1424 4310 ΧΗ,
1455 4251 1540 4291 anno
1572 4227 1682 4292 domni
1705 4228 1854 4292 Heinrici

152 4359 179 4398 se
197 4338 402 4423 imperatoris
426 4336 554 4420 augusti
579 4335 745 4421 regnantis
768 4348 830 4415 ΧΠ,
860 4335 991 4420 imperii
1014 4335 1084 4399 eius
1108 4350 1136 4417 13
1168 4346 1276 4399 actum
1306 4336 1340 4398 iu
1371 4335 1527 4398 comitatu
1549 4335 1670 4398 Pisano
1697 4335 1752 4398 in⁰
1775 4334 1854 4398 villa

199 4465 283 4530 quac
298 4453 513 4528 nuncupatur
536 4442 692 4523 Fasian03
723 4440 862 4505 feliciter
885 4462 991 4504 amen.

971 4551 1018 4629 (B.
1035 4553 1087 4630 D.)

971 4794 1064 4881 295.

200 4926 378 5015 Heinrich
409 4942 536 5013 nimiu!
571 4939 639 5014 das
668 4966 740 5012 von
767 4939 846 5012 dem
875 4936 1022 5036 Grafea
1047 4940 1189 5014 Lothar
1211 4938 1432 5039 pependere
1456 4938 1601 5013 Kloster
1622 4936 1660 5014 S.
1680 4936 1855 5014 Salvator

151 5096 180 5135 io
197 5087 242 5135 zu
267 5057 415 5135 Settimo
441 5059 522 5134 aad
546 5060 670 5134 descen
697 5058 935 5157 Besitzunpea
960 5060 1002 5131 ia
1026 5060 1150 5132 seinen
1174 5056 1315 5133 Sobata.

1407 5187 1563 5262 pappam
1586 5188 1664 5248 1014
1686 5216 1730 5226 —
1754 5216 1808 5247 -.

309 5313 551 5389 Oripincldiplom
573 5314 615 5372 im
636 5313 665 5372 lc.
683 5312 883 5372 Staatsmrbiu
905 5331 939 5371 zu
963 5312 1089 5372 Floreat
1113 5312 1184 5379 (A).

270 5506 335 5565 291.
359 5508 683 5577 ιι)Μιινιιεοιι’1αιιιοε]ι
699 5508 750 5559 das
764 5524 849 5574 ganza
865 5508 938 5559 Wort
991 5506 1021 5574 h)
1043 5524 1138 5561 soorr.
1150 5512 1226 5559 aust
1286 5506 1307 5573 i)
1328 5507 1554 5560 bratteata
1570 5507 1856 5574 Wortssualcserlr‘cb5

359 5597 386 5633 ιι
402 5581 503 5632 sobriat
521 5577 640 5633 audierui
657 5580 801 5645 catanien
818 5595 853 5629 τιι
872 5579 966 5641 haben,
982 5595 1038 5630 was
1049 5579 1178 5633 riallamht
1190 5578 1284 5630 auris
1272 5596 1302 5630 m
1321 5576 1470 5631 audiendas
1488 5580 1620 5644 aufyelost
1636 5580 1740 5632 werden
1759 5552 1855 5631 Ιιῦιιιιιὲ

151 5671 180 5710 ιι
359 5651 558 5774 loiffp
460 5657 524 5704 nats
539 5655 662 5719 1›;aratas
679 5651 800 5716 offendar
816 5650 863 5700 aar
880 5650 935 5702 ΗΒ
950 5651 993 5701 dis
1006 5650 1122 5716 Vorlaps
1137 5650 1225 5715 faloch
1240 5651 1341 5716 palem
1401 5649 1421 5716 l)
1442 5648 1639 5715 redibitionA,
1657 5667 1714 5703 was
1729 5653 1768 5701 im
1784 5650 1855 5702 Hin-

439 5723 495 5785 auf
500 5724 552 5775 das
563 5694 682 5788 folcardo
693 5721 836 5774 occasione
848 5722 943 5773 cuob'
931 5739 961 5773 m
972 5720 1165 5775 redibitionem
1177 5722 1312 5787 aufycloat
1323 5720 1427 5773 woden
1439 5721 1536 5774 Ιιόιιιιιι
1587 5724 1627 5789 m)
1642 5721 1764 5788 offendar
1774 5724 1856 5775 stand

359 5796 389 5845 ιἰι
406 5794 456 5846 der
474 5794 589 5859 Vorlaqs
605 5793 738 5857 taxatai,
758 5810 814 5846 was
831 5793 886 5845 ΗΒ
903 5793 1041 5859 nummis
1058 5792 1257 5859 obpeschmben
1275 5793 1323 5845 bat
1396 5794 1426 5857 ιι)
1452 5795 1513 5859 uA
1579 5797 1607 5860 o)
1635 5792 1665 5846 in
1682 5795 1738 5859 auf
1752 5794 1855 5850 Rarus·

269 5916 468 5959 hasmrknnden
482 5919 525 5958 111.
1606 5907 1640 5956 46
