4828 6520
910 462 1095 519 ARDUIN
1125 461 1220 519 1005.
1823 455 1887 518 713

238 670 323 735 quae
347 648 467 735 saeper
491 647 552 713 sub
576 649 685 735 specie
715 648 751 712 fit
780 651 922 735 pietatis,
953 648 1063 714 divino
1095 648 1220 736 clipeo8
1243 650 1384 713 munitus
1409 647 1572 714 obviando
1599 658 1666 712 tam
1689 648 1769 734 perh
1791 648 1886 713 huius

238 756 405 842 praecepti
434 754 577 840 regalem
607 756 831 821 auctoritatem
863 778 961 843 quam
990 778 1051 843 per
1080 755 1282 821 tremendum
1306 755 1394 842 quod
1423 754 1524 819 multo
1548 753 1686 840 amplius
1709 754 1887 818 timendum

238 872 288 925 est
310 860 433 925 divini¹
459 863 619 926 examinis
642 861 843 926 condicimus
874 873 1157 949 contestamurque
1187 863 1352 945 iudicium,
1383 872 1420 926 ut
1448 861 1555 925 nullus
1584 862 1684 925 etiam
1713 862 1889 946 imperator

238 979 294 1031 aut
322 990 383 1032 rex
412 969 481 1033 dux
510 969 683 1055 episcopus
712 968 857 1034 marchio
888 992 997 1034 comes
1027 970 1211 1035 vicecomes
1244 969 1367 1034 iudex*
1396 992 1516 1055 magna
1551 990 1718 1054 parvaque
1747 989 1888 1054 persona

205 1073 451 1139 aecclesiastici
483 1075 536 1139 vel
568 1075 725 1140 mundani
757 1076 858 1141 officii
889 1076 1031 1163 aliquam
1060 1078 1128 1141 vim
1157 1076 1211 1140 vel
1240 1075 1422 1141 molestiam
1452 1098 1533 1140 ausu
1563 1076 1687 1140 nefario
1710 1075 1774 1139 iam
1799 1073 1886 1138 dicto

237 1178 350 1244 abbati
373 1180 425 1245 vel
449 1179 691 1246 successoribus
715 1183 807 1247 eius‘
831 1182 872 1246 de
896 1181 1059 1269 aliquibus
1081 1181 1180 1247 rebus
1198 1183 1251 1247 vel
1271 1180 1528 1247 ordinationibus
1548 1193 1580 1246 et
1598 1182 1802 1268 pertinentiis
1822 1181 1887 1244 iam

236 1288 394 1351 nominati
415 1287 479 1353 loci
502 1300 712 1375 praesumant
733 1289 853 1353 infame
876 1288 931 1354 vel
953 1288 995 1354 ab
1019 1288 1134 1354 eodem
1157 1291 1353 1354 monasterio
1377 1290 1503 1353 eteius
1526 1287 1645 1354 abbate
1666 1287 1834 1352 monachis
1854 1299 1887 1352 et

237 1393 360 1457 familia
388 1404 445 1458 aut
473 1394 601 1459 villanis
632 1394 674 1461 ad
704 1397 809 1482 ipsum
840 1395 947 1461 locum
969 1394 1208 1482 pertinentibus
1236 1395 1381 1460 bannum
1403 1394 1456 1459 vel
1480 1394 1623 1481 aliquam
1647 1394 1886 1459 conditioneml

236 1501 411 1587 requirere.
458 1499 560 1566 Cuius
583 1502 771 1566 monasterii
801 1500 904 1566 abbas
928 1526 1002 1567 cum
1025 1502 1066 1567 de
1089 1502 1152 1568 hoc
1179 1503 1299 1569 mundo
1322 1504 1521 1589 migraverit,
1552 1525 1650 1589 quem
1679 1503 1749 1588 ipse
1773 1501 1888 1564 vivens

193 1631 218 1669 m
237 1630 311 1670 cum
333 1609 448 1672 timore
472 1607 526 1672 dei
550 1608 771 1694 designaverit
794 1620 827 1673 et
849 1609 966 1674 fratres
990 1609 1156 1694 elegerint,
1187 1620 1338 1696 suscepto
1369 1608 1410 1673 ab
1440 1619 1645 1673 antecessore
1669 1607 1733 1690 vel,
1766 1609 1794 1671 si
1816 1608 1887 1693 ipse

235 1712 408 1779 defunctus
438 1714 545 1796 fuerit,
576 1713 791 1802 aprincipali
821 1715 944 1780 altarim
966 1716 1134 1802 regiminis
1163 1715 1291 1799 baculo,
1324 1716 1514 1802 dignissime
1541 1715 1613 1780 loco
1637 1714 1887 1802 praecedentis¹¹

236 1818 429 1905 subrogetur
463 1832 496 1886 et
529 1821 697 1886 ordinetur
726 1832 780 1886 et⁰
810 1821 1007 1909 ubicumque
1038 1832 1071 1887 et
1100 1845 1121 1887 a
1153 1845 1357 1910 quocumque
1393 1821 1456 1886 sibi
1489 1822 1657 1908 placuerit,
1693 1822 1824 1903 etiaml’,
1860 1822 1888 1885 si

235 1948 369 1991 necesse
389 1939 470 2011 ests,
490 1930 560 1993 siue
579 1928 675 1994 ullius
695 1928 950 1994 contradictione
970 1929 1012 1994 ab
1032 1940 1145 1995 extero
1164 1940 1393 1995 consecretur*l
1409 1930 1574 2015 episcopo.
1611 1927 1770 1994 Omnibus
1789 1929 1889 2014 igitur

234 2044 378 2118 pateatr,
402 2033 490 2121 quod
509 2034 589 2099 nulli
607 2035 745 2117 mortali,
764 2060 829 2101 nou
848 2038 928 2123 ipsis
948 2038 1046 2101 etiam
1065 2039 1183 2101 nostris
1203 2034 1447 2102 successoribus
1466 2034 1715 2122 imperatoribus
1734 2033 1889 2099 videlicet

191 2164 216 2203 u
235 2162 274 2204 ac
307 2139 460 2226 regibus·
494 2140 535 2206 de
567 2143 714 2229 praefato
747 2145 942 2208 monasterio
976 2145 1111 2230 eiusque
1141 2144 1345 2230 pertinentiis
1375 2143 1428 2207 vel
1458 2143 1492 2206 in
1523 2142 1742 2208 dominatione
1770 2141 1823 2206 vel
1852 2143 1887 2205 in

235 2246 436 2313 ordinatione
471 2271 570 2336 super
603 2247 755 2314 abbatem
789 2249 843 2314 vel
877 2251 1053 2315 monachos
1088 2249 1135 2314 ibi
1170 2250 1327 2336 degentes
1362 2249 1458 2314 aliam
1498 2249 1641 2336 aliquam
1675 2248 1887 2335 relinquimus

233 2365 428 2440 potestatem
438 2367 460 2437 ¹,
492 2356 550 2420 sed
574 2379 686 2421 omnes
709 2357 773 2421 sint
796 2357 961 2422 adiutores
985 2380 1095 2422 eorum
1120 2369 1153 2422 et
1174 2357 1257 2422 locit
1283 2358 1317 2420 in
1340 2355 1426 2421 bono
1451 2357 1504 2420 ets
1529 2357 1665 2442 quavis¹¹
1689 2356 1782 2420 sinev
1804 2377 1887 2420 mer-

235 2461 325 2526 cedis
354 2460 578 2527 retributione.
632 2463 698 2544 Qui
727 2464 789 2528 hoc
819 2464 967 2545 fecerint,
997 2474 1162 2529 consortes
1193 2463 1377 2528 efficiantur
1406 2464 1517 2544 nostri,
1548 2472 1582 2527 ct
1610 2463 1666 2548 qui
1696 2461 1886 2543 deleverint,

235 2566 426 2633 deleantur‘
450 2580 483 2634 et
505 2570 569 2656 ipsi
593 2569 633 2634 de
656 2568 740 2635 libro
764 2572 852 2635 vitae
876 2571 1090 2636 anathematis
1114 2570 1220 2636 iaculo
1245 2571 1385 2635 divinaw
1409 2570 1530 2634 ultione
1553 2571 1712 2656 percussi.
1755 2568 1791 2633 si
1814 2569 1887 2653 quis

189 2699 217 2738 so
235 2685 343 2739 autem
373 2676 435 2741 hoc
465 2677 632 2741 nostrum‘
662 2688 875 2764 praeceptum
905 2677 1082 2763 infringere
1113 2679 1297 2761 tentaverit,
1332 2680 1415 2742 sciat
1449 2699 1485 2741 se
1515 2677 1768 2762 compositurum
1799 2673 1886 2738 mille

235 2780 335 2846 libras
358 2784 439 2864 auri,
469 2783 677 2849 medietatem
701 2806 850 2848 camerae
880 2795 1010 2849 nostrae
1041 2795 1074 2848 et
1095 2784 1303 2849 medietatem
1327 2782 1439 2849 abbati
1462 2784 1564 2871 ipsius
1587 2782 1661 2864 loci,
1693 2783 1746 2847 cui
1768 2781 1888 2845 iniuria

235 2887 301 2953 lata
322 2888 452 2953 fuerit¹.

342 3030 479 3118 Signum
502 3039 591 3112 (M.)³’
614 3032 737 3098 domini
759 3032 920 3097 Ardoini¹
944 3034 1142 3098 serenissimi
1166 3045 1198 3098 et
1220 3034 1425 3099 invictissimi
1448 3035 1545 3121 regis.

342 3174 540 3240 Cuuibertus
563 3175 776 3241 cancellarius
799 3179 872 3241 vice
890 3177 981 3241 Petri
1001 3175 1141 3242 Cumani
1160 3178 1306 3263 episcopi
1329 3187 1361 3241 et
1383 3175 1663 3242 archicancellarii
1685 3174 1885 3261 recognovit.

193 3339 220 3378 rs
341 3317 464 3383 Datum
495 3320 608 3404 quinto
636 3318 703 3384 kal.
727 3317 809 3385 febr.
834 3341 919 3383 anno
949 3318 1132 3384 dominicae
1162 3318 1394 3383 incarnationis
1425 3317 1595 3382 millesimo
1626 3318 1737 3404 quinto
1746 3329 1770 3401 ⁸,
1800 3340 1886 3382 anno

236 3418 337 3489 ⁴verob
366 3423 510 3489 domini⁰
537 3424 675 3492 Ardoini
706 3426 904 3490 serenissimi
934 3426 1019 3512 regis
1049 3425 1231 3511 regnante‘l
1253 3424 1387 3507 tertio⁶3
1419 3435 1527 3490 actum
1543 3424 1718 3509 Vercellis,
1749 3424 1888 3490 feliciter

236 3555 341 3597 amen.

1027 3726 1086 3812 10.

236 3871 384 3945 Alrduin
419 3872 584 3972 beatdtipt
617 3871 696 3945 den
731 3871 901 3945 Alterum
932 3897 1004 3944 voc
1041 3869 1197 3947 Gessiuo
1236 3873 1333 3945 scine
1371 3868 1589 3943 aumentliclr
1623 3868 1885 3968 aufiqefiidrten

191 4024 219 4064 ω
237 3991 484 4090 Besitzooseo·
1464 4046 1507 4054 -
1531 4016 1610 4075 1005
1632 4016 1766 4075 semar
1787 4016 1838 4075 27.

347 4179 590 4255 Ompinatdiplom
612 4179 653 4237 im
675 4179 703 4238 lc.
724 4177 924 4238 Stoutsurcltiv
946 4196 981 4237 zu
1007 4178 1099 4237 Tutin
1124 4178 1196 4245 (A).

343 4313 423 4372 Meu.
439 4313 559 4386 patriae
576 4312 667 4371 ciart.
688 4313 716 4383 1,
729 4313 789 4370 357
806 4315 838 4371 π’
853 4314 916 4374 208
938 4329 992 4371 oua
1009 4314 1037 4370 A
1054 4329 1089 4371 zu
1108 4312 1187 4371 1004
1207 4332 1248 4357 =
1268 4310 1406 4369 Procanc
1425 4308 1510 4368 Sturii
1529 4309 1624 4369 critici
1643 4310 1703 4368 375
1724 4312 1757 4368 n⁰
1772 4310 1820 4368 30.
1843 4338 1881 4347 -

343 4420 467 4493 Stumps
480 4419 551 4494 ch.
569 4419 647 4477 1849
669 4437 705 4477 zu
727 4420 816 4480 1004.

343 4554 427 4612 ΝαεΙι
455 4552 559 4612 Dictat
587 4552 727 4612 desselben
757 4552 889 4623 isannes,
918 4572 973 4613 voa
1001 4553 1129 4612 welches
1156 4553 1204 4611 dic
1233 4550 1305 4611 DD.
1329 4550 1363 4611 0.
1380 4550 1445 4610 ΠΙ.
1462 4552 1534 4621 408,
1564 4549 1600 4610 Α.
1619 4552 1688 4609 6.8
1716 4550 1884 4622 bendireu,

342 4661 518 4735 ymcimeben
546 4679 600 4719 von
630 4660 698 4719 zwci
720 4664 799 4718 sonat
821 4660 899 4719 nicht
921 4660 1076 4720 Manates
1098 4660 1235 4729 Hltndcn,
1264 4678 1319 4717 von
1342 4659 1461 4717 welches
1485 4658 1532 4717 dic
1553 4658 1615 4717 ciue
1636 4657 1690 4716 deu
1711 4658 1885 4732 Haupttbeil

343 4768 396 4827 der
422 4767 566 4837 Urlcuada
595 4767 642 4826 dic
671 4766 775 4826 andem
796 4767 843 4825 die
865 4766 962 4826 Worte
983 4768 1113 4825 Ardoini
1144 4767 1336 4825 serenissimi
1366 4771 1399 4823 et
1427 4765 1479 4824 der
1502 4763 1699 4840 Siquamzeilc
1728 4764 1883 4824 111εοοο-

343 4875 536 4949 pnitioaszeilc
557 4875 616 4933 and
637 4874 691 4933 dus
715 4874 903 4949 Toqesdctum
925 4874 1043 4934 schrieb.
1082 4873 1147 4933 Der
1168 4874 1264 4932 zwdte
1287 4872 1436 4932 Scireiber
1458 4873 1497 4931 ist
1518 4872 1659 4931 vielleimt
1681 4871 1732 4930 der
1755 4872 1885 4930 Kouzler

345 4982 502 5055 Gotesred5
531 4981 586 5056 aql.
607 4980 783 5040 Hollzmunu
811 4982 843 5039 in
865 4981 904 5040 N.
925 4982 1034 5040 Archiv
1055 4983 1107 5051 25,
1122 4981 1183 5042 460
1206 4982 1291 5039 Anm.
1307 4981 1336 5039 4,
1380 4968 1456 5040 Uber
1483 4981 1529 5039 die
1552 4979 1715 5054 Daticruny
1736 4997 1760 5038 s.
1780 4980 1885 5039 ebmdo

342 5090 404 5147 450
419 5091 443 5158 s.

342 5258 373 5312 a.
397 5257 558 5324 0001101
577 5258 602 5309 0
673 5259 704 5325 g)
722 5258 817 5325 clypeo
834 5256 885 5308 BR
955 5256 985 5321 h)
1002 5257 1042 5318 R;
1060 5255 1153 5309 aubB
1218 5254 1238 5323 i)
1261 5257 1299 5316 0,·
1319 5256 1388 5319 fehlt
1406 5258 1479 5309 inB
1542 5254 1573 5323 k)
1592 5256 1632 5318 0,·
1650 5254 1732 5307 iudex
1750 5253 1885 5308 iudicialis

397 5346 467 5398 mag.
486 5329 511 5379 B
583 5329 603 5397 l)
623 5328 864 5382 condictionemB
935 5330 973 5393 m)
993 5327 1083 5380 altiori
1100 5329 1127 5379 0
1188 5330 1217 5393 n)
1235 5326 1409 5395 praecedenti
1426 5327 1451 5379 B
1517 5336 1545 5393 o)
1567 5328 1638 5379 utB
1702 5329 1732 5394 p)
1753 5325 1837 5379 etiam
1850 5357 1883 5365 —

397 5405 439 5453 est
464 5401 531 5464 fehlt
555 5402 585 5451 tn
604 5401 630 5451 0
710 5404 739 5466 q)
768 5402 942 5451 consacretur
958 5400 984 5451 0
1054 5402 1079 5466 r)
1106 5399 1171 5458 BT,-
1196 5400 1313 5466 patetB
1388 5401 1411 5468 a)
1438 5398 1548 5465 regibus
1567 5398 1686 5465 aliquam
1705 5397 1884 5465 relinquimus

397 5474 562 5539 potestatem
581 5470 615 5522 de
633 5469 757 5538 praelato
775 5469 941 5522 monasterio
959 5478 1011 5524 etc.
1033 5471 1061 5536 T,
1089 5486 1129 5522 ico
1153 5472 1202 5522 der
1219 5471 1327 5523 Schtusa
1351 5470 1397 5523 der
1415 5471 1551 5523 Coum
1574 5469 1641 5534 sebit
1730 5474 1753 5535 t)
1782 5476 1810 5522 et
1832 5469 1884 5522 boc

397 5544 424 5594 in
444 5542 469 5593 0
550 5544 578 5605 u)
601 5540 764 5607 quamvisR
847 5548 875 5607 v)
898 5541 926 5592 in
944 5542 996 5593 00
1078 5542 1114 5609 w)
1140 5540 1222 5610 digna
1239 5543 1265 5593 0
1347 5546 1377 5607 x)
1405 5541 1488 5594 fuerit
1506 5548 1557 5597 etc.
1574 5542 1607 5605 0,
1628 5557 1666 5593 wo
1684 5542 1809 5607 siquam-
1827 5542 1885 5592 und

397 5614 644 5679 Recopsitionazetle
661 5612 749 5676 fehlen
819 5612 847 5678 y)
865 5612 933 5676 fetu
951 5614 1023 5664 inT
1092 5615 1117 5678 z)
1143 5613 1182 5675 T;
1200 5611 1326 5679 Ardoyui
1343 5612 1368 5664 B
1446 5620 1472 5677 a)
1492 5614 1554 5673 BT,·
1573 5615 1643 5667 1005
1659 5613 1699 5675 0,·
1724 5614 1772 5664 der
1790 5613 1885 5665 Druck

396 5685 444 5735 der
462 5685 523 5739 DD.
542 5701 605 5737 eom.
625 5684 781 5751 Valpcrptue
799 5684 846 5734 hot
865 5683 924 5733 bier
942 5684 1105 5735 willemum
1123 5687 1153 5735 in
1171 5691 1226 5735 mv
1243 5683 1369 5749 pedatim
1434 5685 1464 5749 b)
1486 5683 1572 5737 nostri
1593 5684 1618 5735 Τ
1680 5688 1706 5751 c)
1727 5685 1795 5748 fehlt
1813 5688 1842 5736 tn
1861 5686 1884 5736 0

397 5755 425 5819 d)
444 5761 577 5821 regnante
602 5770 673 5806 anno
693 5754 774 5806 tertio
791 5755 828 5819 B;
847 5754 985 5821 regnantia
1004 5759 1021 5810 3
1038 5756 1069 5821 T3
1091 5755 1188 5807 sowobl
1201 5754 1250 5806 der
1267 5756 1372 5806 omitto
1387 5757 1436 5806 wie
1450 5757 1499 5807 der
1514 5755 1620 5807 notatio
1638 5758 1674 5807 iat
1693 5756 1813 5822 inopius,
1832 5759 1883 5824 vol.

395 5828 438 5878 da
456 5828 517 5882 DD.
531 5832 555 5881 8.
570 5831 613 5891 10,
629 5824 746 5878 secundo
759 5825 792 5889 0,
811 5840 851 5876 wo
868 5834 1001 5893 regnante
1019 5827 1092 5891 sealt.

292 5952 490 5994 Kaiserurkundcn
506 5953 547 5996 111.
1616 5942 1651 5991 90
