4800 6516
1110 385 1569 444 KAISERURKUNDEN.

623 584 811 654 metreta
832 602 887 643 oon
905 583 980 656 ΕΒ,·
1001 583 1055 643 das
1072 582 1177 642 Dictat
1198 583 1359 653 manliensi
1381 603 1435 642 von
1453 583 1518 642 EA.
1558 582 1625 642 Fr‘lr
1646 583 1702 643 den
1723 588 1816 643 ersten
1837 583 1896 642 und
1912 589 2059 657 pressores
2079 580 2173 639 Tbes'l

622 687 674 746 der
701 690 837 750 Urlnnde
863 691 904 749 ist
925 689 994 749 Do.
1020 688 1084 748 ΠΙ.
1105 690 1147 749 72
1170 689 1251 757 (VU.
1277 689 1312 758 I)
1342 690 1526 749 semittelbar
1548 690 1593 749 ale
1618 689 1738 765 Vorlepe
1760 690 1880 760 benna,
1911 690 1998 748 wobei
2026 688 2171 747 wadel-st

623 798 685 857 eine
703 796 817 856 Ambl
838 816 893 856 von
915 796 1040 856 Felslem
1061 795 1155 856 dieser
1173 796 1293 871 Verlupe
1314 797 1478 856 wiederbolt
1500 798 1576 867 sind,
1599 796 1647 855 dte
1668 801 1726 856 erat
1748 797 1839 856 derel
1860 795 2072 871 mbtrdpliclse
2095 793 2169 853 Gor·

623 909 720 963 rentur
741 904 867 979 beeeitipt
888 903 1014 962 werden.
1061 901 1125 961 Der
1146 903 1243 962 πνείει
1268 902 1351 962 Tbeil
1372 904 1421 962 des
1442 903 1483 962 D.
1508 903 1585 963 lebat
1606 904 1666 963 siclt
1688 922 1727 962 an
1749 902 1981 963 D0.111.399
2005 902 2086 969 (VU.
2107 900 2169 969 ΙΙ)

623 1030 672 1081 aa,
702 1011 772 1070 decb
794 1010 870 1070 wird
892 1011 924 1068 in
946 1008 987 1068 D.
1009 1010 1048 1068 49
1070 1010 1124 1068 dus
1146 1008 1324 1079 Miner-ecit,
1353 1010 1431 1069 nieht
1460 1011 1514 1069 wie
1540 1011 1573 1069 in
1595 1010 1647 1069 der
1668 1009 1730 1070 VU.
1754 1010 1808 1069 das
1830 1010 2020 1080 Mcrbtrecbl,
2050 1011 2081 1067 in
2110 1010 2169 1068 den
2199 1029 2219 1068 s

628 1117 831 1192 Vorderpmnd
852 1118 968 1191 pustellt.
993 1145 1037 1154 —
1060 1116 1097 1185 A,
1121 1116 1174 1175 das
1196 1120 1255 1175 eret
1276 1117 1446 1192 benedices
1467 1135 1521 1176 aas
1540 1117 1592 1177 der
1609 1116 1760 1177 Collection
1778 1116 1911 1176 Delattre
1932 1118 1964 1175 in
1981 1118 2036 1176 dns
2053 1117 2170 1176 Archiv

622 1225 783 1299 pelcommen
805 1224 854 1293 ist,
883 1242 947 1283 war
969 1224 1083 1298 ldnpere
1105 1222 1170 1282 Zeit
1196 1223 1237 1281 im
1259 1223 1358 1282 Beate
1380 1224 1456 1283 eines
1478 1223 1710 1294 Privatmannes,
1740 1224 1792 1283 der
1813 1224 1867 1283 des
1888 1222 1929 1282 D.
1954 1225 2091 1283 wdlrend
2114 1224 2170 1283 der

624 1330 796 1390 Revoletioo
822 1335 907 1388 enter
927 1330 991 1388 ἄεννν
1013 1329 1177 1389 Fussboden
1206 1329 1296 1388 seim
1318 1330 1433 1389 Hennes
1461 1331 1614 1405 verborpen
1636 1331 1720 1390 butte.
1767 1329 1826 1390 Die
1852 1331 1988 1391 Urlnnde
2013 1332 2052 1389 ist
2074 1332 2167 1390 daber

623 1437 714 1497 durcb
736 1436 920 1508 Mausesrass
946 1436 1029 1494 otarls
1052 1436 1230 1511 sennenn
1259 1436 1330 1496 decb
1352 1437 1419 1495 liess
1440 1437 1501 1496 eicb
1523 1436 1575 1496 der
1600 1437 1674 1496 Terei
1701 1438 1754 1496 mit
1776 1436 1864 1509 Hilt‘e
1885 1438 1937 1497 der
1957 1438 2160 1497 Vorurknndes

622 1545 683 1603 end
705 1545 754 1603 dee
775 1542 908 1602 Dmekes
929 1561 984 1602 oon
1006 1542 1100 1601 Motu
1121 1543 1232 1602 ἄᾶεναᾶἱ
1254 1543 1307 1601 mit
1329 1541 1487 1602 Stoberbet't
1508 1544 1665 1603 herstellen
2175 1569 2205 1606 io

626 1747 678 1837 [In
699 1749 829 1813 nomine
858 1757 991 1811 sanetae
1021 1758 1053 1810 et
1082 1745 1271 1811 individuae
1295 1747 1458 1810 trinitatis.
1503 1747 1680 1811 Heinricus
1704 1747 1815 1812 divina
1838 1748 1968 1812 favente
1992 1748 2165 1812 clementia

518 1878 588 1919 rex.
693 1855 814 1918 Notum
844 1855 886 1917 sit
915 1852 1064 1919 omnibus
1086 1851 1237 1917 fidelibus
1261 1854 1380 1917 nostris
1403 1864 1469 1917 tam
1492 1853 1719 1941 praesentibus
1742 1877 1840 1940 quam
1864 1865 1896 1918 et
1919 1854 2045 1935 futirris,
2077 1855 2170 1941 qnod

483 1989 494 2028 1
518 1961 560 2026 ob
583 1962 763 2026 remedium
793 1962 923 2025 animae
952 1970 1081 2024 nostrae
1106 1971 1139 2023 et
1168 1969 1410 2023 antecessorum
1440 1971 1623 2025 nostrorum
1654 1961 1778 2025 scilicet
1806 1962 2038 2047 imperatorum
2061 1972 2095 2025 et
2117 1993 2173 2042 per

517 2084 701 2133 interventum
717 2095 734 2127 s
755 2081 876 2132 fidelium
901 2088 1056 2131 nostrorum
1072 2093 1089 2125 s
1110 2044 1296 2130 concessimus
1319 2067 1469 2130 renovari
1488 2067 1650 2153 quaedam
1674 2069 1795 2153 scripta
1817 2089 1929 2132 sanctae
1953 2082 1998 2132 dei
2022 2084 2172 2148 genitricis

518 2190 622 2240 Mariae
650 2173 897 2240 Cameracensis
928 2173 1096 2255 ecelesiae,
1123 2188 1159 2236 ob
1185 2202 1306 2237 amorem
1330 2186 1374 2236 dei
1400 2181 1461 2249 etl⁸
1482 2186 1709 2252 tranquillitatem
1734 2183 1858 2251 [fratrum
1884 2188 1986 2239 ibidem
2011 2191 2171 2240 consisteri·
2192 2200 2220 2238 ιε

517 2279 596 2347 riuis
605 2281 797 2370 annulentes
820 2283 875 2369 pie
898 2279 1060 2368 pe[titioni
1083 2278 1282 2343 venerabilis
1306 2281 1453 2366 episcopi
1475 2279 1655 2361 Erleuuiui,
1680 2281 1736 2365 qui
1759 2280 1866 2344 eidem
1889 2280 2048 2345 ecclesiae
2071 2305 2171 2367 prae-

518 2412 589 2454 esse
619 2389 759 2453 videtur.
806 2387 899 2453 Sicut
929 2388 1028 2473 igitur
1056 2389 1127 2473 ipse
1157 2399 1348 2466 postulavit*
1376 2395 1536 2465 elpiseopus
1561 2415 1612 2465 pro
1638 2402 1678 2450 rei
1704 2400 1838 2460 firmitate,
1867 2389 2062 2473 recipientes
2092 2412 2171 2478 prq-

517 2497 616 2561 falam
640 2511 733 2561 eedem
759 2493 813 2559 inb
832 2506 963 2560 nostrae
989 2509 1168 2558 immunitatis
1184 2520 1202 2551 s
1222 2508 1381 2557 tuitionem
1400 2494 1490 2578 regio
1506 2492 1607 2556 verbo
1623 2508 1759 2568 iubemus,
1779 2516 1809 2557 ut
1824 2507 1915 2558 nullus
1935 2510 2018 2559 iudex
2035 2509 2171 2575 publicus

519 2614 578 2681 [aut
601 2617 702 2683 aliquis
726 2632 818 2667 cemes
837 2614 881 2666 vel
901 2613 1033 2680 quislibet
1059 2631 1091 2664 ex
1118 2614 1263 2663 iudiciaria
1286 2620 1422 2679 potestate
1448 2615 1476 2662 iu
1496 2612 1628 2663 ecelesias
1652 2622 1700 2663 ant
1720 2614 1782 2665 loca
1800 2610 1855 2678 vel]
1876 2632 1957 2680 agros
1976 2632 2026 2667 sen
2044 2616 2171 2683 reliquas

519 2815 624 2904 [regni
647 2831 733 2880 uestri
751 2832 823 2880 iuste
843 2835 871 2879 et
890 2827 1016 2894 legaliter
1034 2833 1184 2878 memorata
1203 2833 1279 2876 tenet
1297 2824 1341 2875 vel
1361 2827 1485 2891 possidet
1504 2825 1631 2886 ecclesia,
1650 2827 1694 2877 vel
1714 2844 1757 2887 ea,
1776 2844 1846 2893 qnae
1866 2825 2009 2895 deinleeps
2033 2839 2053 2879 a
2072 2832 2168 2882 catho-

518 2937 578 2987 licis
597 2939 664 2987 viris
683 2938 772 2988 eidem
790 2928 932 2987 collata‘l
948 2936 1050 2985 luerint
1068 2933 1213 2991 aeclesiae,
1232 2933 1267 2982 ad
1287 2948 1385 2982 causas
1404 2933 1576 2983 audiendae⁰
1597 2941 1645 2982 aut
1663 2935 1741 2985 freda
1757 2935 1801 2986 vel
1821 2938 1975 2988 mansiones
1991 2938 2036 2989 vel
2055 2948 2168 3005 paratae

517 3045 658 3095 faciendas
687 3040 746 3107 [aut
771 3044 948 3093 fideiussores
972 3041 1112 3091 tollendos
1138 3046 1187 3090 ant
1212 3039 1335 3089 homiues
1361 3039 1447 3103 ipsius
1467 3038 1602 3089 ecclesiae
1621 3047 1676 3090 tam
1699 3042 1834 3107 ingenuos
1853 3059 1934 3108 quam
1954 3060 2049 3095 servos
2071 3042 2169 3113 sulper

517 2726 707 2790 possessiones
726 2724 813 2789 ipsius
833 2721 994 2781 aecclesiae,
1014 2737 1083 2786 quas
1102 2720 1233 2770 moderno
1251 2728 1374 2785 tempore
1392 2718 1604 2784 inquibuslibet
1622 2722 1701 2786 pagis
1718 2721 1761 2771 vel
1782 2723 1934 2772 teritoriis0
1951 2724 2021 2772 infra
2034 2724 2169 2775 ditionem
2189 2734 2217 2773 ao

517 3158 617 3201 terram
642 3152 729 3216 ipsius
749 3157 951 3200 commanentes
976 3163 1150 3214 nequaquam
1170 3145 1374 3210 distringendos
1398 3144 1441 3195 uel
1470 3145 1539 3195 ullae
1565 3148 1761 3199 retributiones
1787 3156 1835 3199 ant
1859 3149 1979 3200 inlicitas
2003 3154 2167 3204 occasiones

518 3259 695 3322 requirendae
713 3259 814 3307 uostris
833 3264 861 3307 et
879 3257 979 3306 futuris
999 3255 1168 3321 temporibus
1190 3247 1347 3317 [inlgheldi
1365 3248 1489 3316 eudelat]
1511 3252 1554 3302 vel
1579 3238 1664 3328 quql
1688 3251 1784 3320 e[npra
1802 3263 1951 3307 memorata
1972 3268 2037 3309 sunt
2055 3262 2167 3325 penitus
2186 3266 2215 3305 ὅ

518 3367 627 3430 exigere
654 3370 817 3431 praesumat.
854 3364 908 3413 Sed
928 3357 1021 3424 liceat]
1042 3368 1192 3411 memorato
1212 3359 1315 3427 presuli
1341 3361 1452 3424 suisque
1478 3362 1686 3411 suecessoribus
1710 3378 1753 3411 res
1776 3360 1928 3429 predi[ctee
1948 3365 2085 3416 ecclesiae
2104 3384 2167 3417 cnm
2369 3368 2370 3413 i

518 3466 637 3535 cellulis]
664 3478 704 3522 et·
717 3472 798 3521 rebus
821 3470 864 3520 vel
890 3470 1045 3519 bominibus
1072 3469 1124 3517 sibi
1149 3466 1275 3531 legaliter
1300 3467 1431 3516 subiectis
1458 3467 1509 3515 sub
1532 3464 1722 3531 immunita[tis
1747 3464 1866 3532 nostrae]
1892 3471 2053 3523 defensione
2072 3475 2166 3538 quieto

518 3579 614 3629 ordine
635 3575 786 3645 [possidere
807 3586 834 3628 et
851 3584 946 3627 nostro
969 3572 1099 3638 fidleliter
1124 3592 1219 3641 parere
1243 3574 1358 3638 imperio
1378 3580 1460 3637 atque
1480 3590 1528 3639 pro
1548 3573 1700 3624 stabilitate
1719 3584 1813 3626 nostra
1831 3576 1875 3627 vei
1895 3579 1979 3627 totius
2004 3568 2125 3651 regni&
2150 3598 2167 3631 a

517 3687 570 3737 deo
592 3683 681 3751 [uobis
701 3685 796 3735 collati
815 3684 859 3735 vel
879 3678 1072 3746 conlservandi
1098 3698 1153 3731 una
1179 3696 1241 3730 cum
1265 3659 1339 3729 clero
1366 3688 1393 3730 et
1419 3679 1523 3746 populo
1549 3682 1602 3730 sibi
1628 3683 1754 3732 subiecto
1775 3682 1859 3734 libere
1879 3684 1924 3734 dei
1949 3687 2166 3738 misericordiam

518 3789 678 3857 exorlsrel,
698 3800 726 3843 et
745 3792 875 3858 quiequid
896 3790 994 3840 exinde
1013 3790 1095 3839 fiscus
1114 3796 1209 3837 noster
1227 3783 1349 3852 exligere
1369 3782 1502 3851 poteratl,
1521 3789 1550 3836 in
1569 3781 1753 3838 luminariall
1775 3791 1862 3856 ipsius
1881 3790 2035 3843 aecclesiae
2055 3797 2165 3844 coneiu-
2185 3799 2213 3837 ³⁰

517 3902 607 3952 nanda
626 3898 823 3966 perpetualiter
840 3898 1025 3947 concessimus
1045 3896 1080 3945 ad
1097 3894 1260 3944 habendum.
1298 3894 1415 3957 insuper
1434 3900 1527 3944 nostra
1547 3892 1692 3957 largitione
1712 3898 1887 3946 concedimus
1906 3899 2012 3967 prefato
2034 3902 2166 3967 episcopo

518 4014 545 4058 et
562 4008 769 4057 successoribus
790 4005 849 4054 eins
868 4018 948 4053 omne
968 4001 1125 4051 theloneum
1145 4017 1206 4049 curn
1227 4008 1336 4049 moneta
1355 4001 1474 4049 civitatis
1494 4017 1542 4070 sup
1561 3998 1787 4065 Camer[acensis,
1807 4021 1840 4053 eo
1858 3999 2002 4067 ridellieet
2020 4015 2117 4059 tenore
2136 4016 2167 4059 ut

517 4130 616 4164 novem
642 4120 733 4179 partes
761 4113 952 4176 episcoporum
979 4107 1274 4171 usibus,deputeutnr‚
1300 4106 1406 4156 decima
1429 4123 1495 4157 vero
1519 4124 1582 4173 pars
1609 4108 1643 4157 ad
1670 4125 1735 4158 usus
1761 4110 1874 4160 fratrum
1901 4113 2023 4162 eiusdem
2051 4131 2165 4181 congre·

516 4222 636 4285 gationis
665 4216 863 4285 perpetualiter
890 4217 918 4265 in
948 4214 1124 4265 elemosinam
1153 4220 1273 4263 nostram
1299 4214 1431 4279 proficiat.
1476 4215 1604 4283 Pretereu
1630 4217 1834 4275 constituimus,
1862 4234 1896 4267 ne
1923 4221 1984 4283 quis
2013 4216 2093 4285 [dux]
2120 4222 2163 4273 rel

518 4325 620 4392 [eomes
644 4333 726 4391 atque
751 4319 883 4385 vicalrins
907 4338 956 4372 seu
981 4319 1111 4386 quislibet
1131 4337 1163 4369 ex
1186 4318 1331 4369 iudiciaria
1357 4328 1493 4385 potestate
1519 4329 1639 4371 nostrum
1657 4336 1673 4366 s
1695 4321 1799 4374 violare
1825 4334 1964 4394 presumat
1991 4317 2165 4394 auctorita·
2184 4342 2213 4381 st

516 4417 616 4484 tems.
661 4433 741 4494 Quod
761 4433 785 4481 si
804 4431 907 4488 lecerit,
932 4429 1022 4478 carreis
1042 4419 1206 4491 regalibusk
1232 4428 1268 4476 sit
1287 4429 1421 4477 obnoxius
1446 4434 1473 4477 et
1498 4429 1608 4494 iusuper
1633 4422 1745 4479 solidisl
1772 4431 1821 4481 Dc
1845 4431 1991 4498 culpabilis
2016 4436 2165 4496 iudicetur,

518 4527 575 4614 [ita
598 4546 628 4589 ut
647 4540 718 4589 duae
737 4546 828 4605 partes
848 4522 891 4586 ad
910 4535 1062 4585 archiumm
1081 4535 1167 4599 ipsius
1185 4528 1331 4595 eccllcsiee
1351 4534 1528 4584 admittantur
1547 4543 1574 4585 et
1592 4537 1718 4587 terciam
1737 4537 1844 4588 [iscusn
1863 4539 1963 4604 regalis
1983 4550 2078 4593 noster
2096 4546 2165 4594 reei-

516 4650 586 4713 piat,
613 4653 643 4696 ut
669 4644 761 4695 nullus
781 4643 836 4694 tale
857 4643 922 4708 quid
942 4642 1044 4692 audere
1064 4640 1193 4705 deinceps
1216 4647 1363 4704 presumat.
1406 4626 1545 4713 Insuper
1575 4628 1677 4714 regali
1707 4642 1817 4694 nostra
1845 4633 2070 4699 munificentia
2092 4660 2165 4725 prq-

470 4763 494 4801 11
516 4741 582 4804 fato
606 4741 760 4826 episeopo
785 4737 915 4831 suisque
947 4731 1189 4797 successoribus
1215 4742 1401 4808 [concedimus
1428 4746 1565 4799 licentiam
1589 4751 1707 4800 faciendi
1725 4765 1741 4795 s
1762 4758 1910 4802 monetam
1937 4755 1965 4819 in
1982 4768 1999 4797 s
2021 4751 2166 4818 calstello

516 4870 601 4911 novo
625 4845 713 4932 quod
740 4860 880 4907 vocatnr⁰
1064 4870 1125 4902 eum
1152 4851 1280 4903 thelonco
1307 4860 1438 4903 mercato
1464 4841 1680 4926 vectigalibus
1705 4856 1737 4907 el
1764 4847 1851 4908 omni
1879 4859 1989 4925 publica
2013 4862 2213 4923 functionem

517 4953 645 5017 adiecta
665 4964 794 5015 nostrae
818 4948 1028 5013 immunitatis
1048 4946 1157 5027 tutela,
1182 4946 1410 5033 precipientes,
1435 4948 1586 5032 quatinus
1606 4980 1699 5013 omnes
1720 4949 1841 5015 ibidem
1862 4963 2046 5031 [negotiantes
2063 4983 2080 5013 ι
2102 4970 2165 5022 tali

517 5090 589 5139 pece
609 5070 642 5123 el
664 5058 736 5143 lege
761 5067 901 5133 utantur,
926 5063 1021 5133 qua]li
1039 5080 1055 5110 s
1073 5066 1291 5116 Cameracenses
1314 5062 1447 5115 utuntur
1470 5070 1665 5132 nogotiatores.
1683 5085 1699 5115 s
1721 5073 1755 5121 Et
1776 5080 1805 5122 ut
1824 5074 1891 5123 hnec
1910 5082 2012 5124 nostra
2030 5090 2047 5120 s
2068 5085 2166 5130 aucto-

2362 6300 2367 6327 l

604 5288 650 5344 49.
677 5286 823 5356 [Bresslan]
879 5288 904 5349 a)
923 5286 974 5335 das
991 5283 1218 5347 einpeklammerte
1235 5283 1294 5332 bier
1313 5283 1369 5333 und
1387 5286 1422 5335 im
1442 5285 1577 5350 folpendea
1596 5305 1647 5339 ane
1665 5289 1699 5340 Μ
1713 5297 1824 5357 erprinzt
1903 5291 1932 5360 b)
1951 5292 1979 5343 in
1998 5296 2056 5358 auf
2070 5297 2168 5349 Rnenr

677 5364 702 5423 c)
722 5376 737 5409 e
756 5359 811 5421 auf
826 5358 936 5415 Rasum·
960 5354 1016 5406 VL'.
1036 5353 1181 5404 territoriis
1271 5352 1300 5419 d)
1319 5356 1370 5405 doe
1387 5359 1474 5406 meite
1497 5373 1512 5407 a
1535 5373 1623 5419 com·
1644 5360 1703 5413 VU.
1724 5361 1823 5435 coliate
1912 5366 1937 5428 e)
1958 5365 2009 5416 dae
2034 5371 2125 5420 cavete
2150 5386 2167 5421 a

674 5446 743 5482 corr.
831 5427 852 5491 l)
874 5444 910 5493 qu
929 5442 999 5477 corr.
1018 5441 1069 5474 usca
1087 5441 1134 5487 ea3
1154 5423 1195 5476 vei
1215 5441 1247 5475 en
1265 5442 1347 5491 snpra
1370 5426 1427 5478 VU.
1512 5429 1541 5495 gl
1562 5429 1639 5497 regni
1658 5433 1714 5493 auf
1728 5433 1838 5493 Romam·
1863 5435 2083 5489 wabrscber'nlicb
2107 5458 2167 5491 war
2185 5461 2214 5500 ω

675 5506 765 5552 zuen
791 5497 898 5565 imperii
915 5497 1078 5561 pmcbrieben
1104 5498 1152 5545 wie
1169 5498 1199 5546 ι’νι
1217 5496 1265 5546 der
1284 5496 1341 5550 VU.
1425 5495 1454 5561 h)
1471 5499 1521 5550 das
1538 5499 1610 5550 letne
1629 5517 1644 5551 e
1662 5505 1717 5567 anf
1732 5504 1841 5567 Bonam·
1866 5506 2088 5560 welereslminlicli
2106 5529 2168 5563 war

675 5570 853 5624 luminaribus
870 5566 1034 5633 peecbrieben
1052 5568 1100 5617 wsb
1119 5568 1146 5615 in
1159 5566 1206 5616 der
1222 5566 1280 5618 VU.
1353 5567 1373 5632 i)
1389 5568 1438 5617 (lus
1456 5571 1486 5618 in
1498 5570 1545 5621 der
1562 5572 1618 5624 Vll.
1638 5576 1818 5638 auspelassene
1836 5576 2028 5630 auctoritatem
2047 5581 2096 5631 but
2114 5583 2168 5635 ΕΒ

676 5648 786 5709 erycen
864 5640 893 5704 k)
911 5638 979 5689 libus
998 5653 1066 5690 corr.
1085 5654 1136 5687 aus
1158 5635 1198 5688 lili
1275 5637 1295 5699 l)
1312 5654 1356 5688 am
1375 5654 1391 5689 o
1411 5638 1553 5691 Correctur
1631 5650 1668 5707 m)
1690 5645 1766 5705 170,ι
1785 5646 1935 5699 marchium
1955 5648 1987 5698 i!
2066 5654 2096 5717 n)
2118 5654 2136 5705 a
2156 5657 2171 5706 f

676 5717 732 5777 nref
747 5715 857 5771 linear:
876 5709 957 5761 tertia
978 5708 1035 5761 l'U.
1114 5716 1141 5772 o)
1163 5708 1251 5758 latebo
1269 5709 1319 5770 fiir
1337 5709 1386 5759 den
1404 5709 1508 5762 Numen
1526 5716 1555 5762 in
1574 5715 1598 5764 A
1618 5716 1689 5765 niem
1708 5719 1854 5783 anspefallt
