<?xml version="1.0" encoding="UTF-8"?>
<!DOCTYPE html PUBLIC "-//W3C//DTD XHTML 1.0 Transitional//EN"
    "http://www.w3.org/TR/xhtml1/DTD/xhtml1-transitional.dtd">
<html xmlns="http://www.w3.org/1999/xhtml" xml:lang="en" lang="en">
 <head>
  <title>
</title>
<meta http-equiv="Content-Type" content="text/html;charset=utf-8" />
  <meta name='ocr-system' content='tesseract 3.04.00' />
  <meta name='ocr-capabilities' content='ocr_page ocr_carea ocr_par ocr_line ocrx_word'/>
</head>
<body>
  <div class='ocr_page' id='page_1' title='image "./monumentagerman01gescgoog_0344.png"; bbox 0 0 4760 6512; ppageno 0'>
   <div class='ocr_carea' id='block_1_1' title="bbox 826 433 1867 497">
    <p class='ocr_par' dir='ltr' id='par_1_1' title="bbox 826 433 1867 497">
     <span class='ocr_line' id='line_1_1' title="bbox 826 433 1867 497; baseline 0.004 -6"><span class='ocrx_word' id='word_1_1' title='bbox 826 437 1059 493; x_wconf 78' lang='lat' dir='ltr'>HEINRICH</span> <span class='ocrx_word' id='word_1_2' title='bbox 1082 439 1121 495; x_wconf 89' lang='grc' dir='ltr'>ΙΙ.</span> <span class='ocrx_word' id='word_1_3' title='bbox 1163 437 1259 497; x_wconf 85' lang='grc'><strong><em>1013.</em></strong></span> <span class='ocrx_word' id='word_1_4' title='bbox 1804 433 1867 496; x_wconf 84' lang='grc'>309</span> 
     </span>
    </p>
   </div>
   <div class='ocr_carea' id='block_1_2' title="bbox 164 620 1870 3273">
    <p class='ocr_par' dir='ltr' id='par_1_2' title="bbox 164 620 1870 3273">
     <span class='ocr_line' id='line_1_2' title="bbox 218 620 1867 691; baseline 0.007 -10"><span class='ocrx_word' id='word_1_5' title='bbox 218 642 380 683; x_wconf 89' lang='lat' dir='ltr'>cessorem</span> <span class='ocrx_word' id='word_1_6' title='bbox 393 632 537 684; x_wconf 82' lang='lat' dir='ltr'>nostrum</span> <span class='ocrx_word' id='word_1_7' title='bbox 550 620 654 685; x_wconf 89' lang='lat' dir='ltr'>felicis</span> <span class='ocrx_word' id='word_1_8' title='bbox 667 632 699 685; x_wconf 91' lang='lat' dir='ltr'>et</span> <span class='ocrx_word' id='word_1_9' title='bbox 716 621 823 687; x_wconf 90' lang='lat' dir='ltr'>bonae</span> <span class='ocrx_word' id='word_1_10' title='bbox 839 626 1015 689; x_wconf 82' lang='lat' dir='ltr'>memoriae</span> <span class='ocrx_word' id='word_1_11' title='bbox 1031 626 1168 691; x_wconf 88' lang='lat' dir='ltr'>tercium</span> <span class='ocrx_word' id='word_1_12' title='bbox 1183 627 1359 691; x_wconf 87' lang='lat' dir='ltr'>Ottonemy</span> <span class='ocrx_word' id='word_1_13' title='bbox 1375 648 1521 691; x_wconf 76' lang='lat' dir='ltr'>cesarem</span> <span class='ocrx_word' id='word_1_14' title='bbox 1536 627 1673 691; x_wconf 88' lang='lat' dir='ltr'>veniens</span> <span class='ocrx_word' id='word_1_15' title='bbox 1689 626 1867 691; x_wconf 85' lang='lat' dir='ltr'>humillime</span> 
     </span>
     <span class='ocr_line' id='line_1_3' title="bbox 217 724 1867 821; baseline 0.005 -33"><span class='ocrx_word' id='word_1_16' title='bbox 217 724 423 812; x_wconf 80' lang='lat' dir='ltr'>precabatur,</span> <span class='ocrx_word' id='word_1_17' title='bbox 453 738 488 790; x_wconf 90' lang='lat' dir='ltr'>ut</span> <span class='ocrx_word' id='word_1_18' title='bbox 510 726 694 813; x_wconf 90' lang='lat' dir='ltr'>predictum</span> <span class='ocrx_word' id='word_1_19' title='bbox 717 729 874 815; x_wconf 90' lang='lat' dir='ltr'>oppidum</span> <span class='ocrx_word' id='word_1_20' title='bbox 896 730 1039 796; x_wconf 89' lang='lat' dir='ltr'>futurum</span> <span class='ocrx_word' id='word_1_21' title='bbox 1062 733 1193 819; x_wconf 89' lang='lat' dir='ltr'>iamque</span> <span class='ocrx_word' id='word_1_22' title='bbox 1216 734 1448 821; x_wconf 85' lang='lat' dir='ltr'>monasterium</span> <span class='ocrx_word' id='word_1_23' title='bbox 1473 756 1546 798; x_wconf 90' lang='lat' dir='ltr'>cum</span> <span class='ocrx_word' id='word_1_24' title='bbox 1570 733 1774 820; x_wconf 89' lang='lat' dir='ltr'>appendiciis</span> <span class='ocrx_word' id='word_1_25' title='bbox 1798 735 1867 820; x_wconf 92' lang='lat' dir='ltr'>qui-</span> 
     </span>
     <span class='ocr_line' id='line_1_4' title="bbox 217 831 1868 925; baseline 0.005 -29"><span class='ocrx_word' id='word_1_26' title='bbox 217 831 419 919; x_wconf 89' lang='lat' dir='ltr'>buscumque</span> <span class='ocrx_word' id='word_1_27' title='bbox 443 832 486 897; x_wconf 89' lang='lat' dir='ltr'>ad</span> <span class='ocrx_word' id='word_1_28' title='bbox 509 833 570 897; x_wconf 91' lang='lat' dir='ltr'>hoc</span> <span class='ocrx_word' id='word_1_29' title='bbox 601 835 838 920; x_wconf 88' lang='lat' dir='ltr'>pertinentibus</span> <span class='ocrx_word' id='word_1_30' title='bbox 869 836 929 901; x_wconf 87' lang='lat' dir='ltr'>sub</span> <span class='ocrx_word' id='word_1_31' title='bbox 960 838 1129 903; x_wconf 84' lang='lat' dir='ltr'>tuitionem</span> <span class='ocrx_word' id='word_1_32' title='bbox 1159 850 1192 903; x_wconf 91' lang='lat' dir='ltr'>et</span> <span class='ocrx_word' id='word_1_33' title='bbox 1222 838 1488 904; x_wconf 88' lang='lat' dir='ltr'>mundiburdium</span> <span class='ocrx_word' id='word_1_34' title='bbox 1516 839 1627 925; x_wconf 90' lang='lat' dir='ltr'>regale</span> <span class='ocrx_word' id='word_1_35' title='bbox 1657 838 1713 904; x_wconf 86' lang='lat' dir='ltr'>illa</span> <span class='ocrx_word' id='word_1_36' title='bbox 1742 841 1868 904; x_wconf 90' lang='lat' dir='ltr'>ratione</span> 
     </span>
     <span class='ocr_line' id='line_1_5' title="bbox 217 941 1869 1033; baseline 0.004 -30"><span class='ocrx_word' id='word_1_37' title='bbox 217 941 378 1025; x_wconf 88' lang='lat' dir='ltr'>reciperet</span> <span class='ocrx_word' id='word_1_38' title='bbox 387 950 410 1019; x_wconf 68' lang='lat'>³,</span> <span class='ocrx_word' id='word_1_39' title='bbox 430 963 494 1026; x_wconf 90' lang='lat' dir='ltr'>quo</span> <span class='ocrx_word' id='word_1_40' title='bbox 510 942 773 1006; x_wconf 81' lang='lat' dir='ltr'>sanctimoniales</span> <span class='ocrx_word' id='word_1_41' title='bbox 788 942 908 1008; x_wconf 89' lang='lat' dir='ltr'>femine</span> <span class='ocrx_word' id='word_1_42' title='bbox 925 967 1000 1008; x_wconf 89' lang='lat' dir='ltr'>cum</span> <span class='ocrx_word' id='word_1_43' title='bbox 1016 945 1142 1031; x_wconf 89' lang='lat' dir='ltr'>prefato</span> <span class='ocrx_word' id='word_1_44' title='bbox 1162 946 1327 1032; x_wconf 90' lang='lat' dir='ltr'>episcopo,</span> <span class='ocrx_word' id='word_1_45' title='bbox 1347 948 1380 1009; x_wconf 92' lang='lat' dir='ltr'>in</span> <span class='ocrx_word' id='word_1_46' title='bbox 1396 948 1488 1011; x_wconf 89' lang='lat' dir='ltr'>cuius</span> <span class='ocrx_word' id='word_1_47' title='bbox 1508 946 1679 1033; x_wconf 78' lang='lat' dir='ltr'>parrochia</span> <span class='ocrx_word' id='word_1_48' title='bbox 1696 944 1869 1011; x_wconf 90' lang='lat' dir='ltr'>cenobium</span> 
     </span>
     <span class='ocr_line' id='line_1_6' title="bbox 164 1045 1869 1135; baseline 0.001 -20"><span class='ocrx_word' id='word_1_49' title='bbox 164 1045 297 1115; x_wconf 79' lang='lat' dir='ltr'>‚sillod</span> <span class='ocrx_word' id='word_1_50' title='bbox 321 1047 416 1110; x_wconf 90' lang='lat' dir='ltr'>situm</span> <span class='ocrx_word' id='word_1_51' title='bbox 441 1057 499 1129; x_wconf 88' lang='lat' dir='ltr'>est,</span> <span class='ocrx_word' id='word_1_52' title='bbox 531 1046 666 1112; x_wconf 90' lang='lat' dir='ltr'>liberam</span> <span class='ocrx_word' id='word_1_53' title='bbox 690 1047 849 1113; x_wconf 88' lang='lat' dir='ltr'>haberent</span> <span class='ocrx_word' id='word_1_54' title='bbox 871 1050 1059 1115; x_wconf 87' lang='lat' dir='ltr'>facultatem</span> <span class='ocrx_word' id='word_1_55' title='bbox 1084 1051 1260 1117; x_wconf 85' lang='lat' dir='ltr'>electiones</span> <span class='ocrx_word' id='word_1_56' title='bbox 1284 1053 1370 1117; x_wconf 88' lang='lat' dir='ltr'>inter</span> <span class='ocrx_word' id='word_1_57' title='bbox 1393 1075 1427 1117; x_wconf 90' lang='lat' dir='ltr'>se</span> <span class='ocrx_word' id='word_1_58' title='bbox 1450 1054 1570 1135; x_wconf 88' lang='lat' dir='ltr'>facere,</span> <span class='ocrx_word' id='word_1_59' title='bbox 1600 1054 1628 1117; x_wconf 92' lang='lat' dir='ltr'>si</span> <span class='ocrx_word' id='word_1_60' title='bbox 1651 1053 1724 1117; x_wconf 89' lang='lat' dir='ltr'>talis</span> <span class='ocrx_word' id='word_1_61' title='bbox 1748 1054 1869 1117; x_wconf 90' lang='lat' dir='ltr'>inesset</span> 
     </span>
     <span class='ocr_line' id='line_1_7' title="bbox 217 1154 1868 1245; baseline 0.004 -29"><span class='ocrx_word' id='word_1_62' title='bbox 217 1175 367 1239; x_wconf 86' lang='lat' dir='ltr'>persona,</span> <span class='ocrx_word' id='word_1_63' title='bbox 398 1176 482 1239; x_wconf 91' lang='lat' dir='ltr'>quae</span> <span class='ocrx_word' id='word_1_64' title='bbox 514 1154 691 1219; x_wconf 88' lang='lat' dir='ltr'>earundem</span> <span class='ocrx_word' id='word_1_65' title='bbox 721 1155 842 1243; x_wconf 90' lang='lat' dir='ltr'>presuli</span> <span class='ocrx_word' id='word_1_66' title='bbox 873 1157 1037 1242; x_wconf 85' lang='lat' dir='ltr'>condigna</span> <span class='ocrx_word' id='word_1_67' title='bbox 1059 1157 1235 1239; x_wconf 86' lang='lat' dir='ltr'>videretur,</span> <span class='ocrx_word' id='word_1_68' title='bbox 1267 1160 1336 1223; x_wconf 87' lang='lat' dir='ltr'>sive</span> <span class='ocrx_word' id='word_1_69' title='bbox 1368 1158 1499 1223; x_wconf 89' lang='lat' dir='ltr'>aliunde</span> <span class='ocrx_word' id='word_1_70' title='bbox 1523 1160 1609 1224; x_wconf 86' lang='lat' dir='ltr'>infra</span> <span class='ocrx_word' id='word_1_71' title='bbox 1631 1159 1777 1224; x_wconf 89' lang='lat' dir='ltr'>eiusdem</span> <span class='ocrx_word' id='word_1_72' title='bbox 1801 1162 1868 1245; x_wconf 91' lang='lat' dir='ltr'>epi-</span> 
     </span>
     <span class='ocr_line' id='line_1_8' title="bbox 218 1260 1869 1353; baseline 0.005 -31"><span class='ocrx_word' id='word_1_73' title='bbox 218 1260 320 1347; x_wconf 86' lang='lat' dir='ltr'>scopii</span> <span class='ocrx_word' id='word_1_74' title='bbox 336 1264 502 1343; x_wconf 87' lang='lat' dir='ltr'>terminos,</span> <span class='ocrx_word' id='word_1_75' title='bbox 522 1260 626 1325; x_wconf 86' lang='lat' dir='ltr'>sicubi</span> <span class='ocrx_word' id='word_1_76' title='bbox 643 1262 853 1329; x_wconf 68' lang='lat' dir='ltr'>inveniretis.</span> <span class='ocrx_word' id='word_1_77' title='bbox 892 1263 1135 1329; x_wconf 75' lang='lat' dir='ltr'>Advocationes</span> <span class='ocrx_word' id='word_1_78' title='bbox 1151 1266 1274 1351; x_wconf 87' lang='lat' dir='ltr'>pariter</span> <span class='ocrx_word' id='word_1_79' title='bbox 1289 1277 1321 1329; x_wconf 89' lang='lat' dir='ltr'>et</span> <span class='ocrx_word' id='word_1_80' title='bbox 1339 1265 1457 1330; x_wconf 85' lang='lat' dir='ltr'>similia</span> <span class='ocrx_word' id='word_1_81' title='bbox 1473 1289 1601 1353; x_wconf 88' lang='lat' dir='ltr'>queque</span> <span class='ocrx_word' id='word_1_82' title='bbox 1619 1267 1665 1330; x_wconf 88' lang='lat' dir='ltr'>eis</span> <span class='ocrx_word' id='word_1_83' title='bbox 1681 1267 1869 1331; x_wconf 86' lang='lat' dir='ltr'>necessaria</span> 
     </span>
     <span class='ocr_line' id='line_1_9' title="bbox 218 1368 1868 1459; baseline 0.004 -29"><span class='ocrx_word' id='word_1_84' title='bbox 218 1368 327 1431; x_wconf 88' lang='lat' dir='ltr'>omnia</span> <span class='ocrx_word' id='word_1_85' title='bbox 356 1389 430 1432; x_wconf 91' lang='lat' dir='ltr'>cum</span> <span class='ocrx_word' id='word_1_86' title='bbox 461 1391 622 1433; x_wconf 87' lang='lat' dir='ltr'>consensu</span> <span class='ocrx_word' id='word_1_87' title='bbox 652 1369 797 1456; x_wconf 85' lang='lat' dir='ltr'>episcopi</span> <span class='ocrx_word' id='word_1_88' title='bbox 828 1382 860 1433; x_wconf 89' lang='lat' dir='ltr'>et</span> <span class='ocrx_word' id='word_1_89' title='bbox 889 1380 975 1449; x_wconf 83' lang='lat' dir='ltr'>voto,</span> <span class='ocrx_word' id='word_1_90' title='bbox 1006 1384 1041 1435; x_wconf 91' lang='lat' dir='ltr'>ut</span> <span class='ocrx_word' id='word_1_91' title='bbox 1072 1370 1134 1435; x_wconf 91' lang='lat' dir='ltr'>sibi</span> <span class='ocrx_word' id='word_1_92' title='bbox 1164 1372 1288 1437; x_wconf 90' lang='lat' dir='ltr'>licitum</span> <span class='ocrx_word' id='word_1_93' title='bbox 1319 1383 1405 1437; x_wconf 90' lang='lat' dir='ltr'>esset</span> <span class='ocrx_word' id='word_1_94' title='bbox 1435 1372 1626 1459; x_wconf 86' lang='lat' dir='ltr'>disponere,</span> <span class='ocrx_word' id='word_1_95' title='bbox 1657 1374 1868 1459; x_wconf 82' lang='lat' dir='ltr'>impetrantes</span> 
     </span>
     <span class='ocr_line' id='line_1_10' title="bbox 218 1472 1868 1565; baseline 0.004 -30"><span class='ocrx_word' id='word_1_96' title='bbox 218 1472 418 1560; x_wconf 88' lang='lat' dir='ltr'>optinebant.</span> <span class='ocrx_word' id='word_1_97' title='bbox 464 1474 560 1539; x_wconf 86' lang='lat' dir='ltr'>Nunc</span> <span class='ocrx_word' id='word_1_98' title='bbox 584 1497 673 1560; x_wconf 88' lang='lat' dir='ltr'>ergo,</span> <span class='ocrx_word' id='word_1_99' title='bbox 698 1475 776 1562; x_wconf 90' lang='lat' dir='ltr'>quia</span> <span class='ocrx_word' id='word_1_100' title='bbox 800 1475 912 1540; x_wconf 88' lang='lat' dir='ltr'>divina</span> <span class='ocrx_word' id='word_1_101' title='bbox 934 1479 1041 1563; x_wconf 87' lang='lat' dir='ltr'>gratia</span> <span class='ocrx_word' id='word_1_102' title='bbox 1063 1490 1145 1542; x_wconf 69' lang='lat' dir='ltr'>nos*</span> <span class='ocrx_word' id='word_1_103' title='bbox 1168 1480 1329 1565; x_wconf 90' lang='lat' dir='ltr'>imperare</span> <span class='ocrx_word' id='word_1_104' title='bbox 1354 1479 1511 1561; x_wconf 86' lang='lat' dir='ltr'>decrevit,</span> <span class='ocrx_word' id='word_1_105' title='bbox 1542 1479 1584 1544; x_wconf 88' lang='lat' dir='ltr'>ad</span> <span class='ocrx_word' id='word_1_106' title='bbox 1607 1493 1752 1545; x_wconf 89' lang='lat' dir='ltr'>nostram</span> <span class='ocrx_word' id='word_1_107' title='bbox 1776 1479 1868 1545; x_wconf 90' lang='lat' dir='ltr'>celsi-</span> 
     </span>
     <span class='ocr_line' id='line_1_11' title="bbox 173 1579 1867 1673; baseline 0.004 -29"><span class='ocrx_word' id='word_1_108' title='bbox 173 1607 199 1645; x_wconf 88' lang='grc' dir='ltr'>ιι</span> <span class='ocrx_word' id='word_1_109' title='bbox 217 1579 362 1644; x_wconf 86' lang='lat' dir='ltr'>tudinem</span> <span class='ocrx_word' id='word_1_110' title='bbox 387 1593 601 1665; x_wconf 89' lang='lat' dir='ltr'>recurrentes,</span> <span class='ocrx_word' id='word_1_111' title='bbox 633 1581 805 1647; x_wconf 90' lang='lat' dir='ltr'>cenobium</span> <span class='ocrx_word' id='word_1_112' title='bbox 836 1582 915 1647; x_wconf 89' lang='lat' dir='ltr'>illud</span> <span class='ocrx_word' id='word_1_113' title='bbox 946 1585 1080 1671; x_wconf 89' lang='lat' dir='ltr'>eiusque</span> <span class='ocrx_word' id='word_1_114' title='bbox 1111 1585 1203 1650; x_wconf 89' lang='lat' dir='ltr'>dotes</span> <span class='ocrx_word' id='word_1_115' title='bbox 1227 1608 1285 1650; x_wconf 92' lang='lat' dir='ltr'>seu</span> <span class='ocrx_word' id='word_1_116' title='bbox 1308 1609 1531 1673; x_wconf 89' lang='lat' dir='ltr'>quascumque</span> <span class='ocrx_word' id='word_1_117' title='bbox 1555 1587 1725 1651; x_wconf 87' lang='lat' dir='ltr'>facultates</span> <span class='ocrx_word' id='word_1_118' title='bbox 1748 1597 1784 1650; x_wconf 91' lang='lat' dir='ltr'>ut</span> <span class='ocrx_word' id='word_1_119' title='bbox 1807 1585 1867 1651; x_wconf 94' lang='lat' dir='ltr'>sub</span> 
     </span>
     <span class='ocr_line' id='line_1_12' title="bbox 217 1688 1868 1779; baseline 0.004 -29"><span class='ocrx_word' id='word_1_120' title='bbox 217 1688 318 1750; x_wconf 89' lang='lat' dir='ltr'>nostri</span> <span class='ocrx_word' id='word_1_121' title='bbox 342 1688 518 1752; x_wconf 89' lang='lat' dir='ltr'>tuicionem</span> <span class='ocrx_word' id='word_1_122' title='bbox 548 1700 580 1752; x_wconf 90' lang='lat' dir='ltr'>et</span> <span class='ocrx_word' id='word_1_123' title='bbox 610 1690 846 1754; x_wconf 89' lang='lat' dir='ltr'>immunitatem</span> <span class='ocrx_word' id='word_1_124' title='bbox 875 1691 967 1754; x_wconf 83' lang='lat' dir='ltr'>iuxta</span> <span class='ocrx_word' id='word_1_125' title='bbox 996 1691 1144 1756; x_wconf 87' lang='lat' dir='ltr'>ordinem</span> <span class='ocrx_word' id='word_1_126' title='bbox 1174 1694 1367 1778; x_wconf 88' lang='lat' dir='ltr'>premissum</span> <span class='ocrx_word' id='word_1_127' title='bbox 1390 1694 1597 1779; x_wconf 86' lang='lat' dir='ltr'>recipiamus,</span> <span class='ocrx_word' id='word_1_128' title='bbox 1621 1692 1798 1779; x_wconf 88' lang='lat' dir='ltr'>flagrantes</span> <span class='ocrx_word' id='word_1_129' title='bbox 1820 1694 1868 1757; x_wconf 90' lang='lat' dir='ltr'>in-</span> 
     </span>
     <span class='ocr_line' id='line_1_13' title="bbox 218 1793 1867 1885; baseline 0.004 -28"><span class='ocrx_word' id='word_1_130' title='bbox 218 1793 318 1858; x_wconf 89' lang='lat' dir='ltr'>hiant.</span> <span class='ocrx_word' id='word_1_131' title='bbox 354 1794 499 1875; x_wconf 76' lang='lat' dir='ltr'>Quorum</span> <span class='ocrx_word' id='word_1_132' title='bbox 518 1794 747 1882; x_wconf 82' lang='lat' dir='ltr'>peticionibus,</span> <span class='ocrx_word' id='word_1_133' title='bbox 767 1797 845 1882; x_wconf 90' lang='lat' dir='ltr'>quia</span> <span class='ocrx_word' id='word_1_134' title='bbox 862 1798 964 1861; x_wconf 88' lang='lat' dir='ltr'>iustas</span> <span class='ocrx_word' id='word_1_135' title='bbox 983 1800 1113 1880; x_wconf 88' lang='lat' dir='ltr'>scimus,</span> <span class='ocrx_word' id='word_1_136' title='bbox 1134 1821 1303 1863; x_wconf 87' lang='lat' dir='ltr'>assensum</span> <span class='ocrx_word' id='word_1_137' title='bbox 1319 1798 1494 1885; x_wconf 89' lang='lat' dir='ltr'>prebemus</span> <span class='ocrx_word' id='word_1_138' title='bbox 1514 1810 1546 1863; x_wconf 90' lang='lat' dir='ltr'>et</span> <span class='ocrx_word' id='word_1_139' title='bbox 1565 1798 1659 1864; x_wconf 91' lang='lat' dir='ltr'>huius</span> <span class='ocrx_word' id='word_1_140' title='bbox 1676 1801 1867 1865; x_wconf 87' lang='lat' dir='ltr'>auctoritate</span> 
     </span>
     <span class='ocr_line' id='line_1_14' title="bbox 217 1901 1868 1993; baseline 0.004 -29"><span class='ocrx_word' id='word_1_141' title='bbox 217 1902 365 1987; x_wconf 89' lang='lat' dir='ltr'>precepti</span> <span class='ocrx_word' id='word_1_142' title='bbox 388 1901 573 1966; x_wconf 89' lang='lat' dir='ltr'>confirmari</span> <span class='ocrx_word' id='word_1_143' title='bbox 596 1902 755 1967; x_wconf 88' lang='lat' dir='ltr'>volumus.</span> <span class='ocrx_word' id='word_1_144' title='bbox 793 1903 1018 1991; x_wconf 90' lang='lat' dir='ltr'>Precipientes</span> <span class='ocrx_word' id='word_1_145' title='bbox 1043 1927 1120 1991; x_wconf 88' lang='lat' dir='ltr'>crgo</span> <span class='ocrx_word' id='word_1_146' title='bbox 1143 1904 1303 1988; x_wconf 89' lang='lat' dir='ltr'>iubemus,</span> <span class='ocrx_word' id='word_1_147' title='bbox 1334 1918 1369 1970; x_wconf 91' lang='lat' dir='ltr'>ut</span> <span class='ocrx_word' id='word_1_148' title='bbox 1391 1905 1498 1970; x_wconf 90' lang='lat' dir='ltr'>nullus</span> <span class='ocrx_word' id='word_1_149' title='bbox 1521 1906 1621 1971; x_wconf 81' lang='lat' dir='ltr'>iudex</span> <span class='ocrx_word' id='word_1_150' title='bbox 1644 1905 1794 1993; x_wconf 89' lang='lat' dir='ltr'>publicus</span> <span class='ocrx_word' id='word_1_151' title='bbox 1815 1907 1868 1971; x_wconf 89' lang='lat' dir='ltr'>vel</span> 
     </span>
     <span class='ocr_line' id='line_1_15' title="bbox 217 2007 1867 2097; baseline 0.004 -26"><span class='ocrx_word' id='word_1_152' title='bbox 217 2007 390 2072; x_wconf 88' lang='lat' dir='ltr'>iudiciaria</span> <span class='ocrx_word' id='word_1_153' title='bbox 413 2007 558 2095; x_wconf 88' lang='lat' dir='ltr'>quelibet</span> <span class='ocrx_word' id='word_1_154' title='bbox 580 2020 724 2096; x_wconf 90' lang='lat' dir='ltr'>potestas</span> <span class='ocrx_word' id='word_1_155' title='bbox 747 2033 808 2075; x_wconf 89' lang='lat' dir='ltr'>nec</span> <span class='ocrx_word' id='word_1_156' title='bbox 832 2010 949 2097; x_wconf 86' lang='lat' dir='ltr'>aliquis</span> <span class='ocrx_word' id='word_1_157' title='bbox 972 2024 1105 2076; x_wconf 90' lang='lat' dir='ltr'>sanctae</span> <span class='ocrx_word' id='word_1_158' title='bbox 1127 2011 1181 2076; x_wconf 90' lang='lat' dir='ltr'>dei</span> <span class='ocrx_word' id='word_1_159' title='bbox 1203 2011 1362 2077; x_wconf 90' lang='lat' dir='ltr'>ecclesiae</span> <span class='ocrx_word' id='word_1_160' title='bbox 1386 2035 1443 2076; x_wconf 89' lang='lat' dir='ltr'>seu</span> <span class='ocrx_word' id='word_1_161' title='bbox 1467 2014 1569 2077; x_wconf 89' lang='lat' dir='ltr'>nostri</span> <span class='ocrx_word' id='word_1_162' title='bbox 1592 2012 1698 2077; x_wconf 86' lang='lat' dir='ltr'>fidelis</span> <span class='ocrx_word' id='word_1_163' title='bbox 1721 2013 1794 2078; x_wconf 87' lang='lat' dir='ltr'>lcca</span> <span class='ocrx_word' id='word_1_164' title='bbox 1815 2014 1867 2078; x_wconf 91' lang='lat' dir='ltr'>vel</span> 
     </span>
     <span class='ocr_line' id='line_1_16' title="bbox 173 2114 1868 2206; baseline 0.005 -30"><span class='ocrx_word' id='word_1_165' title='bbox 173 2138 199 2177; x_wconf 88' lang='grc' dir='ltr'>ιι</span> <span class='ocrx_word' id='word_1_166' title='bbox 218 2137 314 2200; x_wconf 87' lang='lat' dir='ltr'>agros</span> <span class='ocrx_word' id='word_1_167' title='bbox 337 2138 395 2179; x_wconf 89' lang='lat' dir='ltr'>seu</span> <span class='ocrx_word' id='word_1_168' title='bbox 418 2114 560 2201; x_wconf 89' lang='lat' dir='ltr'>reliquas</span> <span class='ocrx_word' id='word_1_169' title='bbox 583 2117 816 2203; x_wconf 85' lang='lat' dir='ltr'>possessiones,</span> <span class='ocrx_word' id='word_1_170' title='bbox 847 2140 928 2204; x_wconf 89' lang='lat' dir='ltr'>quas</span> <span class='ocrx_word' id='word_1_171' title='bbox 958 2118 1113 2182; x_wconf 89' lang='lat' dir='ltr'>moderno</span> <span class='ocrx_word' id='word_1_172' title='bbox 1144 2130 1288 2206; x_wconf 90' lang='lat' dir='ltr'>tempore</span> <span class='ocrx_word' id='word_1_173' title='bbox 1312 2121 1538 2205; x_wconf 85' lang='lat' dir='ltr'>prenominata</span> <span class='ocrx_word' id='word_1_174' title='bbox 1566 2118 1706 2184; x_wconf 88' lang='lat' dir='ltr'>ecclesia</span> <span class='ocrx_word' id='word_1_175' title='bbox 1728 2121 1811 2184; x_wconf 89' lang='lat' dir='ltr'>iuste</span> <span class='ocrx_word' id='word_1_176' title='bbox 1836 2131 1868 2184; x_wconf 91' lang='lat' dir='ltr'>et</span> 
     </span>
     <span class='ocr_line' id='line_1_17' title="bbox 219 2221 1868 2313; baseline 0.003 -28"><span class='ocrx_word' id='word_1_177' title='bbox 219 2221 460 2287; x_wconf 82' lang='lat' dir='ltr'>racionabiliter</span> <span class='ocrx_word' id='word_1_178' title='bbox 493 2223 660 2310; x_wconf 89' lang='lat' dir='ltr'>possidere</span> <span class='ocrx_word' id='word_1_179' title='bbox 694 2223 826 2289; x_wconf 87' lang='lat' dir='ltr'>videtur</span> <span class='ocrx_word' id='word_1_180' title='bbox 859 2226 893 2289; x_wconf 92' lang='lat' dir='ltr'>in</span> <span class='ocrx_word' id='word_1_181' title='bbox 927 2227 1021 2312; x_wconf 88' lang='lat' dir='ltr'>pagis</span> <span class='ocrx_word' id='word_1_182' title='bbox 1056 2224 1238 2313; x_wconf 88' lang='lat' dir='ltr'>quibusque</span> <span class='ocrx_word' id='word_1_183' title='bbox 1272 2226 1324 2290; x_wconf 93' lang='lat' dir='ltr'>vel</span> <span class='ocrx_word' id='word_1_184' title='bbox 1359 2227 1544 2309; x_wconf 83' lang='lat' dir='ltr'>territoriis,</span> <span class='ocrx_word' id='word_1_185' title='bbox 1580 2226 1736 2313; x_wconf 90' lang='lat' dir='ltr'>quicquid</span> <span class='ocrx_word' id='word_1_186' title='bbox 1769 2228 1868 2291; x_wconf 88' lang='lat' dir='ltr'>etiam</span> 
     </span>
     <span class='ocr_line' id='line_1_18' title="bbox 217 2328 1869 2416; baseline 0.003 -24"><span class='ocrx_word' id='word_1_187' title='bbox 217 2328 372 2416; x_wconf 88' lang='lat' dir='ltr'>deinceps</span> <span class='ocrx_word' id='word_1_188' title='bbox 403 2342 537 2415; x_wconf 89' lang='lat' dir='ltr'>propter</span> <span class='ocrx_word' id='word_1_189' title='bbox 566 2329 712 2394; x_wconf 87' lang='lat' dir='ltr'>divinum</span> <span class='ocrx_word' id='word_1_190' title='bbox 742 2353 884 2396; x_wconf 89' lang='lat' dir='ltr'>amorem</span> <span class='ocrx_word' id='word_1_191' title='bbox 915 2330 1038 2396; x_wconf 89' lang='lat' dir='ltr'>ibidem</span> <span class='ocrx_word' id='word_1_192' title='bbox 1068 2331 1219 2397; x_wconf 90' lang='lat' dir='ltr'>collatum</span> <span class='ocrx_word' id='word_1_193' title='bbox 1249 2333 1361 2415; x_wconf 80' lang='lat' dir='ltr'>fuerit,</span> <span class='ocrx_word' id='word_1_194' title='bbox 1393 2333 1436 2397; x_wconf 89' lang='lat' dir='ltr'>ad</span> <span class='ocrx_word' id='word_1_195' title='bbox 1466 2356 1582 2397; x_wconf 87' lang='lat' dir='ltr'>causas</span> <span class='ocrx_word' id='word_1_196' title='bbox 1611 2332 1792 2398; x_wconf 85' lang='lat' dir='ltr'>audiendas</span> <span class='ocrx_word' id='word_1_197' title='bbox 1816 2333 1869 2398; x_wconf 87' lang='lat' dir='ltr'>vel</span> 
     </span>
     <span class='ocr_line' id='line_1_19' title="bbox 217 2436 1870 2525; baseline 0.003 -26"><span class='ocrx_word' id='word_1_198' title='bbox 217 2436 310 2500; x_wconf 90' lang='lat' dir='ltr'>freda</span> <span class='ocrx_word' id='word_1_199' title='bbox 339 2436 503 2521; x_wconf 79' lang='lat' dir='ltr'>exigenda</span> <span class='ocrx_word' id='word_1_200' title='bbox 533 2458 591 2500; x_wconf 89' lang='lat' dir='ltr'>seu</span> <span class='ocrx_word' id='word_1_201' title='bbox 621 2439 807 2501; x_wconf 88' lang='lat' dir='ltr'>mansiones</span> <span class='ocrx_word' id='word_1_202' title='bbox 838 2437 891 2502; x_wconf 84' lang='lat' dir='ltr'>vel</span> <span class='ocrx_word' id='word_1_203' title='bbox 925 2449 1056 2525; x_wconf 87' lang='lat' dir='ltr'>paratas</span> <span class='ocrx_word' id='word_1_204' title='bbox 1091 2438 1260 2504; x_wconf 90' lang='lat' dir='ltr'>faciendas</span> <span class='ocrx_word' id='word_1_205' title='bbox 1295 2451 1350 2504; x_wconf 86' lang='lat' dir='ltr'>aut</span> <span class='ocrx_word' id='word_1_206' title='bbox 1382 2440 1589 2504; x_wconf 88' lang='lat' dir='ltr'>fideiussores</span> <span class='ocrx_word' id='word_1_207' title='bbox 1622 2439 1781 2504; x_wconf 90' lang='lat' dir='ltr'>tollendos</span> <span class='ocrx_word' id='word_1_208' title='bbox 1812 2450 1870 2505; x_wconf 88' lang='lat' dir='ltr'>aut</span> 
     </span>
     <span class='ocr_line' id='line_1_20' title="bbox 216 2542 1868 2633; baseline 0.004 -27"><span class='ocrx_word' id='word_1_209' title='bbox 216 2542 363 2608; x_wconf 88' lang='lat' dir='ltr'>homines</span> <span class='ocrx_word' id='word_1_210' title='bbox 387 2544 489 2630; x_wconf 89' lang='lat' dir='ltr'>ipsius</span> <span class='ocrx_word' id='word_1_211' title='bbox 519 2543 583 2608; x_wconf 91' lang='lat' dir='ltr'>loci</span> <span class='ocrx_word' id='word_1_212' title='bbox 610 2554 677 2608; x_wconf 89' lang='lat' dir='ltr'>tam</span> <span class='ocrx_word' id='word_1_213' title='bbox 701 2546 859 2630; x_wconf 89' lang='lat' dir='ltr'>ingenuos</span> <span class='ocrx_word' id='word_1_214' title='bbox 884 2568 982 2632; x_wconf 88' lang='lat' dir='ltr'>quam</span> <span class='ocrx_word' id='word_1_215' title='bbox 1005 2556 1038 2609; x_wconf 91' lang='lat' dir='ltr'>et</span> <span class='ocrx_word' id='word_1_216' title='bbox 1061 2568 1173 2609; x_wconf 88' lang='lat' dir='ltr'>servos</span> <span class='ocrx_word' id='word_1_217' title='bbox 1197 2547 1315 2611; x_wconf 92' lang='lat' dir='ltr'>iniuste</span> <span class='ocrx_word' id='word_1_218' title='bbox 1340 2546 1580 2633; x_wconf 86' lang='lat' dir='ltr'>distringendos</span> <span class='ocrx_word' id='word_1_219' title='bbox 1603 2546 1656 2611; x_wconf 93' lang='lat' dir='ltr'>vel</span> <span class='ocrx_word' id='word_1_220' title='bbox 1679 2546 1761 2611; x_wconf 91' lang='lat' dir='ltr'>ullas</span> <span class='ocrx_word' id='word_1_221' title='bbox 1784 2547 1868 2612; x_wconf 88' lang='lat' dir='ltr'>redi·</span> 
     </span>
     <span class='ocr_line' id='line_1_21' title="bbox 171 2649 1868 2740; baseline 0.004 -27"><span class='ocrx_word' id='word_1_222' title='bbox 171 2676 198 2714; x_wconf 77' lang='lat' dir='ltr'>ac</span> <span class='ocrx_word' id='word_1_223' title='bbox 216 2649 355 2714; x_wconf 89' lang='lat' dir='ltr'>bitiones</span> <span class='ocrx_word' id='word_1_224' title='bbox 386 2662 442 2714; x_wconf 74' lang='lat' dir='ltr'>arrt</span> <span class='ocrx_word' id='word_1_225' title='bbox 471 2649 601 2715; x_wconf 89' lang='lat' dir='ltr'>illicitas</span> <span class='ocrx_word' id='word_1_226' title='bbox 634 2652 823 2716; x_wconf 88' lang='lat' dir='ltr'>occasiones</span> <span class='ocrx_word' id='word_1_227' title='bbox 855 2650 1068 2738; x_wconf 87' lang='lat' dir='ltr'>requirendas</span> <span class='ocrx_word' id='word_1_228' title='bbox 1100 2651 1188 2717; x_wconf 72' lang='lat' dir='ltr'>ullob</span> <span class='ocrx_word' id='word_1_229' title='bbox 1217 2675 1372 2739; x_wconf 90' lang='lat' dir='ltr'>umquam</span> <span class='ocrx_word' id='word_1_230' title='bbox 1410 2666 1555 2740; x_wconf 88' lang='lat' dir='ltr'>tempore</span> <span class='ocrx_word' id='word_1_231' title='bbox 1593 2655 1771 2740; x_wconf 85' lang='lat' dir='ltr'>irrumpere</span> <span class='ocrx_word' id='word_1_232' title='bbox 1809 2676 1868 2719; x_wconf 88' lang='lat' dir='ltr'>seu</span> 
     </span>
     <span class='ocr_line' id='line_1_22' title="bbox 216 2756 1867 2847; baseline 0.003 -28"><span class='ocrx_word' id='word_1_233' title='bbox 216 2756 388 2822; x_wconf 88' lang='lat' dir='ltr'>molestare</span> <span class='ocrx_word' id='word_1_234' title='bbox 412 2769 586 2843; x_wconf 84' lang='lat' dir='ltr'>presumat,</span> <span class='ocrx_word' id='word_1_235' title='bbox 618 2757 676 2822; x_wconf 89' lang='lat' dir='ltr'>sed</span> <span class='ocrx_word' id='word_1_236' title='bbox 699 2758 816 2822; x_wconf 77' lang='lat' dir='ltr'>liceat⁰</span> <span class='ocrx_word' id='word_1_237' title='bbox 841 2760 1085 2844; x_wconf 83' lang='lat' dir='ltr'>congregationi</span> <span class='ocrx_word' id='word_1_238' title='bbox 1116 2758 1263 2846; x_wconf 88' lang='lat' dir='ltr'>predicte</span> <span class='ocrx_word' id='word_1_239' title='bbox 1293 2759 1526 2847; x_wconf 88' lang='lat' dir='ltr'>tranquillitate</span> <span class='ocrx_word' id='word_1_240' title='bbox 1557 2782 1702 2846; x_wconf 87' lang='lat' dir='ltr'>congrua</span> <span class='ocrx_word' id='word_1_241' title='bbox 1724 2760 1867 2825; x_wconf 87' lang='lat' dir='ltr'>residere</span> 
     </span>
     <span class='ocr_line' id='line_1_23' title="bbox 217 2863 1867 2953; baseline 0.002 -27"><span class='ocrx_word' id='word_1_242' title='bbox 217 2874 248 2927; x_wconf 91' lang='lat' dir='ltr'>et</span> <span class='ocrx_word' id='word_1_243' title='bbox 271 2887 330 2950; x_wconf 91' lang='lat' dir='ltr'>pro</span> <span class='ocrx_word' id='word_1_244' title='bbox 353 2863 448 2928; x_wconf 90' lang='lat' dir='ltr'>nobis</span> <span class='ocrx_word' id='word_1_245' title='bbox 472 2878 504 2930; x_wconf 90' lang='lat' dir='ltr'>et</span> <span class='ocrx_word' id='word_1_246' title='bbox 528 2866 677 2951; x_wconf 83' lang='lat' dir='ltr'>coniuge,</span> <span class='ocrx_word' id='word_1_247' title='bbox 707 2864 797 2951; x_wconf 92' lang='lat' dir='ltr'>prole</span> <span class='ocrx_word' id='word_1_248' title='bbox 828 2887 958 2952; x_wconf 90' lang='lat' dir='ltr'>quoque</span> <span class='ocrx_word' id='word_1_249' title='bbox 988 2866 1080 2951; x_wconf 91' lang='lat' dir='ltr'>regia</span> <span class='ocrx_word' id='word_1_250' title='bbox 1109 2867 1275 2953; x_wconf 87' lang='lat' dir='ltr'>nostrique</span> <span class='ocrx_word' id='word_1_251' title='bbox 1299 2868 1404 2932; x_wconf 88' lang='lat' dir='ltr'>tocius</span> <span class='ocrx_word' id='word_1_252' title='bbox 1427 2868 1555 2953; x_wconf 90' lang='lat' dir='ltr'>imperii</span> <span class='ocrx_word' id='word_1_253' title='bbox 1580 2866 1736 2931; x_wconf 87' lang='lat' dir='ltr'>divinitus</span> <span class='ocrx_word' id='word_1_254' title='bbox 1760 2866 1867 2931; x_wconf 88' lang='lat' dir='ltr'>collati</span> 
     </span>
     <span class='ocr_line' id='line_1_24' title="bbox 216 2970 1867 3060; baseline 0.002 -27"><span class='ocrx_word' id='word_1_255' title='bbox 216 2984 248 3033; x_wconf 87' lang='lat' dir='ltr'>et</span> <span class='ocrx_word' id='word_1_256' title='bbox 278 2972 397 3056; x_wconf 85' lang='lat' dir='ltr'>ingiter</span> <span class='ocrx_word' id='word_1_257' title='bbox 426 2971 641 3037; x_wconf 89' lang='lat' dir='ltr'>conservandi</span> <span class='ocrx_word' id='word_1_258' title='bbox 674 2970 898 3060; x_wconf 81' lang='lat' dir='ltr'>[stabilitate]d</span> <span class='ocrx_word' id='word_1_259' title='bbox 928 2971 1046 3036; x_wconf 89' lang='lat' dir='ltr'>divinis</span> <span class='ocrx_word' id='word_1_260' title='bbox 1077 2974 1242 3037; x_wconf 79' lang='lat' dir='ltr'>servitiis⁰</span> <span class='ocrx_word' id='word_1_261' title='bbox 1273 2974 1458 3059; x_wconf 89' lang='lat' dir='ltr'>invigilare.</span> <span class='ocrx_word' id='word_1_262' title='bbox 1506 2974 1549 3038; x_wconf 84' lang='lat' dir='ltr'>Et</span> <span class='ocrx_word' id='word_1_263' title='bbox 1580 2997 1621 3038; x_wconf 91' lang='lat' dir='ltr'>ne</span> <span class='ocrx_word' id='word_1_264' title='bbox 1652 2975 1724 3060; x_wconf 90' lang='lat' dir='ltr'>quis</span> <span class='ocrx_word' id='word_1_265' title='bbox 1755 2995 1867 3060; x_wconf 89' lang='lat' dir='ltr'>super-</span> 
     </span>
     <span class='ocr_line' id='line_1_25' title="bbox 216 3078 1867 3168; baseline 0.001 -27"><span class='ocrx_word' id='word_1_266' title='bbox 216 3078 384 3163; x_wconf 88' lang='lat' dir='ltr'>grediatur</span> <span class='ocrx_word' id='word_1_267' title='bbox 407 3079 607 3143; x_wconf 87' lang='lat' dir='ltr'>auctoritatis</span> <span class='ocrx_word' id='word_1_268' title='bbox 631 3078 711 3143; x_wconf 88' lang='lat' dir='ltr'>istec</span> <span class='ocrx_word' id='word_1_269' title='bbox 732 3078 887 3143; x_wconf 83' lang='lat' dir='ltr'>donativa</span> <span class='ocrx_word' id='word_1_270' title='bbox 910 3080 979 3143; x_wconf 90' lang='lat' dir='ltr'>sive</span> <span class='ocrx_word' id='word_1_271' title='bbox 1004 3079 1181 3165; x_wconf 85' lang='lat' dir='ltr'>infringere</span> <span class='ocrx_word' id='word_1_272' title='bbox 1205 3080 1322 3145; x_wconf 88' lang='lat' dir='ltr'>amodo</span> <span class='ocrx_word' id='word_1_273' title='bbox 1340 3081 1519 3168; x_wconf 85' lang='lat' dir='ltr'>prevaleat,</span> <span class='ocrx_word' id='word_1_274' title='bbox 1544 3081 1673 3167; x_wconf 85' lang='lat' dir='ltr'>scriptis</span> <span class='ocrx_word' id='word_1_275' title='bbox 1698 3080 1867 3145; x_wconf 87' lang='lat' dir='ltr'>confirma·</span> 
     </span>
     <span class='ocr_line' id='line_1_26' title="bbox 170 3184 1744 3273; baseline 0.003 -25"><span class='ocrx_word' id='word_1_276' title='bbox 170 3208 197 3249; x_wconf 80' lang='lat' dir='ltr'>rs</span> <span class='ocrx_word' id='word_1_277' title='bbox 215 3185 321 3248; x_wconf 89' lang='lat' dir='ltr'>vimus</span> <span class='ocrx_word' id='word_1_278' title='bbox 345 3187 432 3270; x_wconf 77' lang='lat' dir='ltr'>istis3</span> <span class='ocrx_word' id='word_1_279' title='bbox 456 3208 554 3250; x_wconf 90' lang='lat' dir='ltr'>manu</span> <span class='ocrx_word' id='word_1_280' title='bbox 578 3187 699 3273; x_wconf 88' lang='lat' dir='ltr'>quippe</span> <span class='ocrx_word' id='word_1_281' title='bbox 723 3184 966 3250; x_wconf 88' lang='lat' dir='ltr'>subscribentes</span> <span class='ocrx_word' id='word_1_282' title='bbox 990 3188 1122 3273; x_wconf 90' lang='lat' dir='ltr'>propria</span> <span class='ocrx_word' id='word_1_283' title='bbox 1145 3186 1251 3273; x_wconf 88' lang='lat' dir='ltr'>sigillo</span> <span class='ocrx_word' id='word_1_284' title='bbox 1275 3198 1385 3252; x_wconf 89' lang='lat' dir='ltr'>nostro</span> <span class='ocrx_word' id='word_1_285' title='bbox 1410 3188 1558 3273; x_wconf 90' lang='lat' dir='ltr'>insigniri</span> <span class='ocrx_word' id='word_1_286' title='bbox 1582 3189 1744 3252; x_wconf 88' lang='lat' dir='ltr'>iussimus.</span> 
     </span>
    </p>
   </div>
   <div class='ocr_carea' id='block_1_3' title="bbox 323 3327 1589 3559">
    <p class='ocr_par' dir='ltr' id='par_1_3' title="bbox 323 3327 1589 3559">
     <span class='ocr_line' id='line_1_27' title="bbox 323 3327 1262 3414; baseline 0 -21"><span class='ocrx_word' id='word_1_287' title='bbox 323 3327 479 3414; x_wconf 74' lang='lat' dir='ltr'>Signums</span> <span class='ocrx_word' id='word_1_288' title='bbox 503 3327 612 3393; x_wconf 88' lang='lat' dir='ltr'>domni</span> <span class='ocrx_word' id='word_1_289' title='bbox 636 3328 808 3393; x_wconf 72' lang='lat' dir='ltr'>Heinrici⁸</span> <span class='ocrx_word' id='word_1_290' title='bbox 831 3330 919 3414; x_wconf 86' lang='lat' dir='ltr'>regis</span> <span class='ocrx_word' id='word_1_291' title='bbox 942 3328 1157 3393; x_wconf 85' lang='lat' dir='ltr'>invictissimi.</span> <span class='ocrx_word' id='word_1_292' title='bbox 1197 3336 1262 3408; x_wconf 79' lang='lat' dir='ltr'><strong>(M.)</strong></span> 
     </span>
     <span class='ocr_line' id='line_1_28' title="bbox 323 3469 1589 3559; baseline 0.001 -25"><span class='ocrx_word' id='word_1_293' title='bbox 323 3471 510 3535; x_wconf 72' lang='lat' dir='ltr'>(lantherus</span> <span class='ocrx_word' id='word_1_294' title='bbox 534 3470 747 3535; x_wconf 88' lang='lat' dir='ltr'>cancellarius</span> <span class='ocrx_word' id='word_1_295' title='bbox 772 3472 843 3535; x_wconf 89' lang='lat' dir='ltr'>vice</span> <span class='ocrx_word' id='word_1_296' title='bbox 867 3469 1101 3536; x_wconf 84' lang='lat' dir='ltr'>Erchambaldi</span> <span class='ocrx_word' id='word_1_297' title='bbox 1123 3471 1378 3558; x_wconf 87' lang='lat' dir='ltr'>archicapellani</span> <span class='ocrx_word' id='word_1_298' title='bbox 1401 3474 1589 3559; x_wconf 89' lang='lat' dir='ltr'>recognovi.</span> 
     </span>
    </p>
   </div>
   <div class='ocr_carea' id='block_1_4' title="bbox 214 3612 1865 3803">
    <p class='ocr_par' dir='ltr' id='par_1_4' title="bbox 214 3612 1865 3803">
     <span class='ocr_line' id='line_1_29' title="bbox 321 3612 1865 3698; baseline 0.003 -22"><span class='ocrx_word' id='word_1_299' title='bbox 321 3613 429 3677; x_wconf 83' lang='lat' dir='ltr'>Data¹¹</span> <span class='ocrx_word' id='word_1_300' title='bbox 597 3612 775 3677; x_wconf 88' lang='lat' dir='ltr'>indictione</span> <span class='ocrx_word' id='word_1_301' title='bbox 798 3628 849 3695; x_wconf 84' lang='lat' dir='ltr'>xl,</span> <span class='ocrx_word' id='word_1_302' title='bbox 881 3636 966 3677; x_wconf 85' lang='lat' dir='ltr'>anno</span> <span class='ocrx_word' id='word_1_303' title='bbox 997 3613 1180 3678; x_wconf 88' lang='lat' dir='ltr'>dominicae</span> <span class='ocrx_word' id='word_1_304' title='bbox 1209 3615 1443 3679; x_wconf 88' lang='lat' dir='ltr'>incarnationis</span> <span class='ocrx_word' id='word_1_305' title='bbox 1473 3615 1643 3680; x_wconf 88' lang='lat' dir='ltr'>millesimo</span> <span class='ocrx_word' id='word_1_306' title='bbox 1667 3630 1747 3698; x_wconf 81' lang='lat' dir='ltr'>xlll,</span> <span class='ocrx_word' id='word_1_307' title='bbox 1778 3638 1865 3680; x_wconf 90' lang='lat' dir='ltr'>anno</span> 
     </span>
     <span class='ocr_line' id='line_1_30' title="bbox 214 3719 1427 3803; baseline 0.002 -21"><span class='ocrx_word' id='word_1_308' title='bbox 214 3742 292 3784; x_wconf 88' lang='lat' dir='ltr'>vero</span> <span class='ocrx_word' id='word_1_309' title='bbox 316 3719 426 3783; x_wconf 89' lang='lat' dir='ltr'>domni</span> <span class='ocrx_word' id='word_1_310' title='bbox 450 3720 619 3785; x_wconf 67' lang='lat' dir='ltr'>Heinriciss</span> <span class='ocrx_word' id='word_1_311' title='bbox 643 3719 779 3784; x_wconf 87' lang='lat' dir='ltr'>secundi</span> <span class='ocrx_word' id='word_1_312' title='bbox 797 3735 834 3784; x_wconf 86' lang='lat' dir='ltr'>xl</span> <span class='ocrx_word' id='word_1_313' title='bbox 878 3731 985 3785; x_wconf 86' lang='lat' dir='ltr'>actum</span> <span class='ocrx_word' id='word_1_314' title='bbox 1002 3720 1129 3803; x_wconf 80' lang='lat' dir='ltr'>Werla3</span> <span class='ocrx_word' id='word_1_315' title='bbox 1158 3721 1298 3786; x_wconf 85' lang='lat' dir='ltr'>feliciter</span> <span class='ocrx_word' id='word_1_316' title='bbox 1320 3744 1427 3785; x_wconf 85' lang='lat' dir='ltr'>amen.</span> 
     </span>
    </p>
   </div>
   <div class='ocr_carea' id='block_1_5' title="bbox 168 4047 1082 4133">
    <p class='ocr_par' dir='ltr' id='par_1_5' title="bbox 168 4047 1082 4133">
     <span class='ocr_line' id='line_1_31' title="bbox 168 4047 1082 4133; baseline 0.013 -12"><span class='ocrx_word' id='word_1_317' title='bbox 168 4081 195 4121; x_wconf 79' lang='grc' dir='ltr'>ιι</span> <span class='ocrx_word' id='word_1_318' title='bbox 990 4047 1082 4133; x_wconf 78' lang='grc'><strong><em>262.</em></strong></span> 
     </span>
    </p>
   </div>
   <div class='ocr_carea' id='block_1_6' title="bbox 213 4209 1867 4431">
    <p class='ocr_par' dir='ltr' id='par_1_6' title="bbox 213 4209 1867 4431">
     <span class='ocr_line' id='line_1_32' title="bbox 213 4209 1867 4310; baseline 0.001 -26"><span class='ocrx_word' id='word_1_319' title='bbox 213 4210 391 4284; x_wconf 74' lang='lat' dir='ltr'>Heinrich</span> <span class='ocrx_word' id='word_1_320' title='bbox 425 4209 571 4285; x_wconf 80' lang='lat' dir='ltr'>sehenlct</span> <span class='ocrx_word' id='word_1_321' title='bbox 605 4210 671 4283; x_wconf 83' lang='lat' dir='ltr'>der</span> <span class='ocrx_word' id='word_1_322' title='bbox 705 4209 956 4309; x_wconf 68' lang='lat' dir='ltr'>bbebofliebeo</span> <span class='ocrx_word' id='word_1_323' title='bbox 991 4210 1130 4285; x_wconf 80' lang='lat' dir='ltr'>Kircbe</span> <span class='ocrx_word' id='word_1_324' title='bbox 1163 4238 1207 4284; x_wconf 79' lang='lat' dir='ltr'>zu</span> <span class='ocrx_word' id='word_1_325' title='bbox 1240 4211 1457 4285; x_wconf 72' lang='lat' dir='ltr'>Puderborn</span> <span class='ocrx_word' id='word_1_326' title='bbox 1492 4210 1551 4284; x_wconf 80' lang='lat' dir='ltr'>die</span> <span class='ocrx_word' id='word_1_327' title='bbox 1589 4211 1770 4310; x_wconf 74' lang='lat' dir='ltr'>Erbpis’ter</span> <span class='ocrx_word' id='word_1_328' title='bbox 1805 4211 1867 4285; x_wconf 83' lang='lat' dir='ltr'>des</span> 
     </span>
     <span class='ocr_line' id='line_1_33' title="bbox 213 4328 1867 4431; baseline 0 -28"><span class='ocrx_word' id='word_1_329' title='bbox 213 4328 383 4427; x_wconf 78' lang='lat' dir='ltr'>Biacboss</span> <span class='ocrx_word' id='word_1_330' title='bbox 407 4329 616 4421; x_wconf 68' lang='grc' dir='ltr'>Μεὶιιιισνῖι,</span> <span class='ocrx_word' id='word_1_331' title='bbox 641 4328 771 4407; x_wconf 81' lang='lat' dir='ltr'>welche</span> <span class='ocrx_word' id='word_1_332' title='bbox 797 4329 913 4404; x_wconf 80' lang='lat' dir='ltr'>dieser</span> <span class='ocrx_word' id='word_1_333' title='bbox 937 4331 1056 4404; x_wconf 82' lang='lat' dir='ltr'>seiner</span> <span class='ocrx_word' id='word_1_334' title='bbox 1077 4330 1213 4404; x_wconf 35' lang='lat' dir='ltr'>*Moser</span> <span class='ocrx_word' id='word_1_335' title='bbox 1233 4329 1360 4404; x_wconf 79' lang='lat' dir='ltr'>Adule</span> <span class='ocrx_word' id='word_1_336' title='bbox 1384 4329 1466 4403; x_wconf 81' lang='lat' dir='ltr'>aad</span> <span class='ocrx_word' id='word_1_337' title='bbox 1486 4330 1612 4403; x_wconf 84' lang='lat' dir='ltr'>Adala</span> <span class='ocrx_word' id='word_1_338' title='bbox 1638 4330 1716 4404; x_wconf 85' lang='lat' dir='ltr'>dem</span> <span class='ocrx_word' id='word_1_339' title='bbox 1739 4330 1867 4431; x_wconf 71' lang='lat' dir='ltr'>Kc‘oiq</span> 
     </span>
    </p>
   </div>
   <div class='ocr_carea' id='block_1_7' title="bbox 213 4448 1819 4656">
    <p class='ocr_par' dir='ltr' id='par_1_7' title="bbox 213 4448 1819 4656">
     <span class='ocr_line' id='line_1_34' title="bbox 213 4448 1523 4547; baseline 0.001 -26"><span class='ocrx_word' id='word_1_340' title='bbox 213 4450 430 4547; x_wconf 73' lang='lat' dir='ltr'>ilbertrapen</span> <span class='ocrx_word' id='word_1_341' title='bbox 456 4448 528 4527; x_wconf 78' lang='lat' dir='ltr'>bot,</span> <span class='ocrx_word' id='word_1_342' title='bbox 557 4449 635 4521; x_wconf 81' lang='lat' dir='ltr'>aad</span> <span class='ocrx_word' id='word_1_343' title='bbox 658 4448 807 4522; x_wconf 69' lang='lat' dir='ltr'>vmlmbt</span> <span class='ocrx_word' id='word_1_344' title='bbox 830 4448 889 4522; x_wconf 75' lang='lat' dir='ltr'>tor</span> <span class='ocrx_word' id='word_1_345' title='bbox 907 4448 985 4546; x_wconf 73' lang='lat' dir='ltr'>fiir</span> <span class='ocrx_word' id='word_1_346' title='bbox 1011 4449 1187 4524; x_wconf 78' lang='lat' dir='ltr'>dieselben</span> <span class='ocrx_word' id='word_1_347' title='bbox 1214 4449 1273 4523; x_wconf 82' lang='lat' dir='ltr'>die</span> <span class='ocrx_word' id='word_1_348' title='bbox 1298 4449 1523 4523; x_wconf 74' lang='lat' dir='ltr'>Iorraooitc‘r&#39;t.</span> 
     </span>
     <span class='ocr_line' id='line_1_35' title="bbox 1461 4595 1819 4656; baseline 0.02 -7"><span class='ocrx_word' id='word_1_349' title='bbox 1461 4596 1558 4655; x_wconf 83' lang='lat' dir='ltr'>Werlo</span> <span class='ocrx_word' id='word_1_350' title='bbox 1582 4597 1659 4654; x_wconf 81' lang='lat'><strong><em>1013</em></strong></span> <span class='ocrx_word' id='word_1_351' title='bbox 1682 4595 1769 4655; x_wconf 78' lang='lat' dir='ltr'>Mttrz</span> <span class='ocrx_word' id='word_1_352' title='bbox 1791 4599 1819 4656; x_wconf 89' lang='lat'>3.</span> 
     </span>
    </p>
   </div>
   <div class='ocr_carea' id='block_1_8' title="bbox 168 4773 1723 4851">
    <p class='ocr_par' dir='ltr' id='par_1_8' title="bbox 168 4773 1723 4851">
     <span class='ocr_line' id='line_1_36' title="bbox 168 4773 1723 4851; baseline 0 -18"><span class='ocrx_word' id='word_1_353' title='bbox 168 4792 195 4833; x_wconf 82' lang='grc' dir='ltr'>ιι</span> <span class='ocrx_word' id='word_1_354' title='bbox 319 4775 470 4845; x_wconf 72' lang='lat' dir='ltr'>,lbsrhrist</span> <span class='ocrx_word' id='word_1_355' title='bbox 493 4775 542 4833; x_wconf 84' lang='lat' dir='ltr'>des</span> <span class='ocrx_word' id='word_1_356' title='bbox 565 4776 611 4833; x_wconf 88' lang='lat'>11.</span> <span class='ocrx_word' id='word_1_357' title='bbox 628 4774 683 4833; x_wconf 84' lang='lat' dir='ltr'>Jh.</span> <span class='ocrx_word' id='word_1_358' title='bbox 710 4775 748 4832; x_wconf 80' lang='lat' dir='ltr'>ira</span> <span class='ocrx_word' id='word_1_359' title='bbox 772 4775 1005 4851; x_wconf 74' lang='lat' dir='ltr'>Abdinthseaer</span> <span class='ocrx_word' id='word_1_360' title='bbox 1027 4775 1206 4850; x_wconf 75' lang='lat' dir='ltr'>Ecurtpelicr</span> <span class='ocrx_word' id='word_1_361' title='bbox 1228 4775 1267 4833; x_wconf 81' lang='lat' dir='ltr'>ira</span> <span class='ocrx_word' id='word_1_362' title='bbox 1292 4773 1464 4833; x_wconf 77' lang='lat' dir='ltr'>Dcmsclrotz</span> <span class='ocrx_word' id='word_1_363' title='bbox 1486 4792 1521 4833; x_wconf 81' lang='lat' dir='ltr'>za</span> <span class='ocrx_word' id='word_1_364' title='bbox 1547 4775 1634 4833; x_wconf 84' lang='lat' dir='ltr'>Trier</span> <span class='ocrx_word' id='word_1_365' title='bbox 1658 4774 1723 4841; x_wconf 71' lang='lat'><em>(0).</em></span> 
     </span>
    </p>
   </div>
   <div class='ocr_carea' id='block_1_9' title="bbox 318 4925 1864 5321">
    <p class='ocr_par' dir='ltr' id='par_1_9' title="bbox 318 4925 1864 5321">
     <span class='ocr_line' id='line_1_37' title="bbox 320 4925 1863 5001; baseline 0.001 -18"><span class='ocrx_word' id='word_1_366' title='bbox 320 4925 440 4984; x_wconf 82' lang='lat' dir='ltr'>Schotea</span> <span class='ocrx_word' id='word_1_367' title='bbox 455 4926 531 4984; x_wconf 72' lang='lat' dir='ltr'>Arta.</span> <span class='ocrx_word' id='word_1_368' title='bbox 547 4926 673 4984; x_wconf 81' lang='lat' dir='ltr'>Pederb.</span> <span class='ocrx_word' id='word_1_369' title='bbox 690 4927 733 4985; x_wconf 81' lang='lat' dir='ltr'>ed.</span> <span class='ocrx_word' id='word_1_370' title='bbox 751 4925 777 4984; x_wconf 91' lang='grc' dir='ltr'>Ι.</span> <span class='ocrx_word' id='word_1_371' title='bbox 796 4927 824 4998; x_wconf 83' lang='grc'><strong><em>1,</em></strong></span> <span class='ocrx_word' id='word_1_372' title='bbox 840 4928 901 4984; x_wconf 73' lang='grc'>402</span> <span class='ocrx_word' id='word_1_373' title='bbox 918 4947 959 4972; x_wconf 96' lang='lat'><strong><em>=</em></strong></span> <span class='ocrx_word' id='word_1_374' title='bbox 976 4925 1073 5001; x_wconf 71' lang='lat' dir='ltr'>Lttniq</span> <span class='ocrx_word' id='word_1_375' title='bbox 1088 4925 1157 4984; x_wconf 76' lang='grc' dir='ltr'>ΒΑ.</span> <span class='ocrx_word' id='word_1_376' title='bbox 1174 4926 1241 4993; x_wconf 65' lang='grc'><strong><em>171,</em></strong></span> <span class='ocrx_word' id='word_1_377' title='bbox 1259 4927 1318 4983; x_wconf 84' lang='grc'>705</span> <span class='ocrx_word' id='word_1_378' title='bbox 1339 4928 1369 4984; x_wconf 86' lang='lat' dir='ltr'>u⁰</span> <span class='ocrx_word' id='word_1_379' title='bbox 1382 4928 1430 4996; x_wconf 84' lang='lat'>15,</span> <span class='ocrx_word' id='word_1_380' title='bbox 1447 4945 1489 4971; x_wconf 95' lang='lat'>=</span> <span class='ocrx_word' id='word_1_381' title='bbox 1508 4925 1720 4984; x_wconf 67' lang='lat' dir='ltr'>Scaeuinus.</span> <span class='ocrx_word' id='word_1_382' title='bbox 1738 4925 1863 4985; x_wconf 80' lang='lat' dir='ltr'>Puderb.</span> 
     </span>
     <span class='ocr_line' id='line_1_38' title="bbox 318 5032 1864 5106; baseline 0.001 -17"><span class='ocrx_word' id='word_1_383' title='bbox 318 5033 360 5090; x_wconf 79' lang='lat' dir='ltr'>ed.</span> <span class='ocrx_word' id='word_1_384' title='bbox 384 5032 427 5091; x_wconf 84' lang='lat' dir='ltr'>II.</span> <span class='ocrx_word' id='word_1_385' title='bbox 450 5035 479 5101; x_wconf 89' lang='lat'>1,</span> <span class='ocrx_word' id='word_1_386' title='bbox 498 5034 571 5101; x_wconf 78' lang='grc'><strong><em>276,</em></strong></span> <span class='ocrx_word' id='word_1_387' title='bbox 600 5054 641 5079; x_wconf 93' lang='lat'><strong><em>=</em></strong></span> <span class='ocrx_word' id='word_1_388' title='bbox 670 5033 804 5091; x_wconf 72' lang='lat' dir='ltr'>Boudaia</span> <span class='ocrx_word' id='word_1_389' title='bbox 829 5032 879 5092; x_wconf 80' lang='grc' dir='ltr'>(Ἰι.</span> <span class='ocrx_word' id='word_1_390' title='bbox 902 5033 940 5091; x_wconf 89' lang='grc' dir='ltr'>Β.</span> <span class='ocrx_word' id='word_1_391' title='bbox 969 5051 1024 5091; x_wconf 82' lang='lat' dir='ltr'>roo</span> <span class='ocrx_word' id='word_1_392' title='bbox 1049 5032 1224 5092; x_wconf 81' lang='lat' dir='ltr'>Gelderload</span> <span class='ocrx_word' id='word_1_393' title='bbox 1252 5034 1279 5102; x_wconf 83' lang='lat'>1,</span> <span class='ocrx_word' id='word_1_394' title='bbox 1299 5034 1339 5091; x_wconf 77' lang='lat'>92</span> <span class='ocrx_word' id='word_1_395' title='bbox 1367 5036 1398 5090; x_wconf 83' lang='lat' dir='ltr'>u⁰</span> <span class='ocrx_word' id='word_1_396' title='bbox 1415 5036 1463 5091; x_wconf 84' lang='lat'>66.</span> <span class='ocrx_word' id='word_1_397' title='bbox 1493 5062 1536 5070; x_wconf 93' lang='lat'><strong>—</strong></span> <span class='ocrx_word' id='word_1_398' title='bbox 1563 5032 1864 5106; x_wconf 70' lang='lat' dir='ltr'>Whereas-Philippi</span> 
     </span>
     <span class='ocr_line' id='line_1_39' title="bbox 326 5138 1862 5213; baseline 0.003 -18"><span class='ocrx_word' id='word_1_399' title='bbox 326 5139 563 5210; x_wconf 52' lang='grc'><strong><em>6131111622,</em></strong></span> <span class='ocrx_word' id='word_1_400' title='bbox 581 5142 638 5197; x_wconf 81' lang='grc'><strong><em>156</em></strong></span> <span class='ocrx_word' id='word_1_401' title='bbox 662 5142 693 5197; x_wconf 85' lang='lat' dir='ltr'>n⁰</span> <span class='ocrx_word' id='word_1_402' title='bbox 705 5142 763 5198; x_wconf 81' lang='lat'>135</span> <span class='ocrx_word' id='word_1_403' title='bbox 781 5158 834 5199; x_wconf 81' lang='lat' dir='ltr'>aas</span> <span class='ocrx_word' id='word_1_404' title='bbox 854 5140 886 5199; x_wconf 70' lang='lat' dir='ltr'>(J.</span> <span class='ocrx_word' id='word_1_405' title='bbox 905 5169 950 5179; x_wconf 88' lang='lat'>—</span> <span class='ocrx_word' id='word_1_406' title='bbox 968 5140 1069 5212; x_wconf 57' lang='lat' dir='ltr'>libus.</span> <span class='ocrx_word' id='word_1_407' title='bbox 1091 5139 1155 5199; x_wconf 69' lang='grc' dir='ltr'>ΕΒ.</span> <span class='ocrx_word' id='word_1_408' title='bbox 1176 5138 1277 5213; x_wconf 81' lang='lat' dir='ltr'>Sappl.</span> <span class='ocrx_word' id='word_1_409' title='bbox 1296 5141 1353 5198; x_wconf 67' lang='lat'>104</span> <span class='ocrx_word' id='word_1_410' title='bbox 1373 5144 1404 5197; x_wconf 84' lang='lat' dir='ltr'>o⁰</span> <span class='ocrx_word' id='word_1_411' title='bbox 1417 5141 1473 5198; x_wconf 84' lang='grc'><strong><em>631</em></strong></span> <span class='ocrx_word' id='word_1_412' title='bbox 1494 5139 1565 5213; x_wconf 74' lang='lat' dir='ltr'>Req.</span> <span class='ocrx_word' id='word_1_413' title='bbox 1586 5170 1629 5177; x_wconf 95' lang='lat'>—</span> <span class='ocrx_word' id='word_1_414' title='bbox 1649 5139 1775 5197; x_wconf 79' lang='lat' dir='ltr'>Bo&#39;lrnrer</span> <span class='ocrx_word' id='word_1_415' title='bbox 1790 5139 1862 5213; x_wconf 63' lang='lat' dir='ltr'>aeq.</span> 
     </span>
     <span class='ocr_line' id='line_1_40' title="bbox 321 5246 807 5321; baseline 0.004 -18"><span class='ocrx_word' id='word_1_416' title='bbox 321 5248 405 5305; x_wconf 73' lang='lat'><strong><em>1095.</em></strong></span> <span class='ocrx_word' id='word_1_417' title='bbox 426 5277 469 5283; x_wconf 80' lang='lat'>-</span> <span class='ocrx_word' id='word_1_418' title='bbox 494 5248 616 5320; x_wconf 76' lang='lat' dir='ltr'>Stomps</span> <span class='ocrx_word' id='word_1_419' title='bbox 630 5246 701 5321; x_wconf 73' lang='lat' dir='ltr'>Rey.</span> <span class='ocrx_word' id='word_1_420' title='bbox 720 5248 807 5305; x_wconf 84' lang='lat'><em>1579.</em></span> 
     </span>
    </p>
   </div>
   <div class='ocr_carea' id='block_1_10' title="bbox 166 5448 1866 5878">
    <p class='ocr_par' dir='ltr' id='par_1_10' title="bbox 166 5448 1866 5878">
     <span class='ocr_line' id='line_1_41' title="bbox 166 5448 1865 5520; baseline -0.001 -13"><span class='ocrx_word' id='word_1_421' title='bbox 166 5469 194 5507; x_wconf 75' lang='lat' dir='ltr'>to</span> <span class='ocrx_word' id='word_1_422' title='bbox 283 5449 347 5504; x_wconf 74' lang='lat' dir='ltr'>acl.</span> <span class='ocrx_word' id='word_1_423' title='bbox 373 5456 400 5517; x_wconf 80' lang='lat' dir='ltr'>y)</span> <span class='ocrx_word' id='word_1_424' title='bbox 420 5448 570 5503; x_wconf 83' lang='lat' dir='ltr'>Otthouem</span> <span class='ocrx_word' id='word_1_425' title='bbox 591 5451 616 5501; x_wconf 88' lang='lat' dir='ltr'><em>D</em></span> <span class='ocrx_word' id='word_1_426' title='bbox 705 5454 729 5515; x_wconf 86' lang='lat' dir='ltr'>z)</span> <span class='ocrx_word' id='word_1_427' title='bbox 748 5450 841 5519; x_wconf 85' lang='lat' dir='ltr'>regale</span> <span class='ocrx_word' id='word_1_428' title='bbox 860 5450 990 5513; x_wconf 76' lang='lat' dir='ltr'>regaliter</span> <span class='ocrx_word' id='word_1_429' title='bbox 1009 5451 1091 5520; x_wconf 88' lang='lat' dir='ltr'>recip.</span> <span class='ocrx_word' id='word_1_430' title='bbox 1106 5453 1188 5517; x_wconf 86' lang='lat' dir='ltr'>BCD,</span> <span class='ocrx_word' id='word_1_431' title='bbox 1215 5450 1344 5519; x_wconf 82' lang='lat' dir='ltr'>regaliter</span> <span class='ocrx_word' id='word_1_432' title='bbox 1369 5453 1425 5515; x_wconf 71' lang='lat' dir='ltr'>cers</span> <span class='ocrx_word' id='word_1_433' title='bbox 1441 5452 1534 5503; x_wconf 73' lang='lat' dir='ltr'>Roncr</span> <span class='ocrx_word' id='word_1_434' title='bbox 1559 5468 1607 5503; x_wconf 83' lang='lat' dir='ltr'>ron</span> <span class='ocrx_word' id='word_1_435' title='bbox 1633 5458 1713 5503; x_wconf 67' lang='lat' dir='ltr'>awos</span> <span class='ocrx_word' id='word_1_436' title='bbox 1731 5453 1865 5518; x_wconf 67' lang='lat' dir='ltr'>jonqaar</span> 
     </span>
     <span class='ocr_line' id='line_1_42' title="bbox 373 5521 1865 5589; baseline 0.003 -16"><span class='ocrx_word' id='word_1_437' title='bbox 373 5521 458 5573; x_wconf 80' lang='lat' dir='ltr'>Hand</span> <span class='ocrx_word' id='word_1_438' title='bbox 476 5524 505 5572; x_wconf 78' lang='lat' dir='ltr'>in</span> <span class='ocrx_word' id='word_1_439' title='bbox 523 5522 562 5581; x_wconf 89' lang='lat' dir='ltr'>B;</span> <span class='ocrx_word' id='word_1_440' title='bbox 585 5521 724 5575; x_wconf 64' lang='grc' dir='ltr'>ιενὸιιιιιτ</span> <span class='ocrx_word' id='word_1_441' title='bbox 743 5523 810 5573; x_wconf 78' lang='lat' dir='ltr'>nach</span> <span class='ocrx_word' id='word_1_442' title='bbox 830 5524 863 5577; x_wconf 86' lang='lat' dir='ltr'>D.</span> <span class='ocrx_word' id='word_1_443' title='bbox 877 5528 931 5574; x_wconf 80' lang='lat'>260</span> <span class='ocrx_word' id='word_1_444' title='bbox 1020 5530 1046 5587; x_wconf 85' lang='lat' dir='ltr'>a)</span> <span class='ocrx_word' id='word_1_445' title='bbox 1064 5540 1108 5576; x_wconf 91' lang='lat' dir='ltr'>me</span> <span class='ocrx_word' id='word_1_446' title='bbox 1127 5524 1209 5587; x_wconf 86' lang='lat' dir='ltr'>BCD,</span> <span class='ocrx_word' id='word_1_447' title='bbox 1230 5525 1293 5575; x_wconf 67' lang='lat' dir='ltr'>tiber</span> <span class='ocrx_word' id='word_1_448' title='bbox 1311 5524 1359 5575; x_wconf 83' lang='lat' dir='ltr'>der</span> <span class='ocrx_word' id='word_1_449' title='bbox 1377 5523 1448 5575; x_wconf 75' lang='lat' dir='ltr'>Zeila</span> <span class='ocrx_word' id='word_1_450' title='bbox 1466 5538 1516 5574; x_wconf 79' lang='lat' dir='ltr'>ron</span> <span class='ocrx_word' id='word_1_451' title='bbox 1538 5529 1618 5575; x_wconf 76' lang='lat' dir='ltr'>etwas</span> <span class='ocrx_word' id='word_1_452' title='bbox 1630 5525 1762 5589; x_wconf 69' lang='lat' dir='ltr'>janqarer</span> <span class='ocrx_word' id='word_1_453' title='bbox 1780 5524 1865 5577; x_wconf 79' lang='lat' dir='ltr'>fland</span> 
     </span>
     <span class='ocr_line' id='line_1_43' title="bbox 372 5593 1866 5662; baseline 0.003 -18"><span class='ocrx_word' id='word_1_454' title='bbox 372 5594 565 5658; x_wconf 72' lang='lat' dir='ltr'>rraehqetropen</span> <span class='ocrx_word' id='word_1_455' title='bbox 585 5595 613 5643; x_wconf 77' lang='lat' dir='ltr'>r&#39;n</span> <span class='ocrx_word' id='word_1_456' title='bbox 632 5593 665 5659; x_wconf 92' lang='lat' dir='ltr'>B,</span> <span class='ocrx_word' id='word_1_457' title='bbox 686 5593 826 5646; x_wconf 64' lang='lat' dir='ltr'>rabaam</span> <span class='ocrx_word' id='word_1_458' title='bbox 844 5596 892 5646; x_wconf 74' lang='lat' dir='ltr'>mit</span> <span class='ocrx_word' id='word_1_459' title='bbox 911 5595 1054 5647; x_wconf 63' lang='lat' dir='ltr'>amausi</span> <span class='ocrx_word' id='word_1_460' title='bbox 1073 5596 1129 5658; x_wconf 72' lang='lat' dir='ltr'>auf</span> <span class='ocrx_word' id='word_1_461' title='bbox 1144 5596 1178 5649; x_wconf 89' lang='lat' dir='ltr'>D.</span> <span class='ocrx_word' id='word_1_462' title='bbox 1193 5598 1246 5646; x_wconf 78' lang='lat'>260</span> <span class='ocrx_word' id='word_1_463' title='bbox 1326 5594 1355 5659; x_wconf 74' lang='lat' dir='ltr'>b)</span> <span class='ocrx_word' id='word_1_464' title='bbox 1374 5594 1486 5662; x_wconf 88' lang='lat' dir='ltr'>ulloque</span> <span class='ocrx_word' id='word_1_465' title='bbox 1506 5595 1581 5646; x_wconf 85' lang='lat' dir='ltr'>BCD</span> <span class='ocrx_word' id='word_1_466' title='bbox 1662 5606 1688 5661; x_wconf 85' lang='lat' dir='ltr'>c)</span> <span class='ocrx_word' id='word_1_467' title='bbox 1709 5594 1773 5647; x_wconf 87' lang='lat' dir='ltr'>licet</span> <span class='ocrx_word' id='word_1_468' title='bbox 1791 5596 1866 5648; x_wconf 84' lang='lat' dir='ltr'>BCD</span> 
     </span>
     <span class='ocr_line' id='line_1_44' title="bbox 373 5664 1864 5738; baseline 0.003 -23"><span class='ocrx_word' id='word_1_469' title='bbox 373 5664 401 5727; x_wconf 69' lang='lat' dir='ltr'>d)</span> <span class='ocrx_word' id='word_1_470' title='bbox 423 5664 491 5729; x_wconf 72' lang='lat' dir='ltr'>fehlt</span> <span class='ocrx_word' id='word_1_471' title='bbox 511 5668 539 5715; x_wconf 77' lang='lat' dir='ltr'>r&#39;n</span> <span class='ocrx_word' id='word_1_472' title='bbox 559 5664 633 5716; x_wconf 85' lang='lat' dir='ltr'>BCD</span> <span class='ocrx_word' id='word_1_473' title='bbox 705 5672 731 5727; x_wconf 77' lang='lat' dir='ltr'>e)</span> <span class='ocrx_word' id='word_1_474' title='bbox 749 5664 840 5733; x_wconf 85' lang='lat' dir='ltr'>sepius</span> <span class='ocrx_word' id='word_1_475' title='bbox 858 5665 934 5717; x_wconf 86' lang='lat' dir='ltr'>BCD</span> <span class='ocrx_word' id='word_1_476' title='bbox 1005 5665 1028 5729; x_wconf 72' lang='lat' dir='ltr'>l)</span> <span class='ocrx_word' id='word_1_477' title='bbox 1049 5665 1169 5735; x_wconf 80' lang='lat' dir='ltr'>sigillum</span> <span class='ocrx_word' id='word_1_478' title='bbox 1189 5667 1262 5718; x_wconf 83' lang='lat' dir='ltr'><em>BCI)</em></span> <span class='ocrx_word' id='word_1_479' title='bbox 1334 5676 1363 5735; x_wconf 80' lang='lat' dir='ltr'>g)</span> <span class='ocrx_word' id='word_1_480' title='bbox 1386 5664 1500 5719; x_wconf 87' lang='lat' dir='ltr'>Henrici</span> <span class='ocrx_word' id='word_1_481' title='bbox 1519 5666 1568 5717; x_wconf 81' lang='lat' dir='ltr'>CI)</span> <span class='ocrx_word' id='word_1_482' title='bbox 1639 5665 1669 5725; x_wconf 79' lang='lat' dir='ltr'>h)</span> <span class='ocrx_word' id='word_1_483' title='bbox 1690 5664 1765 5719; x_wconf 87' lang='lat' dir='ltr'>dicta</span> <span class='ocrx_word' id='word_1_484' title='bbox 1778 5667 1864 5738; x_wconf 73' lang='lat'>3003</span> 
     </span>
     <span class='ocr_line' id='line_1_45' title="bbox 372 5736 1865 5804; baseline 0.005 -19"><span class='ocrx_word' id='word_1_485' title='bbox 372 5738 436 5787; x_wconf 73' lang='lat' dir='ltr'>«lasa</span> <span class='ocrx_word' id='word_1_486' title='bbox 448 5736 575 5788; x_wconf 74' lang='lat' dir='ltr'>‹lubiater</span> <span class='ocrx_word' id='word_1_487' title='bbox 591 5738 647 5788; x_wconf 78' lang='lat' dir='ltr'>eine</span> <span class='ocrx_word' id='word_1_488' title='bbox 659 5736 748 5787; x_wconf 65' lang='lat' dir='ltr'>Lache</span> <span class='ocrx_word' id='word_1_489' title='bbox 766 5737 817 5800; x_wconf 69' lang='lat' dir='ltr'>scir</span> <span class='ocrx_word' id='word_1_490' title='bbox 834 5737 885 5789; x_wconf 84' lang='lat' dir='ltr'>das</span> <span class='ocrx_word' id='word_1_491' title='bbox 900 5738 1076 5802; x_wconf 68' lang='lat' dir='ltr'>Tapurorum</span> <span class='ocrx_word' id='word_1_492' title='bbox 1095 5740 1164 5803; x_wconf 74' lang='lat' dir='ltr'>offen</span> <span class='ocrx_word' id='word_1_493' title='bbox 1181 5739 1300 5804; x_wconf 68' lang='lat' dir='ltr'>calcanea</span> <span class='ocrx_word' id='word_1_494' title='bbox 1321 5755 1386 5803; x_wconf 74' lang='lat' dir='ltr'>reor,</span> <span class='ocrx_word' id='word_1_495' title='bbox 1408 5740 1441 5789; x_wconf 80' lang='lat' dir='ltr'>ist</span> <span class='ocrx_word' id='word_1_496' title='bbox 1460 5739 1565 5789; x_wconf 74' lang='lat' dir='ltr'>(toruus</span> <span class='ocrx_word' id='word_1_497' title='bbox 1582 5755 1617 5789; x_wconf 75' lang='lat' dir='ltr'>:a</span> <span class='ocrx_word' id='word_1_498' title='bbox 1635 5738 1782 5801; x_wconf 64' lang='lat' dir='ltr'>sesemen,</span> <span class='ocrx_word' id='word_1_499' title='bbox 1800 5740 1865 5793; x_wconf 74' lang='lat' dir='ltr'>daea</span> 
     </span>
     <span class='ocr_line' id='line_1_46' title="bbox 167 5806 1229 5878; baseline 0.007 -21"><span class='ocrx_word' id='word_1_500' title='bbox 167 5824 193 5863; x_wconf 81' lang='grc' dir='ltr'>ιι</span> <span class='ocrx_word' id='word_1_501' title='bbox 373 5810 401 5858; x_wconf 83' lang='lat' dir='ltr'>ia</span> <span class='ocrx_word' id='word_1_502' title='bbox 421 5809 446 5859; x_wconf 92' lang='lat' dir='ltr'><em>B</em></span> <span class='ocrx_word' id='word_1_503' title='bbox 464 5806 538 5860; x_wconf 83' lang='lat' dir='ltr'>dicta</span> <span class='ocrx_word' id='word_1_504' title='bbox 558 5807 729 5859; x_wconf 75' lang='lat' dir='ltr'>tenerrittelbor</span> <span class='ocrx_word' id='word_1_505' title='bbox 747 5825 784 5859; x_wconf 83' lang='lat' dir='ltr'>aa</span> <span class='ocrx_word' id='word_1_506' title='bbox 804 5808 950 5878; x_wconf 83' lang='lat' dir='ltr'>recognovi</span> <span class='ocrx_word' id='word_1_507' title='bbox 969 5810 1168 5876; x_wconf 64' lang='lat' dir='ltr'>aspectuum</span> <span class='ocrx_word' id='word_1_508' title='bbox 1188 5812 1229 5863; x_wconf 79' lang='lat' dir='ltr'>iat.</span> 
     </span>
    </p>
   </div>
   <div class='ocr_carea' id='block_1_11' title="bbox 0 0 2384 6512">
    <p class='ocr_par' dir='ltr' id='par_1_11' title="bbox 0 0 2384 6512">
     <span class='ocr_line' id='line_1_47' title="bbox 0 0 2384 6512; baseline 0 0"><span class='ocrx_word' id='word_1_509' title='bbox 0 0 2384 6512; x_wconf 95' lang='lat' dir='ltr'> </span> 
     </span>
    </p>
   </div>
  </div>
 </body>
</html>
