4798 6486
541 430 605 494 552
1140 438 1600 497 KAISERURKUNDEN.

541 654 558 684 a
574 641 710 705 prendo
741 627 858 689 circuit
880 625 1043 713 quandam
1067 626 1166 706 viam,
1198 648 1261 712 que
1291 627 1442 713 pervenit
1472 649 1574 713 usque
1604 626 1648 690 ad
1673 641 1846 707 predictum
1875 626 2031 714 oppidum
2061 627 2191 692 Rotlral·

538 732 774 819 lliingallusunb
799 770 830 779 -
850 752 945 796 sancte
963 746 1223 797 Paderbrunnensi¹
1250 746 1378 807 ecclesie,
1405 748 1451 797 cni
1476 747 1642 798 venerabilis
1668 749 1823 813 nobisque
1849 747 1967 798 dilectus
1993 748 2086 814 presul
2105 749 2190 800 Mein·

537 854 681 903 werehusv
707 869 817 919 preesse
842 853 964 913 videtur,
993 853 1029 903 ad
1054 852 1142 904 altare
1169 859 1196 904 ct
1222 853 1353 919 reliquias
1379 860 1474 905 sancte
1501 856 1545 905 dei
1570 856 1713 920 genitricis
1738 856 1825 905 Maris
1852 857 1995 921 sanctique
2021 857 2138 906 martiris
2164 866 2191 905 et

539 961 662 1026 episcopi
681 959 804 1010 Kiliani²
824 968 864 1010 tte
883 962 972 1010 sancti
992 961 1118 1010 Liboni·
1138 961 1303 1011 confessoris
1323 976 1385 1011 cum
1405 963 1479 1011 omni
1498 961 1628 1023 utilitate,
1648 979 1701 1028 que
1720 965 1755 1013 ab
1775 963 1870 1012 eadem
1890 961 2029 1013 ullatenus
2047 965 2190 1028 provenire

537 1068 632 1132 possit,
652 1067 765 1117 firmiter
783 1074 810 1117 ct
829 1072 963 1133 perpetuo
989 1067 1143 1144 habendam
1168 1067 1301 1118 tradimus
1328 1074 1409 1132 atque
1436 1069 1612 1147 concedimus
1639 1078 1678 1119 tte
1702 1055 1742 1119 (le
1766 1068 1876 1119 nostro
1899 1057 1968 1119 iure
1993 1070 2026 1119 et
2049 1055 2189 1120 dominio
2210 1079 2225 1118 a

537 1161 571 1223 in
596 1159 742 1224 eiusdem
765 1172 877 1224 sancte
900 1159 1225 1225 Paderbrunnensis¹
1249 1161 1387 1225 ecclesie
1418 1162 1468 1226 ius
1499 1174 1531 1226 et
1561 1162 1740 1226 dominium
1769 1162 2025 1227 transfundimus
2049 1175 2082 1227 et
2104 1163 2188 1227 dele-

536 1289 661 1351 gamus,
686 1289 725 1331 eo
749 1266 903 1331 videlicet
925 1267 1038 1331 ordine
1062 1278 1098 1332 ut
1120 1266 1226 1331 nullus
1250 1269 1441 1354 episcopum
1464 1268 1529 1331 iam
1553 1268 1640 1332 dicte
1664 1267 1803 1332 ecclesie
1825 1270 1960 1355 eiusque
1984 1292 2188 1334 successores

537 1372 578 1436 de
607 1372 756 1460 predicta
786 1374 899 1437 foresti
929 1373 1101 1439 disvestire
1131 1374 1185 1438 vel
1215 1376 1398 1460 inquietare
1427 1386 1603 1461 presumat.
1654 1390 1690 1439 Er
1718 1396 1748 1439 ut
1775 1390 1825 1439 hec
1853 1396 1966 1440 nostre
1996 1392 2188 1442 auctoritatis

535 1481 658 1566 pagina
675 1493 782 1545 stabilis
802 1502 830 1545 et
848 1494 1011 1546 inconvulsa
1030 1504 1196 1562 permaneat,
1223 1512 1283 1546 cam
1309 1511 1390 1546 manu
1416 1498 1528 1562 propria
1554 1496 1715 1547 roborantes
1741 1495 1825 1561 sigilli
1845 1499 1931 1547 nostri
1950 1499 2129 1563 impressione
2148 1499 2188 1548 in·

535 1603 632 1667 signiri
651 1604 789 1652 iussimus.
2206 1611 2231 1650 ¹⁰

643 1722 799 1808 Signumb
839 1722 950 1787 domni
987 1723 1135 1786 Heinrici
1174 1722 1372 1785 serenissimi
1411 1732 1444 1785 et
1481 1722 1687 1786 invictissimi
1725 1722 1945 1787 Romanorum
1983 1725 2187 1811 imperatoris

535 1831 675 1915 augusti.
712 1830 796 1907 (lt.)b

642 1970 861 2035 Gunthcriusc
902 1971 1116 2036 cancellarius
1154 1973 1227 2035 vice
1262 1969 1491 2034 Erlranbaldi‘¹
1525 1969 1785 2057 archiepiscopie
1821 1972 1875 2035 ct‘
1912 1972 2187 2059 archicapellani⁸

534 2081 735 2165 recognovit.

640 2219 737 2284 Anno
761 2220 923 2284 dominice
947 2221 1186 2285 incarnacionis
1204 2234 1289 2301 mxx,
1314 2218 1492 2284 indictione
1512 2234 1569 2299 111,
1594 2242 1679 2284 anno
1702 2242 1781 2284 vero
1806 2219 1938 2285 domnih
1957 2222 2105 2287 Heinrici
2129 2225 2186 2287 inr-
2206 2243 2229 2282 rs

533 2327 715 2413 peratoris¹
739 2327 890 2412 augustis
914 2320 1050 2391 securidi
1073 2328 1240 2412 regnantis
1259 2326 1406 2408 xt'1111¹,
1433 2328 1561 2413 imperii
1585 2338 1782 2411 autemt‘113
1811 2342 1918 2392 actum
1938 2329 2002 2393 lt'l.¹1
2020 2330 2086 2394 kal.
2106 2331 2186 2393 iunii

535 2432 766 2518 Choufunga¹3
794 2434 934 2498 feliciter
957 2456 1062 2497 amen.

1314 2733 1404 2819 431.

533 2895 712 2969 Heinrich
750 2894 896 2969 sebealct
933 2896 1013 2969 dea
1054 2895 1198 2969 Kloster
1241 2895 1434 2995 Teperas'ee
1464 2894 1578 2994 ftirrf
1606 2896 1863 2996 Kb'aipsfrofen
1905 2900 2076 2973 zwiscbea
2115 2899 2184 2974 deu

531 3014 686 3089 Flr'isseo
711 3014 875 3115 Piestinp
899 3014 980 3090 aad
1006 3014 1198 3114 Triestr'ap.
1753 3063 1877 3122 altstedi
1899 3066 1980 3124 1020
2001 3063 2068 3123 M„
2089 3066 2138 3124 29·
2199 3077 2225 3117 ω

642 3223 886 3298 Originaldrplom
908 3223 949 3281 im
971 3222 999 3281 k.
1020 3222 1225 3282 Reicbsorcbr's·
1247 3240 1282 3280 zu
1305 3222 1447 3281 Mdrrcbea
1471 3223 1543 3290 (A).

638 3367 731 3426 Huad
759 3367 883 3443 Metrop.
909 3365 1014 3424 Saiisb.
1039 3367 1098 3424 303
1121 3365 1169 3423 cit.
1193 3394 1238 3402 -
1264 3365 1361 3436 Oesele
1383 3364 1437 3424 SS.
1461 3384 1519 3424 rer.
1544 3365 1627 3424 Boio.
1651 3367 1683 3435 2,
1703 3366 1742 3423 si
1774 3384 1827 3424 oris
1849 3366 2010 3438 Abscbrisl.
2035 3396 2079 3405 —-
2102 3367 2179 3426 lion.

637 3473 732 3532 Beira
761 3476 790 3543 6,
814 3475 874 3533 160
902 3473 977 3532 a⁰7
1006 3490 1059 3531 aas
1081 3472 1118 3530 A.
1142 3501 1186 3510 -
1215 3470 1332 3530 Meilicr·
1353 3471 1425 3546 Rea.
1449 3472 1502 3531 der
1523 3472 1723 3547 Babeabeper
1751 3473 1771 3530 4
1799 3476 1831 3530 a⁰
1851 3475 1873 3532 2
1895 3473 1966 3548 Rea.
1991 3502 2035 3512 -
2059 3474 2182 3533 Bbbrucr

638 3580 709 3656 Rea.
727 3582 815 3639 1201.
840 3609 884 3618 -
908 3579 1032 3653 Stampf
1045 3578 1117 3653 Ray.
1135 3580 1221 3637 1751.

642 3723 775 3795 Verfasst
796 3724 856 3782 aad
877 3723 1053 3797 pescbriebea
1076 3740 1129 3780 roa
1155 3721 1228 3793 GF,
1257 3722 1303 3780 die
1326 3720 1453 3795 Stelluap
1482 3721 1531 3780 des
1553 3720 1769 3795 Monoyramms
1797 3741 1844 3781 am
1867 3722 1950 3781 Eride
1978 3723 2031 3782 der
2053 3722 2180 3799 Signum·
2197 3743 2222 3782 ss

637 3831 706 3890 reite
728 3832 800 3889 idsst
822 3832 883 3889 eine
903 3829 1161 3903 Voraasfertipuao
1183 3829 1322 3887 desselben
1349 3829 1394 3887 als
1416 3828 1536 3903 mbolr'cb
1559 3828 1728 3886 esebearn.
1753 3858 1797 3866 —
1817 3828 1878 3904 Vqr.
1899 3829 2010 3888 Hirscb
2028 3831 2133 3891 Jahrb.
2149 3833 2180 3900 2,

637 3940 701 3997 225
723 3937 762 3996 N.
779 3940 809 3997 2.

638 4124 696 4195 (C.)
720 4113 800 4204 3111
821 4115 953 4179 nomine
977 4124 1110 4177 sanctae
1134 4124 1167 4176 et
1190 4111 1379 4176 individuae
1402 4112 1565 4176 trinitatis.
1611 4112 1787 4178 Heinricus
1816 4113 1928 4178 divina
1957 4114 2088 4179 favente
2119 4114 2180 4180 cle-

529 4225 651 4290 mentia
673 4224 892 4287 Romanorum
923 4222 1090 4306 inperator
1117 4217 1318 4306 augustus}
1425 4218 1670 4283 Ecclesiarum⁸
1701 4219 1754 4283 dei
1784 4219 2004 4285 sublimationi
2031 4223 2179 4285 insistere

530 4332 657 4418 deoque
681 4330 891 4393 servientium
915 4325 1198 4391 commoditatibus
1221 4325 1395 4411 providere
1419 4324 1521 4410 regali
1545 4336 1578 4389 et
1599 4326 1760 4411 imperiali
1779 4326 1914 4412 dignum
1938 4350 2009 4391 esse
2033 4328 2180 4393 ducimus
2196 4349 2223 4388 ro

530 4439 654 4504 honori.
696 4435 839 4501 Proinde
862 4446 975 4498 notum
999 4434 1040 4497 sit
1063 4432 1213 4497 omnibus
1237 4430 1359 4496 Christi
1381 4433 1548 4518 nostrique
1572 4430 1733 4515 fidelibus,
1758 4433 1898 4519 qualiter
1919 4457 1979 4497 nos
2002 4457 2062 4521 per
2083 4437 2179 4499 inter·

529 4556 663 4610 ventum
688 4542 869 4608 Gotehardi
891 4540 1079 4605 Altahensis
1109 4538 1239 4604 cenobii
1262 4539 1441 4604 venerandi
1471 4537 1600 4604 abbatis
1631 4539 1811 4604 aecclesiae
1841 4541 1875 4604 in
1898 4539 2053 4606 honorem
2076 4543 2179 4607 sancti

530 4652 660 4734 Quirini
689 4651 829 4715 martiris
860 4647 920 4712 sub
953 4647 1067 4733 regula
1098 4645 1290 4711 monachica
1321 4647 1355 4709 in
1387 4646 1458 4710 loco
1491 4648 1547 4732 qui
1577 4646 1744 4731 Tegrense
1779 4646 1898 4712 dieitur
1929 4659 2133 4714 constructae
2156 4663 2180 4711 v

528 4758 656 4845 regales
679 4780 810 4822 mansos
834 4758 918 4819 inter
940 4755 1021 4819 duos
1040 4753 1199 4836 fluviolos,
1224 4752 1258 4817 id
1277 4764 1327 4817 est
1341 4753 1510 4817 Pistnicha
1529 4764 1562 4817 et
1577 4753 1772 4836 Tristnicha,
1797 4755 1831 4818 in
1848 4754 1996 4819 marchia
2009 4754 2179 4821 Adalbeni

527 4866 725 4931 marchionis
749 4865 828 4927 sitos
852 4885 926 4926 cum
946 4858 1096 4925 omnibus
1116 4859 1323 4946 appenditiis,
1349 4859 1474 4924 scilicet
1496 4861 1582 4924 areis
1607 4860 1743 4924 edificiis
1766 4862 1853 4946 agris
1877 4860 1973 4925 cultis
1996 4873 2028 4926 et
2051 4863 2178 4928 incultis
2195 4882 2220 4923 ss

529 4973 671 5040 exitibus
695 4981 727 5036 ct
750 4968 909 5035 reditibus
932 4968 1064 5055 pascuis
1082 4969 1184 5053 pratis
1200 4968 1294 5053 aquis
1311 4988 1510 5052 aquarumve
1527 4965 1719 5031 decursibus
1735 4967 1929 5031 molendinis
1945 4968 2178 5055 piscationibus

529 5082 619 5146 silvis
642 5075 870 5143 venationibus
901 5086 934 5140 et
961 5098 1034 5139 cum
1059 5073 1209 5139 omnibus
1233 5072 1435 5155 utilitatibus,
1467 5096 1550 5160 quae
1574 5073 1627 5137 vel
1651 5073 1750 5137 scribi
1774 5074 1828 5138 vel
1850 5077 2011 5140 nominari
2034 5090 2177 5162 possunt,

527 5212 587 5275 per
616 5187 700 5252 hanc
730 5183 875 5270 regalem
906 5194 939 5246 ct
967 5180 1169 5268 imperialem
1199 5181 1354 5267 paginam
1384 5181 1418 5244 in
1447 5182 1614 5267 proprium
1644 5180 1803 5246 donamus
1833 5193 1930 5269 atque
1960 5183 2178 5265 concedimus,

598 5418 663 5475 430.
686 5420 716 5486 x)
735 5415 936 5470 PadcrburbB
1007 5416 1036 5481 y)
1057 5410 1240 5465 Meinwereus
1253 5413 1278 5463 B
1349 5414 1375 5479 a)
1395 5410 1548 5479 KyllaniB
1620 5414 1646 5479 a)
1668 5410 1819 5478 LyboriiB
1890 5412 1921 5481 b)
1942 5414 1985 5466 die
2003 5415 2178 5481 Sr'panmzer'ls

687 5491 744 5542 uad
761 5490 813 5540 dos
829 5488 868 5541 M.
888 5486 975 5550 fabian
995 5487 1025 5535 ia
1043 5486 1069 5537 B
1140 5484 1165 5551 c)
1187 5481 1377 5535 Guntariusb'
1445 5482 1474 5550 d)
1493 5481 1711 5536 ErccinbaldiF
1778 5486 1805 5545 e)
1830 5483 1990 5552 episcopiB
2061 5486 2085 5549 f)
2111 5487 2177 5550 fehlt
2192 5498 2219 5537 ro

687 5565 717 5613 ia
735 5562 760 5612 B
832 5562 861 5624 g)
880 5554 1153 5610 archicancellariiF
1222 5554 1251 5620 lr)
1273 5554 1359 5607 dniB
1438 5553 1459 5621 i)
1479 5555 1572 5606 xle
1651 5555 1680 5623 lr)
1706 5570 1735 5607 so
1754 5555 1823 5606 acob
1843 5556 1876 5620 G,
1896 5557 2044 5608 scudicia
2062 5559 2110 5608 der
2128 5558 2176 5609 Ha.

687 5631 806 5685 eceterae
829 5623 903 5682 Zaaz
927 5644 974 5679 vor
998 5627 1052 5681 kal.
1078 5644 1133 5678 nur·
1157 5626 1243 5677 durch
1268 5629 1310 5679 ein
1336 5626 1464 5678 Versehca
1490 5628 1527 5677 im
1552 5627 1648 5678 Druck
1672 5628 1721 5679 der
1745 5627 1817 5681 Mea.
1839 5627 1927 5682 Germ.
1952 5629 2118 5695 aasqesailea
2144 5632 2176 5681 ist

687 5706 707 5771 l)
729 5701 875 5770 Confunga
887 5702 924 5767 133
943 5696 1088 5767 Cbofunga
1100 5699 1132 5749 F.

598 5793 661 5850 431.
686 5790 833 5863 [Bresslau]
870 5792 897 5856 a)
917 5789 967 5840 dos
986 5794 1052 5840 erate
1070 5804 1085 5840 c
1103 5803 1173 5841 corr.
1193 5786 1272 5840 ariel
