4836 6504
844 474 1080 531 HEINRIGH
1102 475 1141 531 11.
1183 473 1278 531 1009.

592 676 678 736 204⁰.
743 682 746 687 '

326 792 383 876 (C.)
399 788 417 879 ᾖ
432 790 471 854 Iu
491 790 623 854 nomine
645 800 777 854 sanctae
797 798 830 853 et
845 788 1035 852 individuae

237 899 399 963 trinitatis.
438 897 615 961 Heinricus
638 895 751 960 divina
779 894 948 959 ordinante
972 894 1035 959 cle-

207 1006 359 1069 Imentia
379 1026 449 1068 rex.
547 1016 739 1068 saluberrimis
764 1016 849 1081 igitur
878 1016 948 1066 sacri
980 1014 1035 1066 elo-

201 1133 214 1172 e
238 1126 295 1191 quii
322 1125 540 1176 institutionibus
567 1123 706 1174 erudimur
732 1132 759 1174 et
784 1123 977 1182 admonemur,
1006 1127 1038 1172 nt

237 1230 401 1298 temporalia
417 1230 602 1296 relinquentes
616 1232 690 1281 bona
706 1236 734 1281 et
749 1236 858 1280 terrena
870 1236 1036 1296 postponen-

240 1347 280 1389 tes
308 1338 452 1389 commodu
477 1343 589 1388 aeterua
615 1343 642 1388 et
667 1339 727 1388 siue
745 1330 760 1403 Ε
777 1338 830 1387 fine
856 1352 983 1387 mansura
1008 1336 1038 1386 in

239 1444 324 1495 caelis
343 1444 501 1494 studeamus
520 1442 638 1509 adipisci
658 1444 825 1494 constatis&
863 1444 1038 1509 Quapropter

239 1568 288 1603 nos
308 1552 452 1602 dominicis
471 1566 527 1601 non
544 1550 657 1601 surdum
676 1551 800 1601 auditum
817 1551 962 1617 prebentes
980 1567 1038 1616 prc-

197 1667 222 1704 10
240 1660 327 1724 ceptis
353 1664 381 1709 et
406 1657 511 1708 deificis
537 1657 752 1723 obtemperando
778 1657 951 1707 intendentes
976 1673 1038 1708 sua·

241 1767 364 1816 sionibus
395 1764 532 1830 quendam
566 1769 679 1815 nostrae
713 1770 843 1830 paternae
878 1763 1038 1814 hereditatis

243 1868 352 1924 locumb
381 1873 534 1923 Babinberc
562 1874 665 1923 dictum
695 1874 724 1921 in
755 1871 848 1923 sedem
877 1877 904 1922 et
931 1870 1039 1921 culmen

243 1981 420 2047 episcopatus
450 1978 623 2030 sublimando
654 1980 829 2045 proveximus
861 1985 888 2029 et
918 1979 1041 2029 Romana

244 2088 409 2137 auctoritate
426 2092 509 2151 atque
521 2084 687 2137 venerabilis
700 2086 824 2136 Heinrici
835 2086 1040 2151 wirciburgen-

200 2203 225 2241 se
244 2196 281 2243 sis
299 2195 421 2260 episcopi
438 2208 573 2243 consensu
590 2209 622 2243 ac
639 2195 699 2259 pari
717 2184 908 2258 communique
921 2193 1042 2243 omnium

244 2303 330 2351 nostri
356 2299 477 2350 fidelium
502 2306 558 2350 tam
585 2300 853 2366 archiepiscoporum
877 2315 959 2365 quam
986 2299 1041 2365 epi·

244 2421 390 2473 scaporum
410 2407 595 2472 abbatumque
614 2423 665 2457 uec
684 2423 740 2457 nou
757 2407 857 2456 ducum
871 2411 898 2456 et
911 2407 1041 2456 comitum

245 2512 371 2563 consultu
391 2513 559 2579 decretoque
577 2514 607 2563 in
625 2513 757 2563 honorem
775 2519 886 2563 sauctae
904 2513 948 2563 dei
966 2514 1041 2579 geni·

245 2622 321 2671 tricis
346 2620 452 2670 Mariae
477 2628 689 2684 sanctorumque
715 2618 902 2685 apostolorum
920 2619 996 2669 Petri
1015 2624 1043 2670 et

201 2736 227 2775 au
245 2725 325 2777 Pauli
357 2743 408 2776 uec
439 2742 495 2777 uon
525 2727 665 2776 martirum
696 2724 807 2791 Kyliani
838 2731 921 2791 atque
949 2726 1042 2777 Georii

246 2832 428 2884 stabilivimus
447 2840 474 2883 et
487 2834 735 2893 corroboravimus,
754 2841 785 2882 ut
798 2840 826 2883 et
837 2834 906 2883 inibi
919 2839 1043 2883 nostrum

246 2948 444 3006 parentumque
471 2948 626 2990 nostrorum
650 2939 758 2990 celebre
777 2940 924 2991 haberetur
942 2955 1041 2991 memo·

246 3044 313 3097 risle
333 3054 361 3097 et
378 3048 452 3112 iugis
471 3062 520 3112 pro
540 3047 667 3098 omnibus
693 3047 834 3097 ortodoxis
860 3046 952 3097 bestia
971 3064 1042 3098 mac·

246 3160 351 3205 teretur
369 3153 505 3205 salutaris.
542 3155 663 3205 Proinde
686 3156 794 3205 noverit
817 3157 937 3206 omniurn
956 3157 1043 3206 nostri

202 3270 228 3309 rb
246 3260 367 3312 fidelium
392 3268 448 3312 tam
474 3278 585 3328 presens
614 3268 690 3313 aetas
718 3278 799 3327 quam
828 3270 856 3312 ct
883 3279 1044 3313 successura

248 3370 402 3435 posteritas,
425 3370 491 3434 quia
507 3385 557 3420 nos
579 3376 690 3420 nostrae
707 3369 843 3434 quendam
865 3370 1043 3435 prorietatis⁸

249 3474 338 3526 locum
361 3461 575 3525 Mahandori⁰
595 3475 697 3526 dictum
716 3477 744 3525 iu
763 3491 835 3542 pago
854 3462 1043 3548 Ndllgouue

248 3590 276 3633 et
293 3584 322 3632 iu
339 3583 470 3634 comitatu
487 3568 636 3633 Heinrici
653 3584 761 3633 comitis
777 3584 859 3633 situm
876 3583 911 3633 ad
928 3584 1043 3635 eandem

247 3705 331 3755 supra
346 3689 448 3740 dictam
465 3689 649 3756 episcopalem
664 3691 756 3741 sedem
770 3691 925 3742 Babinberc
942 3691 1043 3741 dictam

203 3803 229 3843 ιο
247 3812 302 3846 una
319 3813 380 3847 cum
397 3798 523 3847 omnibus
540 3797 599 3847 eins
613 3798 784 3862 pertiuentiis
797 3798 854 3847 sive
869 3797 1044 3857 adherentiis,

247 3902 379 3955 videlicet
396 3905 466 3954 vicis
484 3902 559 3954 villis
583 3902 726 3955 aecclesiis
751 3905 837 3954 servis
864 3910 891 3954 et
917 3898 1043 3954 aucillisd

247 4012 318 4060 areis
338 4010 471 4061 aediliciis
497 4012 576 4061 terris
602 4010 683 4062 cultis
710 4018 738 4062 et
760 4010 872 4062 incultis
892 4013 943 4061 viis
962 4012 1044 4062 inviis

248 4119 366 4168 exitibus
386 4123 414 4168 ct
432 4118 566 4169 reditibus
583 4119 698 4183 quesitis
717 4116 760 4169 vel
780 4119 948 4183 inquirendis
967 4117 1044 4169 silvis

248 4225 395 4275 forestibus
414 4226 518 4290 saginis
535 4225 728 4275 venationibus
747 4226 826 4290 aquis
846 4225 1044 4290 piscationibus

201 4338 229 4377 se
247 4329 327 4381 molis
353 4331 515 4382 molendinis
541 4333 623 4383 rebus
649 4330 796 4383 mobilibus
822 4337 850 4383 et
868 4330 1044 4382 inmobilibus

248 4454 280 4488 ac
300 4439 398 4489 ceteris
417 4439 542 4489 omnibus
568 4455 638 4504 quae
664 4440 716 4489 rite
742 4440 824 4490 scribi
843 4437 887 4489 vel
911 4437 1044 4505 appellari

247 4552 363 4610 possunt
379 4544 563 4610 quoquolibet
578 4546 659 4596 modo
677 4544 852 4604 utilitatibus,
869 4547 921 4596 hac
935 4553 1044 4596 nostrae

248 4653 419 4702 auctoritatis
434 4651 584 4718 preceptali
601 4654 711 4718 pagina,
729 4659 812 4718 prout
828 4652 931 4703 firmius
947 4668 1044 4719 possu-

249 4774 316 4817 mus,
336 4758 470 4809 donamus
496 4765 579 4824 atque
598 4760 807 4825 proprietamus,
833 4761 953 4809 omnium
979 4776 1046 4810 con·

197 4875 228 4914 ιο
249 4867 414 4917 tradictione
433 4872 546 4926 remota,
565 4868 748 4933 precipientes
767 4868 859 4932 igitur,
885 4874 916 4917 ut
941 4868 969 4916 in
992 4867 1044 4917 deo

248 4973 367 5024 dilectus
393 4975 472 5025 nobis
495 4990 560 5039 sepe
587 4974 677 5024 dictae
702 4974 776 5024 sedis
795 4974 969 5024 Eberhardus
989 4975 1045 5040 epi-

248 5097 350 5147 scopus
370 5079 482 5132 liberam
509 5081 606 5132 debinc
632 5081 733 5131 habeat
758 5087 923 5147 potestatem
947 5083 1046 5147 suique

247 5204 422 5240 successores
446 5188 562 5239 eundem
588 5187 677 5239 locum
701 5173 915 5239 blahandori⁰
943 5189 1047 5239 dictum

248 5312 310 5347 cum
331 5297 457 5346 omuibus
483 5296 650 5362 appenditiis
676 5297 733 5346 suis
759 5297 870 5347 tenendi
888 5296 1047 5362 possidendi

196 5414 227 5455 45
247 5408 319 5453 seu0
337 5397 488 5468 quiequids
505 5403 558 5452 sibi
578 5401 663 5453 libeat
679 5403 766 5454 modis
783 5403 909 5453 omnibus
926 5405 954 5454 iu
967 5420 1047 5455 usum

266 5546 347 5604 Μ’.
373 5547 518 5618 [Bresslan]
547 5553 575 5615 a)
590 5550 615 5601 A
660 5548 688 5615 b)
705 5563 721 5600 o
737 5564 807 5600 corr.
823 5565 874 5601 aare
889 5565 907 5601 u
956 5552 981 5616 c)
998 5566 1047 5602 sou

375 5620 426 5675 Bc.
440 5620 490 5672 111
511 5620 574 5671 oder
597 5636 647 5672 aen
674 5621 723 5672 ΟΔ
749 5622 779 5672 ln
803 5621 892 5684 dufer
914 5623 1048 5685 pensare

375 5691 464 5744 Lache
487 5692 681 5758 accbpstrapen
744 5690 773 5761 d)
796 5692 846 5744 dae
863 5697 930 5744 crau
948 5691 957 5743 l
975 5709 1046 5747 corr.

375 5779 426 5815 aas
443 5764 501 5814 dem
519 5763 634 5829 Ansunp
651 5765 751 5816 ducas
805 5766 831 5831 e)
852 5779 868 5816 e
886 5764 942 5826 aus
954 5764 1048 5815 Reaur

195 5855 226 5894 ω
376 5833 402 5899 f)
423 5835 473 5885 das
490 5836 578 5885 sancite
595 5852 613 5901 q
631 5850 701 5889 corr.
720 5851 771 5887 aas
789 5833 808 5887 d

1822 465 1886 529 239

1445 664 1530 731 204⁶.

1178 789 1235 873 (C.)
1252 785 1269 876 ᾖ
1287 786 1327 850 In
1346 789 1475 852 nomine
1496 797 1628 851 sanctae
1649 797 1681 851 et
1697 786 1888 851 individuae

1089 896 1253 959 trinitatis.
1308 893 1471 957 Henricus
1510 893 1623 957 divina
1660 893 1791 958 favente
1824 893 1888 958 cle-

1090 1002 1213 1065 mentia
1235 1023 1304 1065 rex.
1393 1013 1616 1066 Saluberrimus²
1638 1016 1723 1079 igitur
1740 1016 1811 1065 sacri
1832 1013 1888 1067 clo·

1091 1123 1149 1188 quii
1175 1123 1396 1173 institutionibus
1422 1121 1562 1173 erudimur
1587 1130 1615 1172 et
1641 1122 1832 1183 admonemur,
1859 1130 1889 1172 ut

1091 1227 1254 1295 temporalia
1272 1227 1457 1295 relinquentes
1477 1230 1550 1279 bous
1563 1234 1590 1279 et
1602 1234 1711 1279 terreus
1722 1234 1888 1295 postponen-

1092 1342 1133 1387 tes
1155 1329 1169 1402 Ε
1188 1336 1333 1386 commoda
1357 1342 1471 1385 aeterna
1494 1343 1521 1386 et
1546 1337 1604 1386 siue
1630 1336 1683 1386 fine
1708 1351 1837 1386 mansura
1861 1337 1889 1386 in

1092 1442 1159 1515 celis
1183 1443 1343 1493 studeamus
1369 1443 1486 1508 adipisci
1508 1443 1679 1493 consistoria.
1717 1444 1891 1509 Quapropter

1092 1566 1142 1601 nos
1161 1550 1306 1600 dominicis
1325 1566 1380 1601 non
1396 1551 1508 1601 surdum
1525 1552 1649 1601 auditum
1665 1552 1810 1621 prebentes
1829 1568 1889 1618 pre·

1093 1659 1180 1724 ceptis
1206 1664 1234 1708 et
1260 1658 1363 1708 deificis
1389 1658 1603 1724 obtemperando
1629 1658 1803 1709 intendentes
1828 1674 1890 1709 sua·

1093 1765 1217 1814 sionibus
1231 1765 1366 1831 quendam
1379 1770 1490 1815 nostrae
1501 1771 1613 1833 paterne
1626 1764 1786 1816 hereditatis
1801 1764 1891 1815 locum

1094 1872 1254 1922 Babenberc
1273 1873 1376 1923 dictum
1393 1874 1421 1921 in
1438 1872 1531 1923 sedem
1548 1880 1575 1922 et
1592 1871 1700 1923 culmen
1717 1874 1891 1938 episcopatus

1095 1977 1267 2030 sublimando
1286 1979 1462 2045 proveximus
1482 1986 1509 2029 et
1525 1979 1650 2029 Romana
1667 1981 1832 2029 auctoritate
1851 1986 1890 2029 at·

1095 2100 1147 2149 que
1174 2084 1338 2136 venerabilis
1360 2085 1484 2135 Heinrici
1503 2085 1743 2150 Vvirciburgcnsis
1769 2087 1892 2152 episcopi

1096 2207 1231 2242 consensu
1251 2208 1283 2242 ac
1302 2193 1362 2258 pari
1380 2193 1573 2257 communique
1589 2194 1708 2243 omnium
1725 2194 1810 2244 nostri
1827 2194 1891 2243 fide·

1097 2296 1163 2349 lium
1193 2304 1249 2349 tam
1280 2298 1549 2364 archiepiscoporum
1585 2315 1664 2364 quum
1701 2301 1892 2366 episcopcrum

1096 2406 1281 2471 abbatumque
1301 2422 1351 2456 nec
1371 2422 1426 2456 uon
1444 2405 1545 2456 ducum
1569 2412 1597 2456 et
1615 2408 1745 2457 comitum
1764 2405 1893 2457 consultu

1097 2512 1263 2578 decretoque
1294 2514 1323 2563 iu
1358 2513 1488 2564 bonorem
1523 2520 1635 2564 sauctae
1672 2514 1717 2564 dci
1751 2514 1893 2578 genitricis

1095 2620 1200 2670 Mariae
1219 2625 1430 2685 sanctorumque
1457 2619 1645 2686 apostolorum
1663 2620 1739 2670 Petri
1766 2626 1794 2670 ct
1811 2619 1893 2670 Pauli

1097 2743 1148 2777 nec
1173 2742 1229 2777 non
1252 2728 1392 2777 martirum
1417 2725 1530 2791 Kyliani
1557 2734 1640 2792 atque
1666 2726 1760 2777 Georii
1787 2725 1892 2777 stabili·

1095 2834 1185 2884 murus
1213 2841 1241 2884 et
1272 2835 1521 2893 corroboravimus,
1553 2841 1584 2884 ut
1614 2840 1642 2885 et
1671 2835 1738 2884 inibi
1771 2840 1893 2884 nostrum

1097 2948 1295 3008 parentumque
1321 2948 1475 2993 nostrorum
1495 2947 1523 2992 et
1541 2942 1651 2991 Ottonis
1670 2942 1744 2992 tertii
1763 2939 1895 2991 videlicet

1097 3049 1269 3114 imperatoris
1288 3049 1469 3100 antecessoris
1495 3065 1527 3098 ac
1546 3049 1662 3100 senioris
1680 3048 1766 3098 nostri
1785 3046 1893 3098 celebre

1097 3155 1244 3206 baberetur
1262 3155 1420 3207 memoriale
1447 3162 1474 3207 et
1499 3157 1572 3221 iugis
1598 3171 1647 3222 pro
1674 3156 1800 3207 omnibus
1819 3162 1893 3205 orto·

1097 3264 1176 3314 doxis
1194 3263 1284 3313 hostia
1303 3269 1469 3314 mactaretur
1484 3261 1620 3314 salutaris.
1650 3263 1770 3314 Proinde
1786 3263 1895 3313 noverit

1098 3371 1219 3420 omnium
1237 3372 1323 3421 nostri
1342 3368 1462 3420 fidelium
1483 3376 1539 3420 tam
1557 3385 1668 3436 presens
1689 3376 1748 3420 etas
1766 3385 1848 3434 quam
1867 3377 1895 3421 et

1097 3494 1260 3527 successura
1277 3477 1437 3543 posteritas,
1464 3478 1531 3542 quia
1549 3492 1600 3526 nos
1619 3477 1760 3543 peticione
1777 3472 1811 3521 ab
1830 3492 1894 3527 con-

1097 3600 1179 3635 sensu
1207 3582 1382 3651 dilectissime
1410 3583 1566 3648 cougugis⁸
1592 3590 1701 3634 nostrae
1727 3584 1895 3653 Kunigunde

1097 3689 1228 3742 videlicet
1258 3691 1351 3756 regine
1382 3696 1493 3741 nostrae
1526 3690 1688 3755 quendam
1720 3691 1895 3756 proprietatis

1098 3796 1209 3848 locum
1236 3782 1463 3847 Μιῑοὴίῐιᾶοῒῖ(3
1492 3797 1615 3847 dietum
1646 3798 1675 3847 in
1705 3813 1777 3863 pago
1806 3797 1893 3847 Nord-

1097 3906 1183 3969 gouui
1203 3910 1231 3953 ct
1249 3905 1278 3953 iu
1297 3905 1430 3954 comitatu
1449 3904 1573 3954 Heinrici
1600 3905 1706 3954 comitis
1732 3906 1835 3954 situm
1860 3903 1895 3954 ad

1099 4011 1212 4062 eandem
1230 4027 1313 4077 supra
1332 4011 1433 4061 dictam
1449 4009 1634 4076 episcopalem
1651 4010 1743 4060 sedem
1761 4026 1815 4060 una
1834 4027 1896 4061 cum

1099 4119 1225 4169 omuibus
1243 4112 1343 4168 eiusd
1360 4118 1531 4183 pertiuentiis
1548 4118 1606 4167 sive
1624 4117 1803 4177 adherenciis,
1821 4118 1895 4168 vide·

1100 4223 1165 4274 licet
1191 4225 1259 4273 vicis
1286 4223 1358 4273 villis
1385 4222 1527 4273 aecclesiis
1556 4223 1642 4273 servis
1670 4230 1698 4273 et
1725 4222 1833 4273 aucillis
1862 4224 1896 4275 de

1099 4346 1272 4396 quocumque
1291 4329 1347 4380 alio
1366 4330 1452 4379 nostri
1473 4330 1540 4380 iuris
1562 4328 1623 4380 loco
1640 4331 1763 4380 oriundis
1783 4336 1811 4382 et
1828 4333 1897 4382 inibi

1099 4438 1180 4488 modo
1199 4437 1387 4487 babitantibus
1406 4453 1439 4487 sc
1458 4438 1529 4488 areis
1546 4438 1624 4487 terris
1642 4435 1724 4487 cultis
1741 4443 1768 4487 et
1786 4437 1897 4489 incultis

1098 4546 1151 4596 viis
1170 4541 1203 4595 et
1220 4545 1302 4593 inviis
1321 4544 1440 4594 exitibus
1460 4551 1488 4593 et
1507 4543 1639 4595 reditibus
1659 4545 1774 4609 quesitis
1792 4544 1836 4596 vel
1856 4547 1895 4595 in·

1099 4650 1239 4717 quirendis
1252 4650 1330 4701 silvis
1340 4651 1489 4701 forestibus
1501 4652 1606 4715 saginis
1616 4654 1808 4703 venationibus
1818 4654 1897 4718 aquis

1099 4758 1298 4825 piscationibus
1322 4757 1400 4809 molis
1419 4757 1583 4809 molendinis
1602 4760 1684 4810 rebus
1703 4757 1851 4810 mobilibus
1871 4766 1899 4810 et

1099 4865 1285 4917 immobilibus
1311 4882 1343 4915 ac
1369 4866 1467 4915 ceteris
1494 4866 1620 4916 omnibus
1646 4882 1717 4931 quae
1743 4868 1795 4917 nte
1814 4868 1898 4917 scribi

1100 4980 1148 5024 eut
1161 4971 1293 5040 appellari
1307 4979 1421 5039 possunt
1433 4973 1615 5039 quoquolibet
1628 4975 1709 5025 modo
1724 4973 1898 5034 utilitatibus,

1100 5082 1151 5131 bac
1170 5087 1280 5132 nostrae
1304 5082 1476 5132 auctoritatis
1501 5080 1651 5147 preceptali
1676 5083 1790 5149 pagina,
1816 5088 1899 5148 prout

1100 5189 1202 5239 firmins
1231 5206 1389 5256 possumus,
1418 5190 1551 5240 donamus
1580 5197 1663 5255 atque
1689 5193 1898 5256 proprietamus,

1101 5298 1221 5347 omnium
1237 5297 1455 5347 contradictione
1473 5306 1586 5357 remota,
1605 5299 1788 5369 precipientes
1805 5298 1897 5363 igitur,

1101 5410 1132 5453 ut
1150 5403 1345 5455 dilectissimus
1361 5405 1440 5454 nobis
1458 5405 1487 5454 iu
1503 5403 1611 5455 Christo
1628 5405 1822 5455 Heberbardus
1842 5405 1898 5470 epi·

1122 5548 1203 5605 204⁶.
1224 5548 1368 5620 [Bresslau]
1396 5552 1423 5616 a)
1436 5550 1473 5602 ,4¹
1521 5549 1550 5619 b)
1569 5551 1677 5614 etfeblt
1692 5553 1722 5601 in
1735 5552 1772 5602 Αι
1821 5554 1847 5617 c)
1868 5552 1898 5602 in

1224 5622 1267 5673 aa
1284 5622 1336 5685 fur
1353 5622 1403 5673 den
1420 5622 1579 5674 mnemon
1595 5622 1726 5687 celassem
1742 5622 1831 5674 Ltlcks
1849 5638 1898 5674 eoa

1225 5694 1340 5745 auderes·
1362 5693 1448 5744 Hand
1471 5694 1648 5759 dnpdrepcn,
1674 5693 1723 5759 apl.
1743 5693 1785 5746 dia
1805 5694 1898 5747 Voroc-

1225 5764 1354 5829 merlamp
1390 5763 1419 5829 d)
1433 5761 1490 5816 eius
1502 5766 1558 5829 auf
1565 5764 1672 5824 Rasum·
1679 5765 1829 5830 jedenfalla
1840 5782 1899 5817 wer

1224 5840 1312 5887 sumat
1331 5850 1427 5887 eorum
1446 5836 1493 5886 wie
1511 5837 1541 5887 ia
1558 5837 1607 5887 der
1623 5835 1682 5888 VU.
1700 5835 1865 5902 pesclrrrebea
