4804 6498
825 440 1124 514 0000000000.
1165 437 1261 496 0004.
1827 433 1869 497 03

215 636 322 702 modis
346 634 496 700 omnibus
520 634 745 698 constituimus
775 630 961 718 precimus⁸
991 650 1030 693 00
1060 625 1209 692 iubemus
1233 637 1266 691 et
1294 628 1387 691 iuxta
1415 612 1599 692 nostrorum
1626 612 1870 692 antecessorum

216 767 330 829 regum
342 743 396 807 vel
408 739 662 828 imperatorumh
680 739 816 803 firmiter
828 736 996 817 edicimus,
1012 755 1044 799 ut
1055 748 1148 800 nullus
1159 733 1435 821 archiepiscopus,
1447 733 1556 798 nullus
1568 735 1751 820 episcopus,
1763 733 1871 799 nullus

216 850 361 915 marchio
389 848 442 913 vel
474 870 583 914 comes
607 858 664 911 aut
685 846 910 911 vicedominus
937 842 1097 930 gastaldio
1122 842 1192 906 sive
1216 842 1450 927 cuiuscumque
1473 839 1694 905 ministerialis
1717 841 1870 928 nullaque

217 973 365 1022 iudiciaria
390 976 531 1036 potestas
560 954 614 1018 vel
639 970 677 1018 rei
701 966 812 1034 publice
836 967 960 1016 minister
976 978 993 1010 ι
1018 966 1046 1015 in
1070 948 1226 1035 predictis
1255 963 1377 1013 cortibus
1404 946 1527 1033 prediis
1556 959 1589 1012 et
1611 946 1871 1034 possessionibus

181 1077 316 1152 satque
346 1065 381 1128 in
404 1074 493 1128 corte
518 1085 581 1152 que
606 1061 714 1126 casale
744 1061 849 1124 sancti
872 1058 962 1122 Petri
985 1056 1105 1122 dicitur
1128 1067 1160 1119 et
1189 1057 1223 1118 in
1245 1054 1434 1139 Anioningo
1465 1076 1523 1119 000
1553 1055 1586 1118 10
1615 1052 1778 1141 aliquibus
1802 1077 1871 1119 cor-

217 1172 304 1236 tibus
328 1181 385 1236 aut
408 1169 580 1235 corticellis
604 1168 656 1233 vel
684 1167 765 1232 locis
788 1166 915 1253 prefato
938 1161 1119 1228 venerabili
1146 1163 1342 1226 monasterio
1366 1160 1604 1247 pertinentibus
1628 1174 1759 1242 placitum
1778 1182 1871 1226 tenere

218 1280 271 1344 001
294 1279 477 1343 districtum
506 1277 616 1341 facere
647 1276 716 1339 0100
747 1273 876 1339 fodrum
906 1283 963 1336 aut
992 1271 1135 1357 aliquam
1165 1268 1330 1355 publicam
1353 1268 1544 1333 functione³
1565 1267 1620 1332 vel
1642 1267 1807 1333 redditum
1830 1267 1872 1332 ab

219 1409 317 1473 supra
347 1384 508 1450 dictorum
539 1382 685 1448 locorum
716 1368 954 1445 habitatoribus
984 1378 1038 1443 vel
1070 1374 1308 1463 pertinentibus
1339 1377 1472 1461 exigere
1503 1374 1557 1438 vel
1587 1374 1714 1459 0011000,
1747 1386 1872 1440 remota

219 1494 307 1557 omni
330 1492 513 1573 occasione,
543 1501 718 1577 presumat.
765 1488 856 1552 Inter
879 1498 989 1575 cetera
1011 1496 1121 1549 tamen
1144 1483 1206 1547 hcc
1230 1481 1416 1569 specialiter
1446 1481 1652 1546 statuendum
1677 1483 1872 1563 censuimus,

176 1624 201 1663 00
219 1613 254 1664 ut
274 1610 396 1664 0000000
415 1597 598 1685 predictam
619 1619 682 1684 que
701 1594 854 1659 Malliace
878 1593 1007 1674 dicitur,
1028 1591 1081 1655 vel
1098 1589 1254 1678 quicquid
1270 1612 1347 1676 sepe
1370 1589 1492 1653 dictum
1507 1588 1696 1653 venerabile
1711 1600 1872 1654 monaste-

219 1708 303 1771 rium
326 1708 360 1770 in
380 1705 466 1769 00110
486 1705 602 1768 [0000
625 1704 715 1767 etin
738 1701 822 1766 00110
841 1701 937 1787 Agno
962 1697 1084 1763 habere
1106 1698 1247 1780 videtur,
1270 1697 1426 1784 precipue
1450 1706 1610 1778 tueamur,
1635 1698 1788 1782 quoniam
1813 1695 1873 1785 1000

220 1814 292 1878 1000
322 1815 406 1876 100000
430 1823 539 1900 cetera
569 1811 693 1874 maiora
715 1820 748 1873 et
771 1808 905 1872 fortiora
933 1807 1110 1871 infortunia
1140 1816 1236 1891 atque
1266 1803 1431 1868 molestias
1455 1802 1612 1868 hactenus
1642 1804 1872 1885 sustinuerunt,

220 1919 360 2005 ideoque
392 1919 589 2005 precipimus
620 1928 662 1997 et,
694 1913 953 2002 quibuscumque
984 1910 1301 1977 interminationibus
1324 1909 1471 1974 valemus
1500 1908 1625 1991 iubere,
1657 1910 1873 1993 decernimus,

220 2037 257 2089 ut
279 2025 397 2089 nullius
420 2046 575 2110 umquam
598 2021 794 2110 010000000110
823 2023 971 2085 minister
993 2020 1046 2083 001
1070 2021 1187 2083 missus
1217 2029 1273 2082 aut
1295 2016 1436 2081 famulus
1459 2016 1679 2104 predictorum
1705 2016 1872 2106 [locorum]

177 2155 203 2195 ro
221 2130 458 2196 habitatoribus
489 2132 558 2194 sive
589 2127 826 2215 pertinentibus
849 2128 992 2214 aliquam
1016 2127 1172 2211 deinceps
1195 2125 1377 2190 molestiam
1400 2124 1521 2188 inferre
1544 2136 1722 2211 presumat,
1753 2124 1874 2189 nullam

221 2238 456 2303 districtionem
487 2239 534 2302 eis
564 2237 674 2301 facere
705 2235 757 2299 vel
788 2235 916 2299 fodrum
946 2234 987 2298 ab
1017 2235 1064 2297 eis
1094 2232 1206 2297 tollere
1237 2244 1293 2295 aut
1323 2254 1435 2295 eorum
1464 2229 1598 2295 arbores
1629 2231 1797 2296 succidere
1820 2231 1874 2296 vel

221 2345 346 2431 aliquid
370 2368 482 2409 eorum
512 2342 722 2431 supellectilis
751 2342 805 2405 001
836 2341 954 2429 peculii
984 2339 1142 2405 invadere
1173 2350 1229 2402 aut
1253 2338 1293 2402 de
1318 2360 1430 2402 eorum
1461 2336 1720 2423 possessionibus
1751 2337 1875 2424 aliquid

221 2453 416 2538 potestative
446 2473 562 2537 rapere
586 2450 639 2513 vel
664 2449 805 2535 diripere
836 2449 947 2535 aliqua
969 2448 1142 2512 temeraria
1172 2447 1414 2533 presumptione
1442 2444 1578 2527 audeat,
1610 2445 1667 2509 sed
1692 2447 1776 2509 sicut
1799 2444 1874 2510 hac·

222 2569 316 2622 tenus
339 2558 457 2622 iniuste
481 2558 612 2622 fuerrmt
635 2558 764 2621 contriti
788 2555 938 2642 dissipati
962 2566 994 2618 00
1016 2553 1059 2617 ad
1082 2554 1217 2616 nimiam
1240 2574 1279 2615 ac
1302 2551 1466 2616 infelicem
1490 2563 1716 2637 paupertatem
1739 2552 1874 2635 redacti,

177 2690 204 2728 ao
222 2666 268 2729 ita
298 2664 453 2750 deinceps
482 2666 568 2728 iusta
599 2662 833 2728 deliberatione
870 2662 934 2726 sint
965 2663 1049 2724 iuste
1084 2661 1200 2723 muniti
1230 2671 1263 2723 et
1292 2660 1353 2723 tuti
1384 2670 1416 2723 ct
1446 2657 1488 2721 ab
1521 2660 1608 2723 omni
1639 2660 1872 2744 oppressione¹

222 2782 333 2836 nostra
351 2772 443 2856 regia
463 2772 664 2856 protectione
685 2769 821 2835 defensi.
862 2769 897 2834 Si
922 2770 994 2855 quis
1017 2791 1096 2831 vero
1120 2767 1263 2852 aliquam
1287 2765 1454 2852 querelam
1478 2788 1576 2851 super
1599 2765 1740 2851 aliquem
1764 2788 1876 2830 eorum

221 2877 330 2959 habet,
361 2900 426 2941 non
449 2901 508 2964 per
532 2900 565 2940 se
590 2877 758 2941 vindicare
783 2887 839 2940 000
862 2898 921 2962 000
944 2875 1086 2961 aliquem
1114 2873 1221 2959 legem
1249 2873 1402 2959 require·
1429 2873 1493 2935 nisi
1520 2896 1579 2959 per
1602 2895 1661 2935 nos
1692 2884 1748 2937 aut
1775 2871 1875 2937 abba·

222 2996 288 3049 tem
311 2985 437 3071 10010001ι
460 2985 648 3048 monasterii
679 2995 845 3069 presumat
867 2982 920 3046 vel
944 3005 1004 3068 per
1027 2992 1172 3044 nostrum
1202 2990 1259 3043 aut
1281 2980 1384 3066 ipsius
1408 2978 1536 3043 abbatis
1560 2981 1704 3043 missum.
1752 2979 1875 3043 Confir-

222 3094 317 3155 matis
341 3092 440 3177 igitur
464 3104 496 3155 et
519 3089 561 3155 ab
578 3090 727 3155 omnibus
751 3087 1012 3153 infestationibus
1036 3088 1169 3151 munitis
1193 3087 1319 3150 cunctis
1344 3086 1461 3172 prefati
1485 3084 1615 3171 cenobii
1632 3085 1774 3150 cortibus
1791 3087 1876 3151 villis
1905 3153 1910 3161 ,

178 3198 357 3284 0000001110
388 3199 481 3262 terris
512 3198 644 3262 familiis
674 3196 803 3260 famulis
834 3208 867 3261 et
895 3194 1080 3260 famulabus
1111 3193 1207 3258 aldiis
1232 3204 1264 3257 00
1293 3191 1443 3257 aldiabus
1467 3192 1603 3257 decimis
1628 3195 1751 3279 campis
1775 3196 1876 3279 pratis

223 3305 332 3369 silvis¹
359 3304 524 3369 montibus
551 3303 691 3369 vallibus
720 3302 924 3389 planiciebus
948 3303 1079 3389 pascuis
1109 3300 1304 3364 molendinis
1328 3298 1562 3385 piscationibus
1587 3300 1681 3385 aquis
1704 3323 1875 3387 aquarum-

224 3411 497 3498 que‚decursibus
521 3411 736 3497 omnibusque
760 3410 858 3473 rebus
882 3408 1056 3473 mobilibus
1081 3420 1113 3471 et
1136 3405 1356 3472 immobilibus
1379 3406 1554 3471 iamdicto
1579 3409 1775 3472 monasterio
1792 3408 1876 3473 datis

224 3520 388 3584 concessis
413 3532 445 3583 00
468 3518 690 3605 adquirendis,
721 3517 822 3603 regali
854 3517 1045 3581 auctoritate
1077 3515 1284 3601 precipimus,
1317 3524 1351 3577 ut
1381 3512 1488 3577 nullus
1516 3536 1691 3598 regnorum
1715 3514 1878 3580 habitator

224 3640 417 3707 nostrorum,
441 3649 566 3711 pauper
585 3637 640 3689 aut
659 3624 762 3705 dives,
786 3623 904 3687 nobilis
928 3636 984 3686 aut
1007 3620 1169 3707 ignobilis,
1194 3619 1277 3684 liber
1296 3631 1352 3684 aut
1371 3644 1495 3701 servus,
1519 3645 1656 3705 magnus
1674 3621 1725 3685 vel
1745 3646 1876 3708 parvus,

179 3733 362 3804 walericus
387 3733 439 3796 vel
463 3732 575 3814 laicus,
600 3732 725 3818 aliquid
748 3756 790 3795 ex
815 3729 965 3795 omnibus
989 3751 1087 3816 supra
1111 3752 1130 3791 a
1154 3727 1249 3792 nobis
1273 3729 1400 3791 statutis
1425 3740 1457 3791 00
1480 3727 1659 3814 0000000011
1684 3731 1877 3794 auctoritate

225 3843 389 3904 concessis
421 3854 453 3903 et
480 3840 677 3903 confirmatis
708 3839 885 3923 infringere
916 3839 1062 3900 minuere
1096 3846 1152 3899 aut
1182 3835 1276 3898 aliter
1304 3844 1430 3898 mutare
1460 3848 1636 3920 presumat.
1691 3836 1877 3922 Quicquio⁸

225 3970 303 4011 vero
327 3949 360 4010 in
384 3945 617 4011 munitionibus
640 3946 693 4010 vel
717 3946 880 4032 preceptis
911 3968 931 4007 a
961 3944 1078 4007 nostris
1110 3940 1370 4005 antecessoribus
1394 3939 1527 4026 regibus
1551 3942 1604 4005 001
1628 3943 1877 4029 imperatoribus

225 4054 319 4117 factis
344 4056 528 4117 continetur
550 4053 602 4116 vel
627 4052 755 4137 legitur,
787 4052 957 4115 laudamus
982 4062 1013 4113 et
1039 4050 1266 4113 eorrlirmamus
1290 4049 1442 4134 omnique
1474 4062 1620 4135 tempore
1651 4050 1876 4115 inconvulsum

226 4173 259 4225 et
282 4162 572 4225 incontaminatum
595 4182 787 4245 permanere
812 4172 844 4221 et
868 4179 1079 4243 perseverare
1104 4156 1308 4220 decernimus
1333 4166 1365 4218 00
1388 4157 1518 4219 omniuo
1543 4154 1771 4237 deliberamus,
1800 4181 1878 4243 qua-

179 4291 207 4331 00
225 4270 312 4332 tinus
342 4269 558 4354 prenominati
582 4265 778 4330 venerabilis
804 4264 932 4329 cenobii
962 4263 1196 4327 monachorum
1219 4264 1430 4347 congregatio
1455 4261 1587 4326 liberius
1612 4278 1643 4326 00
1673 4264 1877 4351 tranquillius

224 4376 357 4439 0010000
380 4375 442 4438 (100
466 4376 588 4438 0000100
620 4386 716 4459 atque
741 4396 799 4459 pro
824 4384 909 4436 statu
937 4394 1110 4456 regnorum
1140 4382 1321 4434 nostrorum
1353 4381 1527 4457 nostreque
1536 4381 1557 4408 ¹¹¹
1588 4373 1695 4459 0001000
1719 4371 1822 4436 001000
1846 4384 1880 4435 00

224 4494 396 4569 parentum
428 4492 609 4545 nostrorum
643 4481 712 4543 sive
745 4481 888 4542 omnium
921 4478 1066 4542 fidelium
1099 4477 1348 4542 christianornm
1381 4475 1535 4540 libentius
1568 4477 1789 4566 suplplicarel.
1842 4478 1878 4543 Si

226 4591 299 4675 quis
329 4590 429 4674 igitur
451 4587 513 4652 hoc
537 4600 682 4652 nostrum
714 4586 822 4672 regale
854 4596 1043 4671 preceptum
1070 4583 1272 4672 [inlfringere
1297 4597 1353 4647 aut
1376 4583 1498 4648 0101000
1522 4586 1740 4669 0000000000010,
1772 4587 1879 4672 sapiat

226 4695 274 4783 s[e
299 4694 564 4783 eom]p0siturum
593 4697 664 4759 auri
696 4693 807 4758 obtimi
838 4693 938 4757 libras
961 4691 1059 4772 mille,
1091 4690 1299 4755 medietatem
1322 4690 1458 4779 10000000
1482 4704 1591 4773 nostre
1615 4703 1647 4754 00
1669 4691 1877 4756 medietatem

180 4827 207 4865 ro
226 4803 332 4867 eidem
365 4812 478 4867 sancto
509 4814 542 4866 et
570 4801 750 4866 venerabili
782 4802 987 4864 monasterio.
1036 4797 1131 4879 Quod
1165 4811 1200 4862 ut
1229 4800 1339 4861 verius
1370 4797 1523 4862 credatur
1553 4812 1584 4861 et
1615 4797 1803 4883 diligentius
1835 4798 1878 4864 ab

226 4908 376 4974 omnibus
399 4909 600 4991 observetur,
631 4932 729 4973 manu
759 4909 891 4994 propria
914 4906 1142 4971 confirmantes
1166 4904 1262 4991 sigilli
1286 4905 1388 4968 nostri
1419 4906 1632 4991 impressione
1656 4905 1790 4969 inferius
1813 4908 1878 4971 ius-

225 5017 326 5081 simus
349 5018 508 5102 insigniri.

333 5165 350 5255 ᾖ
374 5167 509 5253 Signum
534 5167 643 5231 domui
667 5168 815 5231 Heinrici
840 5177 904 5241 (11.1
929 5166 1127 5230 serenissimi
1151 5176 1182 5228 et
1207 5165 1409 5229 invictissimi
1435 5165 1532 5249 regis.
1556 5163 1573 5252 ᾗ

333 5316 584 5407 {Hegilbertus
608 5318 821 5383 cancellarius
845 5320 918 5382 vice
942 5317 1106 5403 Uuilligisi
1131 5316 1370 5403 archiepiscopi
1393 5317 1593 5401 recognovit.
1618 5314 1636 5404 ᾖ
1717 5325 1773 5393 (SI.
1792 5326 1833 5395 2.)

1562 5432 1575 5456 0

183 5496 209 5533 a
333 5470 422 5534 Data
446 5470 550 5557 pridie
574 5494 648 5533 000.
679 5471 745 5534 iun.
777 5493 862 5533 anno
886 5468 1048 5532 dominice
1072 5468 1304 5532 incarnationis
1334 5466 1504 5530 millesimo
1534 5481 1601 5549 ΠΗ,
1631 5466 1810 5533 indictione
1840 5434 1878 5554 11,

318 5694 361 5749 ta
384 5695 528 5817 dbrbsir
545 5693 710 5815 prqcipimus
781 5692 822 5816 lr)k
830 5695 873 5773 00·οι
894 5692 967 5813 1110040
985 5693 1180 5813 wi’elpreoepta
1199 5688 1555 5814 odeflrlldefinitionoqnmlpl‘chlt
1574 5694 1646 5814 iarrdsl
1720 5692 1740 5761 i)
1759 5710 1795 5746 ne
1813 5695 1878 5748 soor

386 5838 453 5887 om
470 5772 754 5899 {pquechpgpioepm
775 5840 806 5889 Α.
823 5764 833 5833 )
852 5781 922 5831 rpsru
1053 5764 1062 5828 )
1083 5778 1128 5814 am
1144 5779 1163 5813 u
1182 5778 1231 5814 0000
1277 5778 1318 5814 urs
1334 5778 1390 5815 00000
1499 5778 1577 5827 aper
1614 5769 1665 5815 mr
1743 5770 1782 5834 m)
1800 5781 1877 5836 0000,
