4836 6492
880 437 1117 497 HEINRICH
1139 439 1177 494 II.
1220 437 1314 495 1022.
1855 434 1919 501 605

274 626 351 707 suis,
382 648 446 712 que
475 627 571 692 modo
601 626 701 693 hahet
723 628 776 693 vel
805 630 938 693 inantea
967 626 1184 711 acquisiturus
1215 627 1294 690 erit⁰
1318 626 1407 690 tam<1
1430 648 1489 691 exs
1516 627 1742 692 successione‘1
1766 650 1865 714 quam
1888 640 1921 693 et

273 730 339 795 alia
368 732 597 821 qualicumque
627 735 713 800 iusta
741 734 924 822 adeptione,
954 733 1187 820 preceptariis⁰
1209 730 1377 796 libellariis
1407 733 1588 799 cartulariis
1611 734 1752 799 castellis
1775 735 1920 800 vinaeis⁸

274 838 446 924 mancipiis
468 839 554 904 vihis
577 842 672 906 terris
695 841 791 908 cultis
814 851 847 906 et
864 839 995 906 incultis
1014 847 1047 904 et
1065 836 1215 904 omnihus
1233 837 1407 904 mobilibus
1426 851 1459 904 et
1476 838 1707 924 immobilibus,
1731 864 1794 931 quq
1813 841 1920 908 adhuc

274 944 341 1008 dici
357 944 411 1010 vel
428 947 590 1011 nominari
608 958 753 1034 possunt,
772 946 833 1012 sub
851 957 982 1013 nostrae
1001 944 1199 1011 defensionis
1214 944 1480 1011 mundiburdium
1499 948 1684 1034 recipimus,
1702 949 1920 1035 precipientes

243 1052 395 1138 sitaque,
417 1052 473 1116 ut‘
496 1053 623 1118 nullus‘
647 1054 716 1119 dux
737 1054 883 1119 marchio
906 1075 1015 1118 comes
1034 1052 1218 1117 vicecomes
1237 1051 1419 1118 sculdascio
1438 1053 1599 1139 gastaldio
1618 1065 1675 1119 aut
1692 1053 1803 1141 aliqua
1820 1056 1921 1121 nostri

274 1159 403 1245 imperii
426 1180 546 1245 magna
567 1159 621 1225 vel
643 1183 748 1247 parva
770 1182 911 1246 persona
932 1160 1193 1246 prenominatum
1210 1156 1363 1224 abbatem
1378 1170 1411 1224 et
1426 1159 1602 1225 monachos
1626 1162 1683 1248 qui
1706 1160 1829 1226 ibidem
1847 1172 1923 1227 sunt

275 1286 349 1330 cum
379 1264 563 1331 hominihus
592 1278 659 1332 tam
688 1266 800 1333 liberis
832 1289 929 1354 quam
959 1266 1062 1330 servis
1085 1264 1140 1328 vel
1169 1264 1293 1329 aucillis
1316 1276 1483 1351 presumat
1505 1289 1561 1330 eos
1584 1267 1626 1332 ad
1649 1267 1771 1353 placita
1792 1269 1922 1334 trahere

275 1370 329 1436 vel
351 1370 546 1459 distringere
568 1384 625 1439 aut
646 1374 804 1456 iudicare,
827 1374 891 1438 nisi
915 1382 991 1438 ante
1013 1382 1157 1437 nostram
1180 1371 1382 1457 imperialem
1404 1374 1611 1459 presentiam.
1653 1373 1810 1439 Volumus
1833 1398 1922 1440 nam-

275 1500 350 1565 que,
373 1489 410 1543 ut
432 1478 473 1543 de
497 1479 646 1545 omnibus
669 1503 769 1567 supra
791 1480 887 1546 dictis
910 1477 1008 1544 rebus
1031 1477 1138 1543 nullus
1160 1480 1440 1564 prenominatum⁸
1463 1477 1615 1545 abbatem
1638 1491 1695 1546 aut
1717 1503 1922 1547 successores

230 1609 259 1648 ro
275 1607 351 1650 suos
374 1584 495 1650 audeat
517 1587 688 1652 molestare
711 1588 892 1674 inquietare
916 1585 1113 1651 contendere
1136 1585 1191 1649 vel
1213 1584 1384 1649 disvestire
1408 1585 1477 1650 sine
1501 1585 1598 1671 legali
1620 1587 1752 1652 iudicio.
1792 1587 1922 1675 Siquis

275 1714 354 1757 vero
382 1692 478 1758 huius
509 1695 609 1758 nostri
638 1691 862 1759 mundiburdii
884 1692 1024 1756 violator
1046 1692 1216 1773 exstiterit,
1248 1693 1329 1756 sciat
1358 1714 1395 1755 se
1426 1693 1680 1779 compositurum
1709 1695 1781 1759 auri
1811 1696 1923 1781 optimi

276 1797 424 1881 librasse,
448 1799 697 1866 mediaetatem·
720 1822 849 1887 camere
871 1809 981 1864 nostre
1005 1809 1037 1863 et
1055 1797 1305 1863 mediaetatem²
1321 1796 1460 1863 abbacie
1476 1801 1581 1864 sancti
1597 1799 1786 1865 Salvatoris.
1826 1800 1924 1882 Quod

275 1916 312 1969 ut
333 1906 442 1971 verius
472 1905 625 1971 credatur
654 1917 686 1971 et
716 1906 904 1993 diligentius
936 1903 978 1970 ab
1009 1903 1160 1970 omnibus
1192 1903 1392 1987 observetur,
1424 1904 1486 1970 hoe
1519 1905 1785 1972 mundiburdium
1817 1906 1923 1993 sigillo

275 2022 385 2077 nostro
408 2013 561 2077 iussimus
584 2013 744 2100 insigniri.

232 2179 260 2221 rs
383 2152 645 2242 {Theodericus
676 2153 890 2219 cancellarius
919 2154 993 2219 vice
1015 2150 1201 2217 Eberhardi
1230 2155 1376 2241 episcopi
1404 2165 1435 2219 et
1462 2154 1738 2242 archicappellani
1760 2156 1923 2246 notavi.{

357 2296 472 2361 'Data
493 2310 531 2361 Π.
555 2295 600 2360 id.
627 2294 683 2361 iul.
713 2319 799 2362 anno
828 2296 1062 2361 iucarnationis
1092 2295 1213 2360 domini
1243 2295 1434 2361 millesimae
1456 2284 1542 2380 xxfi,
1572 2297 1749 2364 indictione
1772 2313 1806 2382 v,
1836 2320 1923 2363 auno

275 2425 355 2468 vero
379 2401 489 2468 domni
512 2400 662 2467 Heinriei
684 2404 850 2490 regnantis
874 2401 1009 2467 secundi
1031 2389 1103 2485 xxi,
1126 2402 1255 2489 imperii
1278 2424 1357 2467 vero
1376 2416 1472 2486 vl1113
1500 2414 1609 2468 actum
1632 2404 1800 2470 Marturio.

1052 2719 1146 2806 476.

276 2882 454 2958 Heinrich
478 2885 608 2958 oimmt
631 2883 691 2958 die
716 2882 839 2957 Wtwe
859 2881 1080 2981 Goodfeldc
1100 2881 1182 2957 aad
1197 2882 1302 2958 deren
1319 2880 1419 2959 Soleo
1438 2882 1560 2984 Royer
1583 2886 1625 2958 io
1650 2886 1773 2959 seiueu
1794 2882 1923 2961 Sobata

230 3034 259 3075 ss
275 3001 356 3077 aad
387 3002 537 3077 verleibt
568 3002 679 3077 ihuen
695 3000 775 3099 fiir
805 3002 881 3076 siah
914 3001 996 3076 aad
1017 3002 1097 3076 ihre
1122 3002 1352 3103 abhaupiyea
1378 3001 1491 3077 Lecta
1525 3004 1630 3077 doen
1648 3004 1922 3105 privilegiata

278 3119 554 3198 Gerichtsstcnd
575 3147 644 3196 vor
669 3120 748 3196 dem
775 3121 922 3196 Kaieer.
1624 3180 1668 3189 -
1690 3180 1734 3189 ..
1757 3180 1800 3189 -
1823 3180 1876 3210 —.

384 3326 481 3388 Codes
503 3327 693 3388 Siccrdiaose
721 3346 774 3387 aesc
802 3328 865 3387 dem
887 3328 1008 3403 Assone
1036 3327 1086 3387 dcc
1108 3328 1155 3387 13.
1171 3327 1227 3388 Jh.
1247 3347 1280 3401 p.
1296 3328 1338 3386 52
1366 3328 1399 3386 is
1425 3328 1478 3388 der
1499 3327 1660 3387 Bibliotees
1681 3330 1867 3404 yoveruativa
1887 3348 1923 3391 zu

385 3435 525 3495 Ormouc
548 3435 617 3503 (B).

383 3577 507 3652 Stampf
524 3578 599 3637 Acta
626 3577 702 3637 ised.
726 3579 787 3636 386
815 3579 848 3636 πο
869 3577 932 3637 276
960 3595 1013 3637 auc
1041 3577 1072 3636 B
1099 3595 1135 3637 zu
1164 3577 1242 3638 1014
1251 3578 1389 3638 -1024,
1414 3607 1458 3616 -
1484 3577 1638 3652 Asteqiano
1670 3576 1733 3638 OD.
1760 3577 1925 3639 &mucce

383 3685 413 3755 1,
427 3686 469 3742 58
490 3687 523 3743 o⁰
538 3685 576 3743 39
598 3682 669 3759 Req.
693 3702 729 3742 zu
751 3685 841 3743 1022.
865 3713 909 3721 -
932 3682 1255 3758 Stampreq.1836⁰
1276 3702 1312 3742 zu
1335 3684 1553 3746 rore-1024.

388 3825 520 3898 Versosst
542 3825 612 3897 aad,
633 3826 688 3885 wie
709 3826 756 3886 die
773 3825 1010 3900 Nacbzeiehaany
1032 3825 1081 3885 des
1101 3823 1266 3883 cartem
1287 3826 1319 3884 in
1337 3824 1367 3883 B
1388 3825 1528 3884 erkerrmn
1550 3827 1632 3896 ilicet,
1654 3827 1726 3885 auch
1747 3828 1924 3902 qeseltre'ehen

384 3952 439 3992 vos
458 3933 510 3992 TA
529 3933 601 3992 nach
617 3932 773 3993 dorcelbeo
787 3932 946 3992 Fortualar
967 3932 1022 3992 wie
1040 3930 1080 3991 D.
1097 3931 1173 4005 475,·
1195 3931 1284 3990 daher
1297 3950 1353 3990 vore
1370 3949 1425 3991 uus
1439 3951 1478 3991 an
1492 3932 1585 3991 dieser
1600 3931 1686 3992 Stelle
1700 3934 1861 4009 eiseyeres'ht,
1881 3964 1922 3972 -

389 4029 464 4100 iiber
485 4040 539 4099 dos
562 4038 725 4099 Geschlecbt
745 4039 795 4099 dcc
816 4038 913 4115 Royer
934 4039 990 4112 vql.
1010 4038 1164 4113 Asteyiam
1186 4058 1214 4098 α.
1231 4058 1259 4097 α.
1279 4037 1313 4098 0.
1329 4040 1371 4097 58
1393 4038 1433 4097 N.
1451 4039 1478 4097 1.

385 4216 444 4289 (C.)
467 4206 485 4297 ᾖ
507 4209 546 4272 In
575 4208 705 4272 nomine
738 4219 850 4272 sancte
884 4220 916 4273 et
947 4206 1116 4272 individue
1147 4207 1309 4270 trinitatis.
1356 4207 1519 4271 Henricus
1551 4207 1665 4271 divina
1695 4207 1826 4273 favente
1858 4208 1922 4274 cle·

231 4345 259 4384 so
277 4313 430 4404 menfltia
460 4315 679 4380 Romanorum
713 4315 890 4400 imperator
922 4324 1089 4400 augustus.
1203 4312 1339 4378 Noverit
1372 4315 1515 4379 omnium
1550 4325 1661 4379 sancte
1695 4314 1749 4379 dei
1784 4314 1922 4381 ecclesie

276 4433 523 4509 nostronrmque
546 4421 746 4507 presentium
770 4420 894 4484 scilicet
916 4442 956 4484 ac
979 4420 1160 4485 futurorum
1182 4418 1327 4485 fidelium
1349 4420 1518 4502 industria,
1542 4420 1682 4508 qualiter
1704 4445 1762 4485 nos
1786 4444 1844 4508 pro
1867 4421 1921 4487 dei

275 4552 385 4595 amore
407 4540 582 4615 nostreque
605 4527 750 4593 remedio
773 4528 881 4592 anime
897 4525 1085 4592 Gondfalda
1108 4536 1141 4591 et
1157 4525 1344 4612 Rcdgerum
1366 4526 1469 4591 tilium
1488 4528 1558 4592 eius
1574 4550 1648 4592 cum
1665 4528 1797 4594 castello
1813 4530 1920 4596 Maleo

276 4659 350 4702 cum
380 4633 530 4701 omnibus
562 4636 767 4721 pertinentiis
797 4635 868 4699 eius
898 4644 931 4697 et
951 4633 1094 4698 Bariano
1124 4644 1158 4698 et
1186 4632 1378 4698 Montesello
1407 4634 1442 4697 in
1472 4633 1698 4699 comitatibus²
1728 4635 1921 4719 Laudensis,

274 4740 537 4829 pergamenam,
560 4741 756 4806 Brisciensis
786 4751 884 4827 atque
914 4739 1044 4804 familiis
1072 4740 1241 4826 utriusque
1271 4762 1370 4804 sexus
1399 4741 1502 4804 servis
1532 4750 1565 4805 et
1594 4741 1719 4806 ancillis
1743 4742 1866 4808 colonis
1889 4755 1922 4809 et

231 4878 258 4919 rs
277 4847 453 4915 colonabus
477 4848 653 4931 cartulatis,
678 4847 796 4937 [οιιιῃ]ο
820 4844 969 4911 omnihus
993 4869 1104 4912 corurn
1128 4846 1226 4911 rebus
1250 4858 1283 4912 et
1304 4847 1557 4934 proprietatibus
1565 4848 1589 4929 ⁶,
1621 4870 1702 4934 quas
1725 4860 1836 4915 tenere
1859 4852 1921 4915 visi

276 4968 351 5021 sunt
384 4957 418 5019 in
452 4955 684 5042 prenominatis
720 4952 956 5036 comitatibus⁸,
991 4975 1055 5040 que
1083 4952 1181 5018 modo
1208 4952 1330 5019 habent
1357 4954 1411 5019 vel
1440 4955 1591 5019 inantea³
1615 4956 1803 5043 acquisituri
1827 4970 1922 5022 erunt

276 5074 342 5128 tarn
367 5063 428 5128 ex‘
452 5062 678 5128 successionet
702 5083 801 5148 quam
823 5072 857 5125 et
879 5060 944 5125 aha
967 5062 1052 5125 iusta
1074 5059 1279 5146 adeptioness,
1309 5062 1522 5148 preceptariis
1549 5060 1716 5127 libellariis
1739 5063 1921 5128 cartulariis

275 5171 382 5235 vineis
405 5170 577 5256 mancipiis
599 5168 685 5233 villis
707 5169 803 5233 terris
825 5166 1000 5232 mobilibus
1031 5177 1063 5232 et
1085 5166 1315 5250 immobilibus,
1350 5190 1414 5255 que
1445 5167 1552 5233 adhuc
1582 5168 1647 5234 dici
1676 5168 1729 5234 vel
1761 5171 1921 5236 nominari

276 5289 422 5366 possunt,
446 5275 507 5341 suh
530 5289 639 5342 nostre
662 5275 861 5341 defensionis
879 5273 1146 5340 mundiburdium
1164 5274 1349 5360 recipimus,
1374 5275 1590 5362 precipientes
1613 5278 1733 5363 itaque,
1756 5288 1793 5342 ut
1814 5277 1921 5343 nullus

231 5508 261 5548 rc
348 5489 412 5548 lii.
438 5494 465 5558 c)
485 5490 496 5544 i
513 5492 570 5556 aas
582 5491 679 5543 amar
748 5488 778 5558 d)
805 5506 850 5543 am
875 5505 910 5543 ex
933 5488 1073 5543 accession
1097 5488 1154 5552 eus
1166 5489 1268 5555 meur,
1292 5489 1335 5540 die
1359 5489 1449 5542 ὁείἀεη
1473 5505 1487 5541 s
1511 5490 1600 5541 hister
1624 5507 1642 5542 x
1664 5490 1779 5556 sarra
1802 5492 1851 5545 der
1873 5509 1921 5543 ur-

437 5562 629 5631 sprttnplr‘cheu
640 5561 745 5627 &Mn
762 5579 809 5627 aa,
826 5578 856 5615 sc
873 5561 937 5613 dass
954 5561 1014 5614 cleo
1029 5567 1119 5614 wat
1136 5560 1261 5613 maciem
1279 5558 1332 5612 erit
1349 5559 1518 5614 successione
1534 5561 1699 5627 monem
1717 5578 1776 5615 was·
1826 5563 1852 5631 e)
1871 5565 1922 5616 das

438 5635 527 5687 msa
543 5650 563 5703 p
580 5635 637 5699 aas
648 5633 742 5685 saar
813 5632 840 5699 i)
858 5636 890 5686 ut
906 5650 924 5684 n
943 5632 999 5697 auf
1011 5631 1104 5685 Bucar
1174 5634 1204 5700 g)
1225 5629 1301 5682 nomi
1318 5632 1374 5696 uus
1386 5631 1480 5684 Rasur
1550 5630 1580 5700 h)
1599 5629 1657 5686 ML
1673 5634 1706 5688 A.

349 5722 414 5779 lid.
438 5720 544 5793 [Bloch]
579 5723 607 5791 a)
626 5720 866 5803 commitetrhnsB
936 5720 967 5788 b)
993 5718 1223 5790 PergamensisB
1293 5723 1319 5786 c)
1342 5720 1409 5784 fehlt
1427 5721 1501 5774 aa
1570 5719 1601 5787 d)
1623 5721 1921 5791 proprietationihusB

439 5798 466 5861 e)
487 5798 569 5848 antea
580 5794 605 5846 B
677 5791 876 5861 i)excumone
888 5793 922 5861 B,
939 5793 1080 5846 uerbum
1095 5791 1165 5845 nasa
1182 5792 1218 5846 D.
1230 5794 1284 5843 475
1355 5793 1385 5861 g)
1404 5790 1553 5861 adoptione
1564 5793 1590 5847 B
