4800 6516
822 446 1061 503 HEINRICH
1084 448 1122 503 11.
1165 448 1259 504 1003.
1828 444 1871 506 43

215 636 319 701 centis
343 634 429 700 dono
452 636 572 700 tradita
596 648 628 700 et
652 635 759 700 denuo
784 620 1034 721 praeceptorum
1057 636 1209 699 firmitate
1234 635 1443 701 corroborata
1473 647 1585 702 nostra
1616 637 1718 722 regali
1745 638 1871 702 munifi·

215 743 323 805 centia
342 742 618 808 confirmaremus.
654 742 757 807 Cuius
777 741 909 829 quidem
929 741 1085 806 honestae
1104 743 1253 828 petitioni
1277 745 1418 829 primum
1441 767 1500 829 pro
1520 766 1630 808 amore
1650 744 1704 808 dei
1727 756 1870 809 nostrae-

214 871 277 934 que
309 848 421 913 salutis
454 862 613 935 provectu
643 850 882 914 satisfacientes
913 871 973 935 per
1000 848 1061 914 hoc
1092 850 1202 934 regiae
1231 851 1410 915 maiestatis
1434 852 1562 936 insigne
1586 852 1872 916 confirmamuset

213 954 412 1020 validissime
444 956 692 1022 corroboramus
723 956 767 1021 ad
797 955 980 1042 praefatam
1008 957 1113 1021 sancti
1137 954 1315 1021 Salvatoris
1348 959 1519 1044 sanctique
1551 957 1687 1044 Kyhani
1719 960 1871 1045 ma1tyris

177 1061 345 1126 edomum
372 1063 445 1128 loca
468 1074 648 1128 memorata
679 1074 711 1128 et
742 1062 851 1141 cellas,
884 1085 958 1127 cum
992 1061 1143 1126 omnibus
1172 1062 1365 1128 adiacentiis
1395 1063 1587 1128 utensilibus
1611 1075 1644 1129 et
1667 1064 1871 1152 appendiciis

214 1170 292 1251 sais,
323 1171 357 1233 in
380 1169 641 1256 quibuscumque
674 1172 770 1257 pagis
800 1181 832 1241 et
860 1168 1067 1234 comitatibus
1097 1170 1237 1249 iaceant,
1269 1181 1301 1234 et
1330 1172 1493 1235 universis
1523 1183 1590 1236 tam
1614 1173 1750 1259 quesitis
1773 1194 1871 1258 quam

213 1276 426 1362 inquirendis,
455 1278 540 1342 sicut
562 1278 595 1341 in
619 1267 783 1363 prioribus
807 1299 1057 1363 praecessorum
1081 1288 1264 1341 nostrorum
1286 1276 1406 1362 legitur
1428 1279 1568 1363 scriptis,
1593 1300 1631 1342 eo
1656 1290 1769 1342 tenore
1793 1302 1871 1364 qua-

213 1383 298 1447 tinus
327 1382 528 1469 praelibatus
559 1384 690 1471 praesul
713 1384 891 1448 Heinricus
922 1385 1037 1471 suique
1065 1384 1226 1470 perpetim
1250 1406 1456 1447 successores
1481 1385 1597 1449 eadem
1620 1384 1693 1449 loca
1717 1396 1749 1450 et
1772 1385 1871 1450 cellas

213 1501 346 1555 teneant
364 1492 486 1556 usitent
509 1502 542 1556 et
557 1491 619 1556 ad⁰
646 1491 794 1555 divinum
818 1491 1004 1572 servicium,
1028 1492 1092 1554 ita⁰
1114 1491 1199 1554 sicut
1222 1491 1255 1553 in
1279 1491 1422 1576 antiquis
1445 1514 1560 1575 regum
1584 1502 1617 1555 et
1639 1492 1871 1577 imperatorum

169 1598 342 1683 rescriptis
364 1599 558 1679 continetur,
583 1597 767 1684 disponant,
792 1608 903 1661 nostra
926 1608 1173 1683 nostrorumque
1197 1620 1424 1662 successorum
1439 1597 1717 1662 contradictioned
1737 1609 1870 1663 remota.

214 1703 259 1768 Et
288 1716 323 1768 ut
353 1704 435 1768 haec
466 1716 597 1769 nostrae
621 1705 876 1769 confirmationis
907 1706 1084 1768 auctoritas
1114 1702 1240 1767 stabilis
1272 1715 1304 1768 et
1333 1704 1525 1768 inconvulsa
1555 1716 1755 1791 permaneat,
1786 1704 1870 1769 hanc

213 1813 368 1897 paginam
399 1810 475 1875 inde
501 1813 719 1898 conscriptam
749 1834 849 1875 manu
876 1813 1010 1897 propria
1034 1810 1224 1874 roborantes
1249 1810 1347 1896 sigilli
1369 1812 1472 1875 nostri
1495 1813 1698 1897 inpressione
1721 1812 1870 1897 insigniri

212 1940 375 1986 iussimus.

318 2056 337 2147 ᾖ
360 2058 497 2144 Signum
521 2057 632 2122 domni
655 2059 805 2123 Heinrici
829 2066 893 2139 (M.)
917 2060 1005 2144 regis
1028 2060 1243 2123 invictissimi.
1267 2057 1285 2147 ᾖ

170 2223 195 2263 rs
319 2198 549 2289 {Egilbertus
574 2200 789 2265 cancellarius
812 2203 886 2265 vice
911 2200 1077 2286 Unilligisi
1101 2200 1354 2286 archicapellani
1378 2224 1486 2286 recog.
1511 2199 1528 2290 ξ

320 2343 409 2407 Data
439 2358 473 2407 v.
499 2343 543 2407 id.
574 2342 660 2407 febr
693 2366 778 2408 anno
809 2343 992 2407 dominicae
1025 2343 1258 2406 incarnationis
1286 2357 1363 2407 M111
1371 2393 1378 2423 ,
1412 2342 1589 2408 indictione
1613 2359 1642 2425 1,
1676 2366 1761 2407 anno
1792 2366 1869 2408 vero

213 2449 323 2513 domni
347 2450 496 2514 Heinrici
521 2450 661 2536 regis13
686 2460 795 2514 actum
819 2449 964 2515 Colonia.

984 2575 1030 2645 (¹3·
1056 2574 1095 2642 l.)

1012 2882 1080 2969 38.

167 3077 193 3116 so
211 3045 388 3120 Heinrich
415 3046 582 3146 bestu‘tr'pt
605 3044 671 3119 der
688 3045 940 3144 biscbofliehea
957 3045 1096 3118 Kirche
1121 3072 1165 3118 aa
1191 3044 1393 3146 Wa'r'rzbarp
1420 3046 1478 3119 die
1495 3046 1602 3119 Attea·
1618 3042 1867 3120 schwarzach.

1437 3183 1515 3243 Ko'la
1539 3185 1619 3244 1003
1641 3183 1777 3242 Fabiam·
1794 3184 1821 3242 9.

320 3308 564 3383 Oripirtaldiplom
586 3309 627 3366 im
649 3308 677 3367 Ie.
703 3308 910 3367 Reichsmrhic
931 3327 967 3367 aa
989 3308 1130 3367 dieuches
1156 3307 1224 3375 (A).

319 3450 457 3525 Ludaa’y
480 3450 534 3509 SS.
558 3469 617 3509 rer.
639 3451 736 3509 Gerra.
761 3454 792 3520 2,
813 3451 852 3508 14
874 3469 927 3509 aas
953 3450 1019 3508 MS.
1044 3450 1093 3509 des
1116 3449 1219 3508 Chroa.
1245 3449 1488 3508 Schwarzucease.
1512 3480 1556 3489 —
1579 3449 1660 3509 Mon.
1685 3451 1778 3510 Boica
1799 3453 1867 3520 28⁰,

319 3560 380 3619 306
401 3561 434 3616 πθ
452 3559 507 3616 199
531 3577 584 3616 aras
606 3557 643 3616 A.
672 3588 716 3596 —
740 3558 868 3617 Bo'hmer
889 3557 961 3631 Rea.
986 3558 1056 3616 927.
1080 3586 1124 3596 —
1148 3556 1468 3631 Stamprey.1345.

167 3718 193 3757 aa
320 3700 504 3760 Gaschriebea
536 3719 589 3759 coa
613 3699 673 3758 ΕΒ
695 3700 767 3759 narb
797 3701 885 3758 aalma
908 3718 962 3757 coa
986 3699 1042 3757 EA
1071 3700 1124 3757 mil
1148 3699 1316 3773 Bcrzrrtzaay
1344 3717 1398 3756 roa
1423 3697 1463 3757 D.
1484 3699 1524 3757 37
1550 3701 1710 3769 servantes
1736 3697 1865 3773 Coacqu.

317 3807 422 3882 filiaiqc
443 3826 497 3865 coa
522 3825 576 3865 rans
594 3806 672 3865 nicht
693 3807 842 3865 besoaders
860 3806 1029 3864 maranae
1046 3806 1143 3863 Worte
1160 3811 1296 3863 staminea
1315 3823 1369 3863 aas
1387 3805 1439 3863 dea
1457 3805 1662 3864 Vota-landen
1686 3824 1740 3863 coa
1758 3805 1799 3865 D.
1817 3808 1864 3865 37.

318 4002 375 4071 (C.)
406 3991 424 4082 ξ
455 3994 494 4057 In
522 3994 653 4058 nomine
678 4004 810 4056 sauctae
834 4004 866 4055 et
889 3990 1078 4055 individuae
1102 3991 1265 4055 trinitatis.
1311 3991 1488 4055 Heimicus
1512 3991 1625 4056 divina
1647 3993 1778 4056 favente
1802 3992 1865 4057 cle-

210 4102 331 4165 mentia
349 4123 419 4166 rex.
511 4114 620 4179 siquid
635 4112 703 4165 locis
717 4113 811 4163 divino
825 4112 912 4162 cultui
927 4114 1090 4178 mancipatis
1104 4120 1213 4163 nostrae
1228 4111 1363 4177 largitatis
1376 4111 1530 4162 stabilimus
1543 4113 1737 4173 munificentia,
1756 4114 1865 4164 divinae

211 4214 323 4278 pietatis
350 4229 400 4263 nos
426 4213 490 4263 inde
515 4206 529 4279 ξ
554 4212 691 4263 credimus
717 4218 744 4261 et
772 4212 882 4261 minime
911 4212 1074 4275 ambigimus
1102 4211 1315 4261 remunerandos
1343 4210 1554 4275 magnificentia.
1598 4211 1717 4261 Proinde
1746 4213 1865 4263 omnium

165 4332 191 4371 ³0
211 4328 323 4370 sanctae
343 4320 387 4370 dei
407 4318 560 4370 aecclesiae
580 4326 788 4383 nostrorumque
806 4317 927 4368 fidelium
947 4334 1077 4383 praesens
1096 4326 1123 4368 et
1141 4318 1235 4367 futura
1254 4326 1405 4383 cognoscat
1424 4318 1568 4377 industria,
1588 4317 1706 4382 qualiter
1725 4319 1766 4367 vir
1784 4335 1864 4369 reno·

212 4426 307 4478 rabilia
335 4427 484 4477 Heinricus
514 4428 771 4491 Uuerceburgensis
804 4424 935 4477 videlicet
961 4424 1116 4475 aecclesiae
1144 4423 1255 4490 praesul
1285 4410 1426 4497 quedam
1459 4412 1568 4496 regiae
1602 4410 1654 4474 vel
1687 4411 1864 4497 imperialis

210 4532 389 4607 praecepta
412 4521 577 4606 potentiae
601 4518 719 4583 no'stris
743 4519 966 4605 praesentavit
990 4516 1165 4597 obtutibus,
1190 4517 1366 4604 inquibus
1390 4516 1573 4583 habebatur
1596 4520 1762 4599 insertum,
1786 4542 1864 4604 quo-

212 4625 307 4691 modo
338 4626 566 4691 Hluduuuicus
597 4628 680 4712 pius,
712 4626 948 4690 interveniente
979 4624 1182 4690 memorandi
1213 4626 1352 4689 nominis
1382 4624 1473 4689 Amo
1504 4624 1667 4711 pontifice,
1701 4625 1864 4710 quandam

210 4732 375 4797 abbatiam
410 4735 540 4798 nomine
572 4732 740 4800 Suarzaha
769 4744 801 4797 et
830 4734 1062 4796 monasterium
1093 4755 1187 4796 secus
1218 4733 1358 4797 hostium
1393 4731 1535 4796 fluminis
1566 4731 1734 4797 Suarzaha
1768 4733 1864 4795 situm

164 4866 190 4905 35
210 4863 284 4904 eum
300 4840 450 4905 Omnibus
466 4842 669 4927 pertinentiis
685 4840 739 4904 vel
758 4840 950 4904 adiacentlls
970 4840 1036 4902 suls
1056 4853 1092 4903 ad
1106 4854 1216 4903 domum
1229 4855 1257 4903 in
1271 4853 1382 4903 honore
1402 4854 1490 4903 sancti
1505 4853 1656 4903 salvatoris
1674 4866 1690 4897 a
1707 4854 1863 4918 preciosis·

208 4962 364 5028 simique
384 4964 510 5027 martyris
525 4962 625 5013 Christi
646 4961 757 5027 Kyliani
776 4962 805 5010 in
824 4962 892 5010 urbe
907 4960 1108 5025 Uuerceburg⁸
1125 4960 1305 5025 corporaliter
1324 4962 1492 5025 quiescentis
1512 4957 1730 5010 constructam
1753 4946 1863 5031 regiae

209 5057 410 5119 auctoritatis
442 5057 562 5142 scripto
592 5054 726 5119 tradidit
757 5066 789 5118 et
820 5054 853 5117 in
884 5066 1076 5141 perpetuum
1108 5052 1285 5117 obtinenda
1316 5051 1483 5117 stabilivit.
1535 5051 1662 5133 Quibus
1691 5053 1783 5117 lectis
1807 5051 1863 5117 ob·

207 5161 276 5226 lata
299 5175 373 5227 sunt
396 5162 461 5227 aha
484 5163 687 5227 dilectissimi
712 5162 847 5225 senioris
872 5174 903 5225 et
926 5162 1028 5224 nostri
1051 5159 1314 5245 praedecessoris
1338 5162 1432 5224 tercii
1460 5160 1585 5224 scilieet
1610 5160 1738 5225 Ottonis
1762 5161 1862 5246 impe-

208 5272 325 5334 ratoris
356 5294 455 5357 super
485 5269 631 5334 eiusdem
661 5267 814 5332 abbatiae
846 5268 899 5331 vel
929 5268 1117 5331 monasterii
1149 5266 1392 5331 confirmatione
1423 5279 1598 5353 praecepta
1628 5267 1861 5332 Berenuuardo

161 5401 189 5439 ro
208 5374 293 5465 bone
328 5378 504 5441 memoriae
540 5377 685 5463 pontifici
715 5374 845 5440 tradita.
898 5375 959 5438 His
995 5374 1094 5458 igitur
1125 5374 1170 5438 ita
1203 5375 1304 5459 gestis
1335 5374 1500 5460 praefatus
1536 5389 1699 5439 venerabilis
1716 5403 1732 5433 a
1754 5387 1862 5454 praesul

208 5498 357 5549 Heinricus
383 5506 503 5549 nostram
527 5515 576 5564 per
599 5500 783 5548 interventum
802 5494 920 5546 dilectae
945 5496 1070 5559 coniugis
1097 5504 1206 5546 nostrae
1226 5494 1389 5561 Cunigundq
1409 5494 1539 5545 videlicet
1563 5497 1675 5559 reginae
1698 5494 1861 5561 suppliciter

293 5678 339 5735 87.
364 5684 391 5749 c)
411 5679 446 5732 ad
464 5679 587 5732 divinum
612 5679 757 5732 servicium
783 5677 821 5729 ita
846 5680 902 5742 arcs
916 5679 1009 5729 Raeur
1027 5694 1074 5730 ron
1094 5678 1144 5729 ΕΑ
1236 5676 1264 5743 d)
1285 5679 1336 5727 dua
1353 5679 1474 5729 zareitec
1499 5692 1546 5728 roa
1566 5676 1617 5728 ΕΒ
1641 5677 1705 5727 dher
1722 5676 1771 5727 der
1788 5676 1861 5728 Zeila

365 5752 558 5819 aadrqetraym
631 5762 656 5813 e)
674 5761 701 5799 v.
721 5750 756 5803 id.
775 5750 870 5812 sicha,
889 5749 1014 5801 vielleicht
1032 5749 1100 5801 arech
1120 5749 1186 5802 noch
1205 5748 1259 5802 feb.
1278 5750 1481 5816 aractqmaqen.

293 5839 340 5897 88·
364 5839 510 5909 [Bressuu]
566 5846 592 5905 a)
611 5857 626 5893 c
644 5857 715 5894 corr.
732 5855 783 5890 cus
802 5837 819 5887 b

1611 5948 1644 5998 ss*
