4760 6512
797 402 1033 459 HEINRICH
1055 403 1094 458 11.
1136 400 1231 457 1014.
1774 390 1839 453 335

297 598 355 669 (C.)
379 588 397 679 ᾖ
420 590 459 655 In
481 591 612 655 nomine
636 601 770 654 sanctae
794 600 827 653 et
848 588 1017 677 individue
1040 589 1203 653 trinitatis.
1245 586 1421 650 Heinricus
1452 584 1565 648 divina
1594 584 1745 647 favente·
1776 582 1838 647 cle-

189 697 312 761 mentia
333 696 554 762 Romanorum
576 697 754 782 imperator
779 705 946 781 augustus.
1054 693 1108 758 Ad
1138 694 1199 758 hoc
1229 716 1289 758 nos
1320 692 1451 756 divinae
1482 690 1703 777 dispositionis
1726 686 1744 777 ᾖ
1766 711 1838 774 pro-

189 801 336 866 videntia
357 803 464 888 gratia
487 812 520 866 et
542 802 663 867 honore
687 802 915 888 imperatoriae
939 799 1106 886 dignitatis
1133 798 1331 879 sublimavit,
1362 809 1407 880 ut,
1439 808 1560 884 quanto
1591 818 1671 882 erga
1697 818 1757 860 nos
1780 818 1840 859 sua

190 907 374 973 exuberant
395 906 567 991 beneficia,
597 918 688 972 tanto
719 908 750 971 ei
772 908 897 993 gratius
927 918 1038 971 nostra
1067 908 1207 970 servitus
1237 906 1279 969 sit
1309 904 1437 969 devota.
1490 903 1584 968 Hace
1612 925 1671 967 nos
1702 901 1839 966 sollicita

153 1013 450 1079 sconsideratione
473 1014 636 1078 intuentes
666 1012 707 1078 de
734 1012 830 1079 bonis
860 1013 937 1094 suis,
969 1012 1053 1099 queb
1083 1010 1177 1077 nobis
1207 1012 1349 1097 gratuita
1377 1011 1499 1096 pietate
1530 1008 1675 1089 contulit,
1706 1019 1838 1072 sanctae

190 1142 248 1207 sue
278 1120 470 1201 aecclesiae,
505 1142 604 1206 quam
633 1118 676 1183 ad
705 1120 844 1205 gratiam
874 1129 907 1184 ct
936 1118 1091 1183 honorem
1120 1118 1261 1181 nominis
1291 1119 1341 1181 sui
1372 1114 1432 1180 sub
1463 1116 1584 1180 honore
1614 1116 1719 1179 sancti
1749 1115 1839 1178 Petri

191 1225 409 1313 apostolorum
431 1227 589 1312 principis
613 1248 657 1289 ex
679 1236 791 1289 nostra
813 1224 993 1289 hereditate
1017 1225 1052 1287 in
1073 1221 1268 1288 Babenberc
1298 1222 1341 1287 ad
1370 1224 1595 1309 episcopatum
1617 1222 1838 1309 proveximus,

190 1330 338 1395 volumus
368 1353 441 1395 esse
474 1330 636 1413 munifici,
672 1353 712 1394 ne
747 1328 917 1394 beneficiis
952 1331 1022 1394 eius
1057 1352 1211 1415 umquam
1245 1351 1461 1415 appareamus
1496 1329 1625 1414 ingrati.
1676 1326 1840 1407 Quocirca

191 1438 334 1501 omnium
357 1449 490 1502 sanctae
514 1437 567 1502 dei
591 1435 772 1502 aecclesiae
795 1435 939 1501 fidelium
964 1449 1211 1522 nostrorumque
1232 1436 1433 1521 presentium
1454 1433 1578 1498 scilicet
1597 1457 1635 1499 ac
1659 1434 1840 1498 futurorum

144 1565 172 1604 10
190 1541 339 1606 volumus
361 1543 567 1607 universitati
585 1553 706 1629 pateat,
731 1540 871 1628 qualiter
888 1564 947 1606 nos
966 1543 1085 1606 intuitu
1103 1542 1234 1627 pietatis
1253 1551 1286 1604 et
1305 1563 1362 1627 spe
1382 1551 1534 1604 aeternae
1558 1540 1838 1621 remunerationis,

190 1649 375 1713 interventu
413 1671 542 1736 quoque
578 1647 794 1734 Cvnigundae
834 1647 1043 1735 dilectissime
1083 1648 1230 1732 coniugis
1268 1658 1397 1710 nostrae
1432 1644 1587 1709 videlicet
1623 1646 1839 1731 imperatricis

191 1764 347 1840 augustae
360 1755 515 1841 perhanc
530 1755 633 1818 nostri
649 1753 826 1840 imperialis
842 1755 989 1840 precepti
1004 1755 1158 1840 paginam
1174 1754 1397 1840 prenominate
1410 1750 1631 1837 Babergensi⁰
1649 1750 1839 1833 aecclesiae,

190 1861 244 1924 cui
266 1858 483 1924 venerabilisd
506 1859 617 1946 presul
635 1858 847 1923 Eberhardus
869 1881 1001 1945 preesse
1025 1860 1165 1940 videtur,
1190 1858 1353 1945 quaedam
1377 1870 1507 1922 nostrae
1533 1859 1741 1944 proprietatis
1767 1857 1840 1921 loca

190 1967 320 2030 nomine
338 1965 489 2048 Cocoleu,
507 1964 689 2047 Niuaellici‚
705 1962 894 2029 Liubrodici
912 1966 1011 2029 sitasc
1028 1967 1061 2029 in
1077 1975 1183 2051 pago⁰
1337 1975 1369 2029 ct
1387 1966 1421 2028 iu
1437 1965 1611 2029 comitatu⁰
1765 1987 1839 2028 con-

145 2095 171 2134 ιι,
190 2071 343 2137 cedmuse
362 2082 460 2158 atque
480 2072 646 2157 largimur,
671 2094 745 2135 curn
764 2070 913 2134 omnibns
932 2071 1130 2157 appenditiis
1150 2093 1262 2135 eorum
1280 2072 1374 2135 terris
1394 2070 1488 2134 cultis
1508 2082 1541 2134 et
1559 2070 1689 2135 incultis
1708 2069 1839 2134 familiis

189 2178 358 2264 utriusque
393 2200 492 2242 sexus
527 2178 621 2264 aquis
656 2198 857 2263 aquarumve
893 2175 1085 2240 decursibus
1123 2175 1359 2262 piscationibus
1398 2175 1592 2240 molendinis
1631 2176 1773 2241 exitibus
1808 2189 1840 2241 et

190 2282 349 2347 reditibus
372 2285 435 2347 viis
459 2293 492 2347 et
515 2284 611 2347 inviis
636 2283 771 2369 quesitis
790 2281 844 2345 vel
862 2281 1064 2368 inquirendis
1084 2280 1298 2368 omnibusque
1318 2305 1382 2370 que
1402 2281 1547 2368 quolibet
1565 2283 1661 2347 modo
1680 2284 1839 2347 nominari

190 2399 326 2476 possunt
355 2387 548 2454 utilitatibus
579 2388 622 2453 ad
651 2388 767 2452 eadem
796 2386 869 2451 loca
900 2387 1146 2474 pertinentibus,
1182 2411 1220 2451 eo
1254 2398 1366 2452 tenore
1397 2400 1432 2453 ut
1467 2389 1632 2475 predictus
1667 2386 1840 2475 episcopus

189 2493 402 2560 Eberhardus
421 2497 535 2581 suique
555 2515 762 2559 successores
781 2492 917 2557 liberam
936 2493 1054 2558 dehinc
1075 2492 1218 2558 habeant
1235 2506 1429 2580 potestatem
1446 2495 1601 2581 quicquid
1619 2497 1665 2559 eis
1681 2495 1840 2582 placuerit

144 2627 172 2666 ro
191 2600 230 2665 de
248 2600 371 2665 eisdem
386 2601 466 2665 locis
482 2602 516 2664 in
532 2623 626 2665 usum
642 2598 823 2664 aecclesiae
839 2600 991 2681 faciendi,
1011 2602 1154 2663 omnium
1174 2600 1339 2664 hominurn
1355 2602 1447 2686 regni
1463 2603 1565 2665 nostri
1582 2601 1839 2665 contradictione

190 2718 324 2771 remota.
363 2706 460 2787 erod
477 2718 514 2771 ut
529 2707 638 2771 verius
658 2704 810 2770 credatur
829 2705 1079 2793 diligentiusque
1099 2705 1311 2770 observetur‘
1328 2705 1370 2770 ab
1388 2706 1548 2787 omuibus,
1572 2707 1633 2772 hoc
1650 2719 1839 2793 preceptum

189 2813 265 2877 inde
289 2813 508 2899 conscriptum
530 2835 630 2876 manu
653 2811 786 2898 propria
805 2812 1032 2876 confirmantes
1051 2812 1148 2898 sigilli
1166 2814 1268 2878 nostri
1286 2814 1488 2899 inpressione
1507 2815 1660 2877 iussimus
1679 2815 1838 2899 insigniri.

296 2953 533 3044 {Heinricusss
557 2954 771 3019 cancellarius
795 2953 838 3018 ad
860 2955 966 3017 vicem
990 2952 1174 3018 Eberhardi
1198 2953 1473 3041 archicappellani
1496 2956 1616 3019 notavi.
1640 2953 1658 3044 ᾖ

296 3095 313 3185 ᾗ
337 3096 474 3182 Signum
497 3096 608 3161 domni
629 3096 778 3159 Heinrici
803 3102 866 3173 (M.)
891 3096 1089 3159 serenissimi
1112 3097 1317 3182 imperatoris
1341 3097 1479 3181 augusti.
1503 3094 1521 3183 ᾖ

145 3262 172 3302 aa
297 3238 386 3303 Data
400 3253 458 3303 xv.
475 3238 541 3302 kal.
558 3240 656 3303 mar.h
672 3237 850 3302 indictione
866 3252 927 3320 xn,
947 3260 1033 3302 anno
1050 3238 1232 3303 dominicae
1252 3239 1485 3303 incarnationis
1504 3253 1608 3321 MXIII,
1628 3262 1714 3303 anno
1731 3250 1839 3303 autem

190 3344 301 3409 domni
323 3345 471 3409 Heinrici
495 3344 630 3410 secundi
654 3345 820 3430 regnantis
843 3358 904 3425 ΧΠ,
928 3345 1057 3430 imperii
1080 3360 1209 3427 ver013
1241 3355 1349 3408 actum
1373 3344 1489 3427 Rome3
1520 3345 1659 3409 feliciter
1682 3368 1788 3409 amen.

943 3450 1084 3537 <RD-r

965 3749 1060 3835 284.

192 3900 370 3975 Heinrich
395 3901 559 4000 beatritipt
586 3900 667 3974 dan
693 3900 1013 3977 Salvatorslrloster
1037 3928 1082 3974 aa
1106 3901 1226 3975 Porio
1259 3906 1356 3976 aeine
1381 3902 1619 4002 Beaitzunqen
1649 3904 1756 3977 sowie
1781 3903 1840 3978 die

146 4018 406 4093 clamositas
429 4019 510 4094 aad
534 4018 603 4093 dos
628 4018 842 4094 Woltlrecbt.
1167 4066 1171 4073 -
1473 4047 1550 4108 Rom
1573 4051 1651 4110 1014
1674 4079 1718 4087 -.
1740 4079 1793 4109 -,

300 4225 544 4300 Oriyirtaldiplom
566 4226 608 4284 im
629 4225 658 4284 lc.
676 4223 876 4284 Staatsarcbiv
898 4245 933 4283 zu
956 4225 1092 4284 Mailand
1115 4226 1187 4292 (A).

298 4364 393 4425 Series
402 4368 507 4442 privil.
524 4386 597 4427 moa.
611 4385 635 4427 e.
649 4366 812 4427 Salvatoris
827 4367 869 4426 od.
881 4367 908 4426 I.
921 4368 959 4425 41
975 4385 1028 4425 aas
1044 4368 1071 4425 A
1087 4369 1138 4426 mit
1154 4368 1262 4425 mxlv
1276 4388 1317 4413 =
1334 4366 1557 4427 ad.11.42.-
1572 4368 1743 4444 Murqara'ni
1756 4370 1838 4429 Ball.

299 4470 450 4532 Contrane
464 4475 495 4544 2,
508 4475 545 4532 71
562 4477 594 4532 a⁰
605 4475 645 4531 77
660 4491 713 4533 aaa
723 4474 876 4544 Abscbrist
891 4474 944 4531 mit
958 4474 1076 4531 MXIV.
1090 4503 1133 4511 —
1145 4474 1272 4532 Bdlrmer
1286 4472 1358 4548 Req.
1373 4474 1461 4533 1108.
1474 4504 1518 4512 —
1531 4474 1654 4549 Stamps
1665 4474 1736 4552 Ray.
1751 4477 1837 4537 1599.

297 4615 366 4685 Aas
383 4615 472 4673 einem
494 4632 549 4673 von
572 4614 635 4673 ΗΒ
657 4615 748 4673 durch
770 4614 954 4689 Eiabaqunq
976 4614 1029 4673 der
1047 4614 1235 4690 Sipnvnrzeile
1257 4615 1474 4689 bergerirbteten
1497 4617 1644 4692 Blonqact
1664 4618 1840 4692 qescbmeben

297 4737 352 4778 von
373 4719 527 4779 desselben
543 4720 646 4789 Mona,
670 4721 722 4779 der
744 4721 816 4779 avet
838 4720 892 4779 dea
914 4726 1041 4795 grooten
1060 4721 1145 4779 Tbeil
1167 4722 1216 4779 des
1235 4720 1275 4779 D.
1293 4724 1351 4782 301
1374 4722 1532 4797 beryestcllt
1554 4723 1613 4782 luat.
1653 4724 1841 4798 &cognition

297 4825 356 4885 aad
373 4824 537 4901 Datieraap
559 4828 652 4901 zeiqen
675 4832 763 4885 awos
785 4827 890 4885 undae
912 4827 995 4884 Tinle
1018 4827 1077 4886 und
1098 4827 1217 4899 dr‘irslen
1241 4828 1342 4887 zonat
1365 4829 1568 4903 metoelroqea
1586 4830 1657 4899 san,
1681 4831 1769 4889 wobei
1788 4832 1841 4901 frti·

297 4931 344 4991 die
360 4931 527 5007 Datierunq
546 4934 591 4991 ein
617 4952 670 4992 ron
688 4932 752 4991 ΗΒ
773 4933 978 5007 pescli-tetam
997 4932 1086 4991 Stante
1107 4934 1153 4992 als
1171 4933 1285 4992 Muster'
1301 4934 1411 5008 pedico!
1429 4935 1488 4994 tot.
1511 4964 1552 4973 -
1571 4937 1625 4994 Ate
1643 4937 1841 4996 aamittelbare

303 5036 422 5113 Vorlaye
443 5067 487 5076 —
506 5039 578 5097 aaclt
602 5041 655 5110 fiir
677 5038 724 5097 die
742 5038 907 5097 Irrtitalaiio
927 5067 970 5076 -
993 5039 1086 5098 duale
1108 5039 1161 5098 dos
1183 5038 1253 5098 Do.
1271 5038 1336 5098 ΠΙ.
1354 5042 1429 5113 375,·
1451 5041 1521 5101 decb
1543 5043 1642 5102 reeicit
1664 5042 1718 5102 das
1738 5042 1839 5102 orua-

298 5144 469 5203 verzeicbnia
490 5164 545 5203 voa
566 5143 660 5204 deser
676 5143 796 5219 Vorla9e
818 5144 967 5215 retract
989 5144 1037 5214 ab,
1059 5145 1155 5204 indens
1176 5146 1259 5204 tbeils
1277 5146 1475 5222 Besitzanqen,
1499 5149 1546 5207 die
1560 5150 1593 5207 in
1612 5148 1682 5209 DO.
1700 5148 1764 5208 ΙΙΙ.
1782 5151 1841 5209 375

298 5250 426 5320 standan,
451 5250 649 5324 scripsissem,
673 5250 756 5308 stan
778 5250 884 5309 audac
905 5250 1090 5326 binzaqesrtqt
1111 5252 1185 5310 siud
1225 5252 1294 5311 Nar
1311 5253 1380 5311 zuei
1397 5254 1450 5312 der
1467 5255 1598 5314 letzteren
1616 5256 1750 5331 beqemoea
1768 5259 1841 5318 aaut

262 5431 326 5488 288.
353 5431 500 5504 [Bresslau]
537 5436 564 5501 a)
580 5438 627 5487 nte
640 5434 799 5499 oufBocvr
852 5434 881 5502 b)
898 5435 1071 5499 aufBarum
1089 5437 1481 5505 understelladaaqrtosde
1540 5442 1566 5506 c)
1586 5443 1611 5492 A
1665 5440 1694 5509 d)
1711 5442 1841 5496 zwiacben

351 5521 368 5555 v
387 5506 444 5556 aad
461 5521 477 5559 e
494 5507 537 5558 sia
555 5505 710 5571 audente,
730 5505 855 5559 cionem
872 5508 916 5559 aa
933 5508 1035 5559 awaus
1052 5523 1079 5573 v,
1096 5509 1253 5561 awadiert
1339 5514 1365 5577 e)
1383 5511 1582 5575 amuaqesrillte
1599 5512 1706 5564 Laches
1725 5515 1775 5578 far
1791 5514 1841 5567 den

354 5576 428 5628 Gou-
445 5577 502 5627 aad
520 5577 724 5641 Grofaaaomca
782 5575 809 5644 f)
828 5592 846 5629 o
863 5592 933 5631 corr.
951 5593 1003 5629 cua
1021 5594 1038 5629 a
1096 5579 1127 5647 g)
1146 5596 1165 5631 n
1183 5578 1249 5632 aber
1265 5581 1314 5631 der
1331 5580 1402 5632 Zeila
1420 5582 1613 5648 audomaga·
1673 5583 1703 5651 h)
1722 5591 1771 5636 xv.
1786 5584 1840 5640 kal.

351 5662 418 5701 mar.
437 5647 563 5699 mmm
581 5649 611 5698 ia
629 5647 717 5710 dastir
733 5646 865 5714 peluem
881 5647 971 5701 Meas
987 5648 1182 5716 mamm
1253 5650 1273 5715 i)
1289 5651 1332 5703 die
1350 5667 1387 5702 aa
1403 5651 1633 5717 adt-xamen
1646 5654 1841 5708 Μίκων

143 5734 171 5774 to
350 5717 488 5784 Morunda
507 5717 642 5771 Goldbulla
659 5735 719 5771 war
736 5717 804 5771 saca
821 5718 974 5785 Halm
991 5719 1193 5787 Ichnopropltt'a
1210 5724 1235 5786 1,
1248 5726 1301 5773 102
1319 5724 1356 5773 im
1375 5721 1404 5777 J.
1417 5726 1487 5777 1774
1505 5724 1571 5777 abab
1589 5725 1753 5781 verbunden.
