4836 6492
1113 389 1571 447 KAISERURKUNDEN.

1290 574 1387 658 467.

518 736 629 812 Unter
653 737 790 811 Vorsitz
815 736 1008 811 Ileinriels
1033 735 1129 810 urird
1151 737 1202 810 im
1225 735 1504 836 Koniysqeticht
1524 735 1591 810 dos
1614 734 1727 810 Recte
1748 735 1809 809 des
1831 734 1994 809 Klosters
2016 732 2054 809 S.
2082 733 2165 806 Vin·

514 884 619 931 cento
641 884 702 930 om
722 855 896 931 Volturno
922 854 1002 955 auf
1014 856 1232 956 anpesitltrte
1250 856 1487 954 Besitzonyen
1506 854 1716 929 o⁷nerlconnt
1732 854 1814 929 ond
1835 853 1951 929 <loerch
1971 852 2169 927 investitor

513 990 621 1050 anter
645 975 862 1076 Verletltonp
888 976 950 1050 des
976 975 1126 1049 Boones
1149 975 1341 1075 periclem
1375 975 1534 1074 rapleielt
1558 975 1655 1048 utre
1679 973 1760 1048 don
1788 971 1935 1062 Grofen
1959 975 2045 1049 Atto
2072 972 2168 1071 ouf-

509 1109 695 1195 9etrapen‚
713 1096 773 1170 die
783 1108 992 1195 penonnten
1007 1094 1245 1194 Beaitzonpen
1262 1095 1342 1167 eon
1357 1094 1504 1169 Kloster
1519 1121 1564 1168 zo
1580 1095 1804 1168 restitnieren
1821 1093 1902 1167 aad
1918 1092 2043 1167 dassen
2058 1091 2201 1170 Rechts

510 1242 556 1289 zo
580 1215 757 1289 sconem.
1498 1239 1606 1315 Campo
1627 1240 1661 1300 di
1682 1240 1786 1299 Ptetra
1810 1241 1892 1299 1022
1913 1239 2049 1299 Fetnaor
2069 1269 2122 1298 -.

622 1420 782 1481 Chronicoo
810 1421 1003 1491 l'oltmmeose,
1035 1420 1131 1480 Codex
1161 1421 1356 1496 mttooroplus
1385 1437 1439 1478 aas
1466 1419 1530 1479 dein
1553 1420 1674 1494 Ansere
1702 1418 1752 1478 des
1778 1421 1827 1477 12.
1848 1419 1875 1479 J
1876 1419 1904 1478 t
1929 1419 2034 1489 teos
2061 1418 2092 1477 in
2118 1418 2170 1476 der

620 1529 786 1588 Bibliothelc
809 1529 970 1588 Borbetini
992 1548 1028 1588 zu
1050 1529 1127 1588 Rom
1152 1530 1224 1597 (A).

621 1670 772 1729 narsem
795 1669 849 1729 ss,
872 1662 918 1740 1⁶,
934 1671 995 1729 εον
1016 1688 1070 1729 ss
1092 1669 1128 1729 A.
1152 1700 1198 1708 -
1220 1670 1347 1728 Botmer
1369 1669 1440 1744 neq.
1459 1671 1549 1728 1225.
1573 1698 1616 1707 -
1641 1668 1765 1743 sumpt
1778 1668 1850 1743 seo.
1868 1668 1957 1727 1781.

622 1814 706 1872 Nocte
725 1813 1012 1872 Beneventanischem
1030 1814 1190 1872 Formolar
1212 1815 1339 1883 emisset
1363 1813 1421 1871 und
1442 1811 1618 1887 peschrieben
1640 1831 1695 1870 von
1718 1811 1872 1870 deoeelbeo
1895 1810 2002 1880 Notor,
2024 1811 2077 1869 der
2097 1812 2168 1869 orech
2189 1833 2217 1872 ιο

625 1920 679 1980 deo
701 1920 848 1979 Placitum
870 1920 911 1979 D.
927 1921 989 1979 465
1010 1921 1170 1995 herqmtellt
1196 1922 1247 1980 hot
1272 1921 1332 1980 aod
1358 1921 1410 1979 der
1438 1921 1499 1978 also
1525 1919 1567 1977 im
1591 1917 1711 1993 Gefoloe
1731 1918 1782 1977 des
1803 1918 1929 1977 Koioers
1949 1918 2087 1992 poeotes
2108 1920 2168 1977 sein

623 2046 709 2087 mass.
734 2057 779 2066 -
801 2027 946 2087 Wotrend
964 2028 1090 2087 morere
1107 2029 1160 2087 der
1177 2028 1374 2102 oufpmdhlten
1393 2028 1521 2086 Kirchen
1541 2027 1571 2084 in
1589 2026 1653 2085 dein
1669 2025 1712 2085 D.
1727 2027 1792 2084 286
1808 2031 1894 2083 unm
1910 2025 1964 2084 den
1982 2025 2170 2099 Beaitmoeo

623 2135 673 2194 des
695 2135 829 2194 Klotters
851 2136 1023 2209 anfoestthrt
1045 2135 1122 2205 sind,
1145 2136 1259 2195 socrdem
1280 2134 1386 2193 ανιᾶενο
1407 2134 1466 2192 und
1488 2135 1534 2192 eia
1561 2133 1643 2191 Theil
1665 2133 1717 2191 der
1740 2133 1858 2206 Beroen
1881 2133 2050 2201 vor1022,
2071 2134 2170 2191 soweit

624 2260 654 2301 es
680 2242 741 2300 siclt
771 2260 819 2300 um
842 2242 1105 2317 Kontosurlnmdm
1134 2243 1260 2311 honddt
1296 2260 1354 2300 aar
1382 2243 1414 2301 in
1443 2242 1507 2299 deta
1534 2241 1709 2315 oefdlschten
1732 2239 1801 2297 De.
1819 2238 1846 2298 Ι.
1864 2230 1941 2297 359⁶
1969 2244 2101 2312 mosot.
2125 2268 2170 2277 -

622 2349 738 2408 Ανᾶενο
755 2349 960 2408 Beschmcrden
979 2350 1028 2408 des
1045 2350 1132 2408 Attea
1149 2368 1204 2409 con
1224 2347 1254 2409 S.
1272 2349 1410 2408 Vinceozo
1433 2349 1477 2407 bei
1494 2347 1638 2406 Heinrich
1660 2347 1772 2406 werden
1794 2347 1867 2404 euch
1889 2345 1921 2404 in
1943 2345 2006 2404 dem
2024 2345 2170 2404 Placitum
2189 2366 2216 2405 m

624 2454 958 2531 StampsRe9.1784⁰
987 2457 1126 2525 evomat,
1156 2457 1210 2515 dos
1232 2456 1298 2526 wir,
1328 2457 1367 2514 da
1396 2456 1448 2514 ἄεν
1477 2455 1588 2513 Kaiser
1615 2455 1699 2513 dobci
1728 2454 1806 2512 nieht
1835 2453 1984 2512 ακνοεοεοᾶ
2012 2472 2086 2523 war,
2115 2472 2170 2512 wa

623 2563 716 2622 dieser
738 2561 906 2637 Sammlany
928 2564 1140 2622 oumchliessen.

623 2730 664 2795 In
687 2730 741 2795 dei
764 2732 904 2796 nomine.
951 2731 1081 2795 Noticia
1105 2731 1249 2811 indicati,
1279 2730 1418 2817 qualiter
1439 2753 1498 2818 pro
1522 2731 1639 2795 futuris
1662 2728 1862 2819 temporibus
1886 2730 2041 2793 memorie
2064 2751 2171 2794 recor·

517 2837 671 2919 dandum,
695 2837 730 2901 id
753 2848 803 2901 est
825 2838 858 2901 in
879 2838 1040 2903 territorio
1055 2837 1290 2902 Beneuentano
1309 2840 1343 2901 in
1362 2836 1469 2902 locum
1488 2840 1544 2924 qui
1563 2839 1748 2902 nominatur
1766 2837 1809 2902 ad
1825 2836 1984 2924 Campum
2004 2836 2046 2901 de
2061 2837 2170 2919 Petra,

516 2945 629 3032 ibique
653 2947 687 3009 in
710 2946 882 3032 presencia
905 2943 1015 3008 domni
1034 2944 1170 3009 Henrici
1194 2946 1413 3009 serenissimi·
1437 2946 1651 3031 imperatorie,
1676 2955 1709 3009 et
1732 2956 1825 3009 erant
1843 2967 1917 3008 eum
1940 2966 1980 3008 eo
1999 2943 2170 3009 Thierieus
2189 2972 2218 3011 so

517 3052 732 3117 cancellarius
756 3063 789 3115 et
812 3074 955 3115 summus
980 3050 1183 3115 consiliarius
1214 3052 1325 3116 domni
1354 3053 1559 3138 imperatoris
1590 3065 1622 3116 et
1651 3052 1719 3116 Leo
1750 3053 1923 3137 episeopus
1946 3051 2170 3117 Vercelleneie

518 3172 551 3224 et
575 3159 747 3224 Oldericus
772 3159 945 3244 episcopus
969 3157 1187 3223 Tredentinus
1211 3171 1244 3223 et
1268 3160 1385 3223 comite
1408 3158 1563 3223 Bezelino
1594 3170 1627 3222 et
1648 3158 1797 3245 Aldegisi
1820 3158 1939 3237 iudice,
1970 3158 2170 3246 aderantque

518 3290 592 3330 cum
620 3267 667 3330 eis
694 3265 789 3329 bonis
819 3263 1014 3347 hominibus,
1044 3267 1176 3330 nomina
1206 3288 1332 3330 eorum:
1363 3266 1562 3330 Benedictus
1585 3265 1670 3330 filius
1692 3266 1823 3353 Luponi
1848 3278 1879 3331 et
1903 3264 2063 3330 Girardus
2085 3266 2171 3330 filius

517 3372 673 3438 Iohannis
704 3384 736 3436 et
759 3371 925 3459 Ayfredus
955 3372 1040 3436 filius
1063 3372 1183 3437 Farolfi
1215 3384 1247 3435 et
1269 3372 1439 3438 Bemardo
1466 3373 1551 3437 filius
1575 3372 1717 3437 Tresidii
1740 3384 1773 3437 ct
1795 3373 1885 3437 Arno
1908 3372 1994 3437 filius
2016 3373 2170 3437 Iohannis

520 3492 552 3544 et
574 3478 732 3544 Rodolfus
755 3479 839 3543 filius
863 3478 1018 3543 Iohannis
1042 3490 1075 3542 et
1093 3479 1339 3544 'fransmundus
1363 3479 1448 3544 filius
1468 3478 1622 3566 Gaydoni
1645 3490 1678 3543 et
1701 3479 1757 3543 alii
1779 3478 1888 3566 plures
1911 3479 1988 3544 boni
2012 3480 2169 3545 homiues.
2189 3506 2217 3546 ss

516 3586 635 3674 Ibique
659 3599 734 3650 ante
758 3587 962 3672 presenciam
986 3585 1095 3651 domni
1120 3588 1339 3650 screnissimi⁸
1362 3588 1566 3674 imperatoris
1599 3598 1632 3650 et
1654 3608 1753 3673 supra
1776 3588 1896 3673 scripto
1920 3587 2115 3652 cancellario
2139 3598 2171 3653 et

520 3695 682 3781 episcopis
706 3705 738 3757 et
762 3695 879 3757 comite
904 3706 936 3757 et
959 3692 1067 3757 indice
1092 3705 1124 3757 et
1147 3693 1241 3758 bonis
1260 3692 1444 3758 bominibus
1463 3695 1553 3757 venit
1572 3693 1703 3758 Ylarius
1721 3692 1919 3757 venerabilis
1938 3692 2041 3757 abbas
2062 3717 2170 3759 mona·

519 3803 609 3866 sterii
632 3801 737 3865 sancti
760 3800 937 3882 Uincentii‚
969 3799 1056 3887 quod
1086 3802 1182 3864 situm
1213 3812 1263 3864 est
1291 3801 1325 3863 in
1350 3799 1481 3865 Samnie
1512 3799 1659 3887 partibus
1690 3802 1723 3864 in
1753 3801 1914 3865 territorio
1938 3800 2171 3866 Beneventano

518 3910 610 3973 iuxta
639 3906 774 3972 fluvium
796 3906 1004 3989 Vulturnum,
1035 3920 1067 3971 et
1097 3908 1167 3993 ipse
1198 3931 1298 3993 supra
1328 3909 1467 3994 scriptus
1489 3906 1687 3972 venerabilis
1717 3906 1821 3972 abbas
1850 3906 2041 3972 reclamavit
2070 3931 2106 3972 se
2129 3908 2173 3973 ad

519 4016 672 4080 domnum
696 4016 958 4079 serenissimum·
982 4015 1212 4101 imperatorem
1243 4026 1275 4078 et
1304 4014 1402 4080 dixit:
1433 4014 1573 4079 ‘domine
1604 4015 1831 4078 serenissime·
1857 4016 2043 4101 imperator,
2074 4016 2219 4081 facitote

518 4122 613 4187 nobis
635 4120 742 4208 legem
766 4132 798 4185 et
821 4121 984 4186 iusticiam
1007 4121 1047 4185 de
1072 4121 1170 4186 rebus
1194 4122 1298 4186 sancti
1328 4123 1429 4189 miri
1460 4123 1648 4187 monasterii
1674 4121 1763 4187 beati
1786 4121 1964 4204 Uincentii‚
1994 4121 2029 4187 id
2060 4135 2108 4187 est
2137 4124 2172 4187 in

519 4230 674 4293 comitatu
696 4228 911 4316 Aprueiense,
943 4244 976 4291 et
1005 4242 1080 4292 sunt
1110 4230 1180 4315 ipse
1211 4228 1310 4292 rebus
1340 4251 1400 4316 per
1429 4227 1501 4294 loca
1530 4228 1737 4309 nominande,
1767 4229 1888 4293 idest:
1921 4230 1994 4316 ipsa
2017 4242 2107 4295 curte
2131 4230 2171 4295 de

519 4335 618 4400 Arole
650 4359 722 4399 cum
753 4337 825 4421 ipsa
855 4333 1006 4418 ecelesia,
1037 4358 1100 4422 que
1131 4336 1165 4399 in
1194 4336 1266 4422 ipsa
1289 4348 1379 4400 curte
1403 4335 1555 4400 dedicata
1578 4347 1627 4399 est
1649 4338 1683 4399 in
1706 4336 1827 4400 honore
1852 4349 1964 4401 sancte
1988 4337 2109 4419 Marie3
2140 4349 2173 4402 et

518 4445 554 4507 in
582 4443 744 4507 territorio
767 4443 932 4507 Pinnense
961 4465 1021 4529 per
1043 4441 1123 4507 loeis
1151 4454 1184 4507 et
1206 4442 1375 4508 vocabulis
1399 4441 1606 4523 nominande,
1636 4441 1757 4507 idest:
1789 4444 1860 4529 ipsa
1890 4443 2031 4509 ecclesia
2061 4456 2172 4509 sancte

518 4550 623 4614 Maris
648 4548 688 4613 de
711 4548 860 4630 Musaue,
885 4573 948 4635 que
972 4548 1120 4613 subiecta
1143 4560 1193 4614 est
1216 4550 1411 4614 monasterio
1435 4551 1539 4614 sancti
1563 4548 1739 4631 Uincentii‚
1763 4572 1837 4614 eum
1861 4552 2072 4636 pertinenciis
2095 4552 2171 4633 suis,
2191 4574 2218 4614 ss

520 4669 552 4721 et
575 4659 648 4743 ipsa
671 4666 760 4721 curte
785 4656 825 4720 de
850 4655 1051 4743 Stapelliano
1075 4669 1107 4721 et
1136 4658 1209 4743 ipsa
1239 4670 1330 4721 curte
1361 4655 1401 4720 de
1427 4655 1555 4720 Ouiano
1587 4679 1660 4720 cum
1691 4658 1761 4743 ipso
1792 4655 1935 4737 castello,
1966 4659 2022 4743 qui
2051 4656 2173 4721 ibidem

520 4764 707 4829 edificatum
730 4775 789 4846 ost,
813 4764 938 4849 etipse
961 4762 1074 4827 Ualles
1099 4776 1130 4827 et
1153 4766 1187 4827 in
1212 4762 1410 4849 Caprarieza
1433 4773 1466 4827 et
1488 4764 1561 4849 ipsa
1583 4763 1695 4827 inclita
1719 4774 1809 4827 curte
1833 4762 1874 4827 de
1893 4762 2024 4828 Telesia
2047 4776 2080 4828 et
2101 4766 2174 4850 ipsa

520 4883 610 4937 curte
642 4870 682 4935 de
710 4870 844 4934 Fabode
875 4893 949 4935 cum
980 4872 1052 4956 ipsa
1082 4871 1222 4934 eeclesia
1251 4872 1356 4935 saneti
1378 4870 1528 4952 Ansuini,
1564 4872 1621 4956 qui
1649 4870 1774 4935 ibidem
1803 4869 1954 4935 dedicata
1984 4882 2043 4953 est,
2078 4883 2111 4936 et
2139 4872 2172 4935 in

518 4990 633 5043 saneto
656 4978 784 5064 Angelo
815 4990 848 5041 ct
876 4978 911 5041 in
935 4975 1119 5041 Careniano
1149 4989 1182 5041 et
1211 4978 1284 5064 ipsa
1314 4988 1405 5041 curte
1435 4979 1490 5063 qui
1520 4988 1657 5042 vocatur
1679 4976 1774 5042 Uolle
1805 5000 1880 5042 eum
1907 4976 2048 5043 ecclesia
2069 4979 2173 5042 saneti

519 5086 609 5150 Petri
634 5108 696 5171 que
720 5095 857 5148 vocatur
880 5082 1039 5148 Cuculine
1070 5096 1103 5147 ct
1126 5086 1198 5170 ipsa
1221 5096 1311 5149 curte
1339 5085 1380 5148 de
1404 5085 1537 5149 Ruzano
1561 5085 1688 5171 etipsa
1712 5096 1802 5148 curte
1826 5083 1868 5148 de
1892 5082 1993 5148 colleb
2018 5083 2059 5148 de
2081 5084 2218 5149 Redeo

521 5204 553 5256 et
576 5194 648 5278 ipsa
671 5203 762 5256 curte
787 5190 828 5254 de
847 5190 1037 5255 Romeiiano
1061 5202 1094 5255 et
1112 5190 1313 5255 Imieelliano
1338 5202 1370 5255 et
1392 5192 1426 5255 in
1445 5191 1675 5255 hlaeronianoc
1701 5202 1733 5254 et
1756 5192 1790 5255 in
1810 5190 1956 5255 Salcucri
1980 5202 2012 5255 et
2035 5193 2068 5255 in
2092 5190 2173 5256 colle

520 5298 648 5363 Folloni
673 5311 706 5363 et
727 5300 761 5361 in
785 5320 863 5362 oasa
886 5297 1023 5362 Marone
1046 5310 1079 5362 et
1108 5300 1142 5362 in
1165 5297 1377 5362 Marcianelio
1407 5309 1440 5362 et
1469 5298 1505 5361 in
1535 5297 1633 5383 plano
1666 5297 1708 5362 de
1740 5308 1853 5363 saneto
1876 5297 2005 5383 Angelo
2038 5310 2071 5365 et
2100 5299 2175 5384 ipsa

520 5420 611 5471 curte
636 5405 677 5470 de
700 5406 842 5470 Feronia
872 5444 917 5451 —
939 5415 1005 5468 tote
1029 5405 1090 5469 iste
1114 5406 1198 5469 curti
1221 5416 1296 5468 sunt
1320 5406 1353 5468 in
1381 5405 1536 5468 comitatu
1559 5405 1723 5469 Pinnense
1746 5429 1807 5488 -ς
1838 5415 1871 5468 et
1894 5416 1968 5469 sunt
1990 5403 2053 5469 alie
2076 5403 2174 5468 rebus

591 5617 657 5676 462.
680 5617 787 5688 [Bloch]
823 5622 850 5685 a)
871 5617 983 5672 scissim.
997 5620 1035 5686 A3
1061 5622 1113 5669 wir
1130 5619 1241 5671 uelim
1265 5618 1325 5670 hier·
1343 5621 1426 5700 einen·
1441 5621 1536 5669 immet·
1554 5618 1800 5670 m'odffleedrendon
1818 5619 1916 5671 Foster
1933 5618 1978 5671 deo
1995 5617 2118 5685 Gopt'sten
2136 5633 2173 5668 aa

681 5691 717 5813 o
816 5690 1198 5827 so>
1215 5761 1555 5814 „a
2048 5689 2173 5742 “te
2191 5699 2220 5739 ο
