4766 6604
766 436 1014 497 ,HEINRICH
1036 437 1074 493 II.
1117 434 1211 492 1016.
1755 431 1819 494 439

280 637 497 711 Wiederlsolucp
525 635 574 694 des
595 633 637 693 D.
653 636 725 694 225.
772 633 829 693 Bis
857 637 917 705 aas
941 634 989 693 die
1016 633 1257 707 Nachtrapurpen
1286 631 1328 690 im
1358 630 1480 702 Datum,
1510 632 1557 691 dte
1588 631 1646 691 (ΞΒ
1675 634 1821 710 sinpestpt

274 743 334 813 list,
363 742 540 817 peasbtiebeu
568 760 624 800 voss
649 740 710 800 GC.
755 740 887 800 Weslsolb
916 742 1009 800 dieser
1039 743 1093 811 fiir
1115 739 1168 799 den
1190 738 1304 798 Names
1334 739 1383 797 dea
1404 738 1612 814 Ersoapellana
1640 740 1701 799 eine
1723 740 1821 801 baete

274 851 400 924 edessen
429 849 490 917 aas,
521 848 606 907 bleibl
635 846 842 920 uuerfindliels;
871 865 900 906 es
926 847 1027 919 derue
1055 846 1102 905 eia
1124 846 1228 905 mosas
1247 845 1384 904 Verselsen
1406 845 1455 904 des
1478 844 1642 905 Sebreibers
1664 847 1821 922 vertissem

275 956 348 1015 ἀειιιι
370 955 438 1013 data
459 954 511 1013 der
533 932 628 1013 Nosse
649 954 709 1013 illm
731 954 954 1028 superbliclclicls
976 954 1114 1024 ealfcllen
1137 961 1225 1023 wilre,
1252 952 1292 1010 isl
1314 952 1399 1011 cellon
1421 952 1564 1027 deswepers
1586 954 1820 1028 amqesclzloasem

275 1063 339 1121 weil
361 1061 413 1119 der
434 1061 539 1135 pleiclse
555 1060 655 1119 *Nosse
677 1061 710 1119 is
732 1060 784 1119 der
806 1061 991 1119 sllmitlelbar
1014 1060 1158 1119 besutzten
1178 1058 1239 1118 VU.
1264 1059 1358 1118 stand.

275 1245 333 1319 (C.)
352 1235 370 1327 ᾖ
388 1237 427 1302 In
446 1238 577 1302 nomine
596 1248 729 1302 sanctae
749 1247 782 1302 et
799 1236 990 1301 individuae
1008 1237 1171 1301 trinitatis.
1210 1235 1386 1301 Heinrious
1405 1235 1459 1299 dei
1477 1237 1584 1321 gratia
1602 1236 1821 1303 Romanorum

167 1348 345 1432 imperator
367 1355 534 1430 augustus.
632 1359 733 1409 Divina
752 1359 863 1425 pietatis
883 1352 1084 1422 clemlencia]⁸,
1104 1373 1175 1422 quae
1194 1373 1244 1408 uos
1262 1356 1297 1406 ad
1317 1355 1426 1406 culmen
1444 1342 1621 1429 imperialis
1637 1341 1655 1431 ξ
1671 1360 1821 1410 maiestatis

167 1468 304 1533 perduxit,
323 1466 358 1516 ad
377 1466 429 1517 hoc
448 1464 537 1516 voluit
555 1482 679 1531 regnare,
706 1472 737 1516 ut
755 1460 953 1536 eeclesiarumb
973 1465 1062 1515 ordini
1080 1464 1212 1514 minando
1232 1469 1314 1528 atque
1334 1464 1539 1514 corroborando
1558 1464 1762 1526 subveniamus,
1780 1466 1821 1515 his

168 1580 260 1625 sutem
279 1567 413 1637 [mslxime
433 1572 510 1633 loeis,
537 1589 607 1637 quae
626 1573 661 1623 ab
681 1573 902 1623 antecessoribus
919 1573 1020 1622 nostris
1039 1571 1150 1636 regibus
1169 1571 1380 1636 imperatoribus
1400 1569 1525 1629 tundata,
1550 1571 1599 1621 sed
1623 1572 1679 1621 iam
1700 1574 1822 1638 peccatis

119 1690 148 1730 ιο
169 1681 343 1745 exigentibus
362 1695 450 1745 paene
469 1680 633 1729 ridebantur
651 1678 802 1730 annullata.
840 1672 1031 1745 Qualpropter]
1057 1679 1177 1728 omnium
1202 1675 1323 1727 fidelium
1349 1682 1505 1728 nostrorum
1530 1679 1697 1742 presentium
1715 1677 1824 1731 scilicet

169 1804 203 1838 ac
221 1787 376 1837 futurorum
394 1786 546 1837 industrias
565 1792 661 1837 uotum
684 1784 898 1845 essevolumus,
925 1783 1044 1850 qualiter
1069 1800 1119 1835 nos
1137 1783 1222 1834 divini
1248 1785 1348 1834 amoris
1365 1784 1498 1835 instinctu
1516 1800 1566 1850 pro
1584 1786 1705 1837 remedio
1724 1781 1822 1850 alnime

169 1888 291 1957 nolstrae
316 1909 365 1944 seu
391 1900 533 1959 parentum
558 1899 716 1943 nostrorum
740 1909 792 1943 nec
817 1907 874 1942 nou
899 1897 927 1941 et
952 1893 1032 1942 tercii
1050 1886 1179 1954 [Otltonis
1199 1891 1288 1942 bonae
1310 1892 1457 1942 memoriae
1476 1892 1648 1957 imperatoris
1667 1892 1822 1959 dilectaque

171 2001 299 2067 coniugis
315 2005 425 2050 nostrae
442 1999 620 2064 Cvnigundae
638 1985 854 2072 imperatricis
876 1983 1024 2072 [auguste
1044 1991 1208 2061 interven1tu
1225 2004 1308 2062 atque
1323 1998 1504 2063 Meginuuero
1521 2005 1634 2049 sanctae
1650 2000 1822 2053 Podrebron·

171 2108 264 2157 nensis
289 2104 405 2175 ecclesie
430 2100 612 2169 [venerabilis
638 2106 761 2172 episcopi
786 2111 885 2171 rogatu
911 2106 964 2155 sibi
989 2114 1157 2169 sanctaeque
1174 2121 1242 2155 suae
1265 2099 1392 2169 [ecclesie
1413 2099 1438 2168 a]
1456 2104 1559 2156 Karolo
1585 2122 1683 2171 magno
1706 2109 1821 2174 impera·

126 2226 152 2266 15
171 2220 231 2264 tore
250 2212 315 2264 olim
330 2208 461 2276 llundate
481 2214 581 2263 nostris
598 2228 664 2264 vero
680 2213 850 2278 temporibus
868 2206 1034 2274 iuceludium
1054 2228 1159 2277 passas,
1178 2206 1215 2276 [in
1234 2212 1337 2262 honore
1357 2206 1437 2275 enim]
1456 2206 1586 2275 san[c]tae
1606 2208 1660 2277 deli
1679 2217 1823 2280 genitricis

171 2336 332 2386 semperque
351 2321 466 2385 virginis
484 2319 571 2370 Maris
591 2325 619 2369 et
635 2313 761 2383 s]sn[c]t[i
777 2317 881 2370 Kiliaui
900 2320 1018 2369 martiris
1037 2319 1199 2383 Liboriique
1219 2319 1384 2370 confessoris
1404 2318 1531 2369 dedicate
1550 2321 1718 2381 comitatum,
1742 2338 1824 2386 quem

172 2426 283 2477 Hahold
302 2443 402 2486 eomes,
428 2427 492 2476 dum
510 2427 587 2486 vixit,
612 2427 710 2485 tenuit,
735 2427 817 2476 situm
836 2425 943 2476 seilicet
960 2427 989 2475 in
1009 2424 1077 2475 locis
1095 2426 1234 2491 Hsuerga,
1260 2425 1366 2491 Limgu,
1391 2423 1558 2486 Thiatmelli,
1583 2427 1651 2491 Aga,
1678 2428 1823 2494 Patbsrga,

171 2533 354 2599 Treueresga,
382 2533 563 2598 Langaneka,
590 2531 740 2598 Erpesielt,
769 2532 887 2592 Silbilre,
915 2531 1031 2592 Matlelt,
1060 2532 1220 2598 Nibterga⁰‚
1249 2531 1386 2591 Sinatielt,
1418 2530 1553 2583 Bellouan
1584 2549 1670 2599 prope
1698 2535 1823 2601 Spriada,

173 2634 332 2699 Gambikid,
358 2639 483 2700 Gession,
509 2639 748 2700 Sewardeshusou,
774 2656 836 2689 cum
862 2641 934 2690 omni
962 2637 1103 2705 legalitate
1121 2641 1150 2689 in
1169 2639 1309 2705 proprium
1328 2639 1505 2689 concedimus
1525 2647 1608 2705 atque
1628 2638 1758 2706 largimur
1776 2660 1826 2709 per

127 2760 154 2799 so
172 2747 242 2796 hanc
268 2752 389 2797 nostram
415 2731 617 2819 imperialem
641 2748 778 2812 paginam,
805 2762 838 2797 eo
863 2745 994 2797 videlicet
1019 2748 1138 2797 racionis
1164 2753 1259 2797 tenore
1286 2754 1317 2796 ut
1341 2745 1464 2811 prelatus
1490 2747 1637 2812 episcopus
1659 2747 1824 2813 Meginwerc

173 2847 280 2918 suique]
297 2848 482 2917 suecessorles
501 2854 652 2919 prescripte
672 2852 788 2903 ecclesie
807 2854 977 2919 presidentes
994 2847 1102 2917 debliuc
1121 2847 1241 2916 liber[sm
1259 2852 1378 2903 habeant
1394 2858 1557 2917 potestatem
1576 2854 1609 2904 de
1626 2854 1724 2905 eodem
1741 2858 1824 2906 comi·

174 2966 234 3010 tatu
254 2961 368 3025 eiusque
387 2954 563 3023 utilitati]bus
582 2960 714 3024 quicquid
734 2954 784 3023 [eis
803 2958 940 3025 placuerit
955 2959 1075 3009 faciendi
1091 2959 1125 3009 ad
1143 2952 1267 3023 eorlulm]
1283 2965 1377 3009 tamen
1393 2959 1541 3010 utilitatem
1557 2959 1682 3029 ecclesie,
1703 2963 1825 3012 omnium

173 3061 313 3130 vi[delicet
330 3061 531 3131 inquietudine]
550 3072 663 3117 remota.
701 3066 736 3115 Es
762 3072 792 3116 ut
817 3065 886 3116 haee
911 3072 1021 3115 nostrae
1046 3064 1202 3116 traditionis
1226 3082 1275 3115 ssu
1295 3059 1529 3130 [conllirmationis
1549 3068 1699 3118 auctoritas
1718 3067 1825 3118 stabilis

175 3180 202 3224 et
221 3169 410 3237 incon[vulsa²
431 3174 504 3224 omni
522 3173 656 3223 habeatur
673 3166 815 3239 tempore],
834 3172 887 3224 hoo
906 3180 1066 3238 preceptum
1085 3172 1149 3223 iude
1169 3173 1351 3238 conscriptum
1371 3167 1463 3236 [manu
1483 3167 1602 3239 propria]
1621 3173 1727 3225 firmare
1747 3191 1825 3225 cura·

129 3293 156 3333 tt
173 3282 262 3331 mmus
282 3286 309 3331 et
327 3280 419 3346 sigillo
437 3286 532 3331 nostro
550 3282 677 3346 insigniri
696 3274 854 3343 iussimlusl.

281 3397 299 3488 ξ
322 3398 459 3486 Signum
483 3398 592 3463 domui
617 3398 764 3463 Heinriei
789 3405 854 3477 (Μ.)
877 3399 1083 3485 imperatoris
1106 3400 1246 3486 augusti.
1270 3397 1288 3488 ξ

280 3540 298 3632 ξ
322 3542 522 3608 Guntherius
546 3541 759 3607 cancellarius
782 3541 876 3606 vice‘
1086 3542 1362 3630 archicappellani
1385 3544 1572 3629 recognovi.
1596 3541 1614 3632 ξ

281 3685 371 3750 Data
388 3699 503 3749 XVIIII.
522 3684 590 3749 kal.
609 3682 708 3748 febr.g
731 3682 923 3772 indi[cti0ne
941 3699 1017 3767 xm,
1042 3683 1138 3772 anno]
1164 3685 1347 3749 dominicae
1366 3686 1600 3751 incarnationis
1619 3686 1826 3752 millessimob

174 3808 247 3875 XVI,
271 3816 356 3857 anno
378 3814 458 3856 vero
481 3790 593 3856 domni
615 3790 765 3855 Heinrici
788 3790 924 3865 secundi
947 3793 1113 3877 regnantis
1134 3790 1237 3879 xnl'II,
1265 3790 1405 3879 imperii]
1426 3806 1468 3875 113
1497 3791 1619 3880 ac[tum
1641 3793 1826 3858 Drodman-

131 3930 158 3970 ιο
175 3899 279 3988 nia]¹¹;
310 3899 449 3964 feliciter
471 3899 597 3962 amenl.
944 3990 982 4068 (B
1009 3991 1060 4068 D)

953 4284 1046 4370 345.

177 4460 356 4534 Heinrich
380 4458 531 4532 oceidit
555 4457 635 4531 dem
661 4456 808 4531 Kloster
834 4455 1041 4529 Amorbacll
1067 4456 1127 4530 die
1151 4455 1377 4530 Immuuitdt.

1353 4612 1499 4688 Bamberg
1521 4616 1600 4675 1016
1623 4614 1711 4690 April
1734 4619 1780 4676 15.

135 4817 160 4857 e,
283 4793 436 4862 Absclsifl
464 4792 539 4850 eirea
565 4790 770 4864 Tranasempls
799 4789 893 4848 Karia
914 4788 970 4848 IV.
999 4808 1053 4848 vos
1076 4790 1155 4848 1356
1176 4789 1339 4850 Janaara
1367 4791 1400 4849 irs
1428 4791 1492 4851 dem
1523 4791 1696 4867 Oopialbocls
1728 4795 1753 4854 C
1779 4796 1828 4855 dea

284 4898 416 4957 Klssters
439 4897 600 4957 Amorboslt
629 4914 682 4956 aas
710 4897 763 4955 der
790 4897 905 4955 zweiten
928 4896 1036 4967 Halfte
1065 4896 1113 4955 des
1142 4897 1190 4955 15.
1213 4897 1241 4956 J
1242 4897 1270 4956 ll.
1303 4899 1327 4968 f.
1351 4900 1371 4956 6
1396 4898 1438 4957 im
1461 4901 1561 4970 fiir-etl.
1585 4900 1828 4977 Leiuinpessclren

284 5005 393 5064 Archiv
414 5022 450 5063 zu
468 5004 629 5063 amorbach
649 4998 733 5071 (Ab.
752 5033 796 5041 -
815 5003 968 5074 Abscisisi
989 5003 1068 5062 einer
1089 5003 1258 5065 ποίαήεὶίειι
1280 5002 1366 5078 Cepis
1387 5023 1442 5063 von
1462 5005 1542 5065 1368
1564 5006 1703 5066 desselben
1721 5008 1826 5067 ilaus·

248 5224 312 5281 tls.
339 5224 486 5294 [Bressleu]
523 5228 549 5289 a)
577 5224 647 5277 disse
671 5226 728 5277 aad
752 5226 795 5276 die
819 5224 969 5291 sslpesdm,
995 5224 1125 5278 &moolers
1149 5224 1235 5276 durch
1256 5225 1428 5289 Schriftrests
1451 5226 1604 5294 ammom
1626 5229 1827 5297 arpensem

337 5313 389 5348 (aas
407 5297 435 5348 F
502 5296 531 5361 b)
553 5298 577 5348 A
651 5300 676 5361 c)
704 5296 777 5355 VU.,·
802 5294 937 5364 Nililsrga
955 5296 983 5347 F
1055 5295 1084 5363 d)
1111 5296 1184 5362 VU.,·
1208 5294 1337 5348 Bambilri
1355 5298 1384 5349 F
1458 5299 1485 5366 e)
1511 5297 1671 5352 inconcussa
1689 5302 1727 5366 F3
1752 5303 1783 5353 in
1802 5307 1827 5355 A

338 5369 403 5420 aber
419 5368 467 5419 leot
485 5368 554 5418 nach
572 5368 623 5418 den
641 5367 832 5430 Sebritiresten
843 5367 989 5432 jedeusalls
1006 5369 1055 5420 wis
1072 5370 1102 5419 in
1119 5368 1168 5419 der
1184 5367 1242 5422 VU.
1262 5367 1421 5421 inconvulsa
1437 5372 1581 5435 geswsdm
1655 5370 1678 5439 s)
1699 5372 1828 5426 dobinter

338 5443 367 5491 in
386 5442 411 5490 Α
430 5440 526 5501 Lache,
549 5440 592 5490 dis
609 5442 638 5489 in
656 5439 685 5489 F
699 5441 747 5489 snit
765 5437 927 5490 Erkinbsldi
945 5439 1092 5504 auspesallt
1110 5441 1159 5505 sst5
1183 5440 1234 5504 syl.
1252 5440 1295 5491 dis
1319 5440 1533 5507 Verbsmsrlcunp
1603 5442 1634 5510 g)
1657 5450 1753 5499 xva.
1773 5443 1827 5500 kal.

338 5510 407 5564 febr,
426 5526 476 5562 sors
496 5511 546 5561 ΘΒ
571 5512 600 5561 in
625 5510 714 5572 dasslr
736 5510 868 5574 gelassent
885 5510 974 5562 laicis
998 5511 1193 5576 nccbpdropen
1264 5509 1295 5577 h)
1319 5513 1350 5563 iss
1368 5513 1394 5563 A
1412 5513 1448 5563 ist
1465 5513 1516 5564 dos
1534 5512 1692 5579 Pergameni
1708 5516 1777 5567 aad»
1797 5533 1829 5569 ec

337 5585 520 5648 amparem,-
544 5584 574 5632 in
592 5582 621 5632 F
634 5580 703 5643 selslt
727 5579 1077 5648 allssln'srtes·imperii11;
1102 5584 1154 5633 wir
1170 5586 1304 5647 ercam
1327 5583 1378 5635 (less
1397 5582 1556 5637 Onmamss
1580 5587 1610 5636 in
1635 5586 1684 5638 der
1708 5602 1758 5639 voss
1778 5588 1829 5639 GB

339 5656 368 5704 in
387 5654 421 5708 D.
434 5656 485 5705 341
502 5652 678 5718 pebrauebten
696 5653 788 5717 Fons,
814 5653 883 5704 mnu
901 5652 937 5703 do
959 5653 1046 5705 dieser
1062 5653 1106 5704 die
1128 5653 1216 5705 Woru
1238 5652 1358 5707 feliciter
1382 5670 1463 5708 amen
1488 5655 1651 5721 pescbrs'sbsn
1677 5657 1733 5724 liat,
1759 5660 1829 5710 wirsl

338 5724 407 5776 aller
425 5723 706 5775 Walsraclsss‘sls'elskes't
724 5723 793 5775 acels
811 5722 881 5775 acels
899 5739 929 5775 er
945 5723 1004 5774 und
1021 5724 1093 5775 nisit
1113 5725 1162 5777 GC
1176 5725 1227 5777 des
1246 5726 1406 5778 &momen
1422 5743 1575 5780 mammen
1594 5730 1643 5781 mit
1660 5729 1718 5781 dom
1734 5730 1829 5797 Tapae·

338 5796 431 5847 datum
450 5797 499 5846 soie
516 5796 545 5845 iss
563 5795 597 5848 D.
611 5797 663 5846 341
681 5794 875 5860 mcbparaqsn
893 5794 985 5849 heom
