4836 6492
493 395 561 457 566
1102 399 1559 459 KAISERURKL'NDEN.

492 618 597 653 mamus
620 600 652 652 et
671 587 795 674 absque
818 603 938 652 omnium
958 601 1098 652 hominum
1118 603 1335 653 contradictione
1355 605 1383 653 in
1402 604 1542 669 proprium
1563 601 1700 668 largimur,
1721 620 1753 653 ea
1772 602 1902 655 videlieet
1921 604 2027 654 ratione
2049 610 2080 653 ut
2098 619 2149 653 nee

492 710 639 776 episcopus
665 709 787 759 eiusdem
815 708 868 759 loci
894 707 1025 774 nullaque
1052 710 1197 759 iudiciaria
1215 709 1259 759 vel
1286 709 1476 760 ecclesiastica
1502 716 1624 775 potestas
1648 710 1768 775 aliquam
1787 711 1887 761 habeat
1905 716 2071 776 potestatem
2089 726 2149 776 pre-

491 817 651 867 nominata
675 800 761 867 bonu
787 816 892 885 prefatp
919 815 1037 885 eclesiae
1064 817 1172 866 anferre
1199 815 1242 866 vel
1270 816 1366 867 usibus
1391 816 1505 866 fratrum
1531 817 1632 867 ibidem
1653 818 1705 867 sub
1723 816 1885 867 monachica
1903 817 2076 868 institutione
2095 817 2148 868 deo

491 924 669 974 servientium
689 920 855 983 abalienare,
883 924 931 974 sed
956 924 1097 988 predictus
1116 922 1259 974 Richolfus
1279 922 1402 973 eiusdem
1421 921 1476 973 loci
1502 924 1587 974 abbae
1606 924 1704 988 suique
1724 939 1898 975 successores
1917 922 2030 974 liberam
2049 923 2147 974 exinde

491 1031 610 1081 habeant
637 1037 801 1097 potestatem
829 1031 961 1095 quicquid
989 1032 1030 1080 eie
1059 1028 1195 1096 placuerit
1222 1029 1342 1080 faciendi
1371 1030 1406 1080 ad
1434 1028 1582 1081 utilitatem
1610 1031 1798 1081 tantummodo
1826 1031 1941 1081 fratrum
1969 1031 2070 1081 ibidem
2095 1031 2181 1080 subs

490 1135 587 1202 regula
605 1139 694 1187 sancti
714 1138 858 1187 Benedicti
878 1137 930 1187 deo
949 1144 1101 1202 sanctoque
1121 1137 1350 1187 Heimmeramrno
1369 1136 1570 1188 famulantium.
1606 1138 1643 1187 Et
1668 1144 1699 1187 ut
1717 1138 1784 1188 haec
1804 1144 1913 1189 nostrae
1932 1136 2147 1189 confirmationis

491 1250 519 1294 et
538 1242 691 1308 largitionis
710 1245 862 1294 auctoritas
880 1243 989 1295 stabilis
1008 1250 1036 1295 et
1054 1242 1221 1294 inconvulsa
1239 1245 1313 1295 omni
1332 1250 1491 1309 permaneat
1511 1259 1590 1303 aevo,
1616 1244 1668 1295 hoc
1693 1250 1853 1311 preceptum
1878 1243 1942 1296 inde
1961 1245 2146 1311 conscriptum

490 1352 601 1417 propria
621 1367 703 1401 manu
723 1352 932 1402 corroborantes
952 1350 1036 1417 sigilli
1056 1352 1141 1401 nostri
1160 1352 1340 1417 impressione
1359 1351 1488 1401 iussimus
1507 1351 1640 1416 insigniri.

595 1468 614 1558 ᾗ
637 1469 775 1556 Signum
798 1469 908 1536 domni
930 1470 1081 1535 Heinrici
1104 1471 1310 1535 invictissimi
1332 1470 1552 1534 Romanorum
1574 1469 1779 1556 imperatoris
1803 1467 1979 1559 augusti}
2002 1477 2066 1547 (M.)

596 1609 613 1700 ξ
636 1610 833 1677 cantherius
850 1611 1064 1676 cancellarius
1080 1611 1123 1675 ad
1138 1613 1246 1676 vicem
1261 1610 1466 1676 Erkenbaldi
1482 1611 1758 1699 archicappellani
1774 1610 2006 1701 recognovit.ss
2034 1617 2091 1694 (SL
2101 1614 2145 1700 3.)
2162 1645 2189 1683 ιο

595 1753 684 1819 Data
702 1754 753 1818 v.‘¹
771 1777 846 1820 non.
866 1754 922 1820 iul.
942 1754 1120 1820 indictione
1139 1769 1191 1837 111,
1215 1777 1301 1818 anno
1325 1754 1488 1839 dominice
1511 1754 1745 1819 incarnationis
1768 1755 1939 1820 millesimo
1961 1741 2032 1837 xil,
2057 1777 2142 1819 anno

488 1884 568 1927 vero
583 1861 695 1927 domni
705 1862 856 1927 Heinrici
872 1861 1008 1927 secundi
1024 1863 1193 1949 regnantis
1208 1876 1264 1944 xx,
1284 1862 1474 1949 imperantis
1489 1875 1571 1945 vm3
1591 1872 1699 1926 actmn
1712 1860 1862 1945 Colonie3
1882 1861 2021 1927 feliciter
2036 1883 2141 1926 amen.

1267 2160 1366 2248 444.

489 2323 666 2398 Heinrich
699 2323 850 2398 verlct‘ht
887 2322 967 2397 dem
1000 2322 1147 2397 Kloster
1182 2320 1447 2400 Gaudersleim
1485 2323 1545 2398 die
1581 2323 1804 2424 Grafsclraft
1841 2324 1903 2399 dee
1934 2324 2028 2399 Boto
2062 2324 2145 2399 aad

488 2444 612 2518 dassen
636 2443 754 2518 Baritz
778 2443 827 2517 im
854 2438 1027 2519 &alhai-
1053 2442 1134 2516 aad
1156 2443 1390 2543 Ammerpaa.
1665 2471 1831 2547 Nimaeyen
1853 2472 2095 2533 1021Je1528.
2162 2489 2189 2530 a

596 2651 841 2726 Oripiooldiplom
862 2650 905 2710 im
927 2650 1002 2709 herz.
1022 2649 1329 2724 Landeshooptarclit·
1350 2668 1386 2709 zu
1408 2650 1610 2721 Wolsealntttel
1634 2649 1706 2718 (A).

595 2792 716 2853 saara
738 2793 815 2853 Arra.
839 2791 966 2853 Pedere.
985 2792 1029 2852 ed.
1050 2791 1076 2851 I.
1098 2793 1203 2863 IAM
1224 2810 1278 2851 aaa
1299 2792 1327 2850 A
1347 2812 1389 2839 =
1412 2792 1493 2868 Θήρ.
1515 2792 1614 2863 Greels.
1633 2792 1741 2863 atat
1762 2796 1795 2852 πθ
1810 2794 1839 2863 1,
1862 2813 1904 2840 =
1923 2791 2045 2852 Schatea
2062 2793 2138 2853 Aac.

592 2901 717 2960 Paderb.
741 2901 785 2961 ed.
809 2899 855 2960 Π.
880 2902 909 2970 1,
925 2901 993 2959 305.
1021 2929 1062 2938 -
1085 2899 1245 2970 hethfeld
1267 2899 1335 2959 Ant.
1363 2898 1578 2959 Gauderaheim.
1604 2900 1661 2958 115
1688 2917 1742 2959 ores
1763 2898 1791 2957 A
1814 2900 1868 2959 mit
1896 2901 2005 2959 indict.
2027 2901 2075 2958 III
2098 2920 2140 2948 =

593 3007 692 3083 Lataip
713 3006 781 3066 ΕΑ.
802 2998 871 3077 18⁶,
887 3008 928 3066 29
950 3009 983 3065 πθ
996 3008 1049 3065 22.
1074 3035 1118 3045 -
1140 3005 1262 3065 Leiboa'z
1284 3004 1338 3065 SS.
1362 3005 1518 3065 ansoic.
1537 3008 1569 3077 2,
1586 3007 1647 3065 378
1668 3006 1881 3082 aneolhtdodip
1910 3024 1963 3066 oua
1984 3006 2055 3077 Ma,
2086 3008 2143 3067 alle

592 3115 646 3174 mit
667 3116 707 3173 X.
729 3116 792 3173 kal.
814 3133 887 3190 aug.
911 3142 956 3152 -
983 3113 1155 3188 Hereohcrp
1178 3113 1258 3172 Her.
1285 3112 1501 3173 Gunderslrer'm.
1526 3114 1587 3172 658
1609 3114 1677 3173 a⁰3
1699 3131 1753 3173 aaa
1775 3114 1802 3171 Α
1832 3115 1886 3173 mit
1914 3115 1976 3172 kal.
2000 3132 2073 3191 ang.
2097 3143 2141 3153 -
2159 3132 2187 3171 ao

592 3222 719 3281 Bdhmcr
740 3219 812 3296 aeq.
830 3221 912 3280 1212
933 3239 969 3280 za
990 3220 1057 3281 Juli
1079 3222 1129 3279 23.
1154 3248 1194 3259 -
1221 3219 1346 3294 Stamps
1359 3220 1431 3295 Rae.
1450 3221 1528 3278 1763
1549 3237 1586 3279 aa
1607 3220 1674 3281 Juli
1694 3221 1774 3288 (23).

593 3363 662 3433 Aa!
679 3364 770 3422 daero
791 3363 882 3423 durch
901 3362 1160 3438 Voroaasertipaap
1182 3362 1232 3422 dee
1248 3361 1465 3438 Moaopromme
1486 3363 1706 3437 lerpoichteteo
1724 3362 1870 3439 Blaoqeet
1885 3364 2063 3439 pecorosa
2084 3383 2139 3423 voa

595 3469 662 3541 GE,
684 3469 737 3529 der
758 3470 805 3530 die
824 3469 960 3529 Urlruade
982 3471 1054 3529 euch
1069 3471 1197 3540 versam
1218 3469 1278 3528 leot.
1315 3469 1405 3528 Wemr
1420 3487 1520 3529 urum
1534 3469 1684 3529 domme
1699 3471 1840 3545 bezdpliclr
1855 3471 1907 3530 der
1924 3470 2078 3530 Oeneum
2091 3471 2141 3531 des

596 3576 800 3652 Topacdotums
825 3576 862 3643 (a.
882 3575 958 3636 Note
980 3578 1014 3644 a)
1037 3576 1162 3650 zutrifft,
1192 3576 1295 3636 karante
1321 3575 1373 3636 der
1396 3574 1583 3636 Smhwhalt
1604 3577 1658 3636 wie
1680 3577 1724 3636 bei
1745 3576 1786 3637 D.
1802 3577 1863 3637 413
1883 3578 1995 3637 alluit
2017 3578 2138 3638 werden

593 3744 651 3833 (C.)
674 3743 692 3833 ᾗ
714 3745 754 3810 In
777 3747 908 3811 nomine
932 3755 1064 3810 sanctae
1089 3756 1121 3809 et
1143 3744 1333 3809 individuae
1356 3745 1518 3809 uisitatis.
1564 3745 1742 3810 Heinricns
1772 3744 1885 3810 divina
1913 3747 2045 3812 favente
2076 3746 2139 3812 cle·
2157 3773 2185 3813 rs

484 3853 606 3917 mentia
627 3853 847 3917 Romanorum
870 3853 1048 3938 imperator
1070 3862 1238 3938 augustus.
1348 3850 1385 3917 si
1413 3851 1558 3916 fidelium
1587 3863 1771 3917 nostrornm
1800 3855 1885 3918 votis
1914 3852 2140 3941 probabilibus

483 3957 662 4046 benignum
685 3957 852 4046 prebendo
876 3980 1046 4023 assensum
1068 3960 1154 4023 iusta
1183 3957 1312 4023 illorum
1342 3957 1508 4023 desideria
1537 3959 1572 4023 in
1602 3958 1763 4040 humanis,
1793 3961 1936 4025 maxime
1967 3970 2076 4025 autem
2105 3961 2140 4025 in

484 4067 718 4131 aeclesiasticis
741 4065 935 4130 utilitatibus
958 4063 975 4153 ξ
999 4063 1176 4130 clementer
1198 4065 1348 4130 audimus
1371 4076 1468 4151 atque
1499 4064 1695 4152 perficimus,
1726 4064 1762 4130 id
1783 4066 1931 4153 profecto
1954 4078 1988 4132 et
2010 4068 2139 4132 animae

483 4184 612 4238 nostrae
636 4172 733 4237 saluti
756 4184 854 4259 atque
877 4173 971 4257 regni
994 4170 1163 4236 stabilitati
1189 4172 1349 4258 proficere
1380 4172 1559 4236 certissime
1591 4171 1794 4237 confidimus.
1839 4173 1983 4239 Proinde
2011 4175 2140 4240 noverit

484 4281 628 4344 omnium
647 4278 768 4344 Christi
790 4290 1038 4366 nostrorumque
1058 4277 1203 4343 fidelium
1222 4280 1426 4361 universitas,
1451 4278 1590 4365 qualiter
1606 4301 1666 4343 nos
1685 4302 1744 4366 per
1762 4281 1981 4346 interventum
1999 4281 2138 4346 dilectae
2155 4307 2182 4348 ro

483 4387 632 4472 coniugis
656 4398 785 4451 nostrae
809 4385 1026 4472 Cvnigvndae
1050 4384 1205 4450 videlicet
1227 4386 1443 4472 imperatricis
1466 4397 1625 4472 augustae
1654 4408 1715 4450 nec
1746 4410 1812 4451 non
1834 4386 2014 4452 fidelissimi
2037 4389 2138 4454 nostri

481 4492 644 4578 Piligrimi
665 4492 862 4557 venerabilis
887 4491 1091 4557 Coloniensis
1124 4491 1284 4556 aeclesiae
1315 4490 1564 4579 archiepiscopi,
1594 4493 1693 4557 immo
1716 4493 1886 4558 familiaris
1909 4496 2011 4559 nostri
2034 4494 2138 4560 Mein·

481 4600 596 4663 vverci
612 4611 744 4663 sanctae
754 4599 1049 4664 Paterbrunnensis
1066 4597 1226 4663 aeclesiae
1241 4599 1404 4685 pontificis
1419 4621 1478 4685 pro
1491 4621 1601 4664 amore
1614 4610 1712 4686 atque
1725 4602 1888 4687 peticione
1900 4602 2136 4667 nominetenus

482 4707 613 4788 sororis,
636 4708 672 4770 re
695 4717 804 4771 autem
821 4707 1084 4792 consanguineae
1105 4715 1235 4769 nostrae
1252 4704 1390 4770 domnae
1408 4704 1551 4792 Sophiae
1569 4704 1929 4772 Gantheresheimensis
1949 4710 2136 4774 monasterii

481 4814 594 4877 matris
625 4822 723 4899 atque
755 4812 905 4877 dominae
935 4834 998 4877 nec
1027 4834 1094 4876 non
1123 4835 1182 4898 pro
1213 4811 1438 4877 recordatione
1470 4824 1567 4899 atque
1597 4814 1710 4900 requie
1738 4815 1841 4901 patris
1864 4815 1967 4878 nostri
1988 4814 2137 4879 Heinrici
2154 4840 2181 4880 es

473 4904 593 5006 'magni
615 4919 853 4984 Bauuariorum
876 4918 969 4983 ducis
993 4920 1132 5001 animae,
1164 4919 1257 4983 cuius
1280 4941 1355 4983 ossa
1378 4920 1411 4983 in
1436 4919 1551 4984 eodem
1574 4922 1785 5007 requiescunt
1808 4922 2015 5004 monasterio,
2039 4921 2137 4986 talem

482 5028 680 5108 comitatum,
711 5025 839 5113 qualem
863 5026 946 5090 Boto
977 5047 1085 5090 comes
1116 5048 1159 5089 ex
1188 5025 1350 5111 imperiali
1379 5037 1489 5090 nostro
1519 5028 1624 5091 tenuit
1649 5050 1794 5109 munere,
1824 5027 1911 5092 infra
1932 5027 1992 5093 hos
2016 5030 2136 5116 qnippe

480 5156 599 5221 pagos:
626 5132 936 5219 Gandasemigavvi
962 5130 1177 5216 Grenigavvi‚
1201 5131 1479 5218 Friethenigavvi,
1504 5132 1758 5220 Fleuithigavvi‚
1781 5133 2033 5221 Avganagavvi,
2050 5135 2136 5200 Ven-

481 5241 622 5326 nigavvi‚
653 5240 845 5325 Eriggavvi,
877 5249 910 5302 et
939 5239 1073 5325 insuper
1103 5237 1260 5324 quicquid
1289 5240 1323 5302 in
1353 5238 1403 5302 his
1434 5239 1562 5304 duobus
1592 5242 1701 5327 pagis:
1734 5239 1977 5327 Svilberigawi
2004 5253 2038 5307 ct
2060 5243 2136 5309 Om-

481 5348 652 5433 mergavvi
682 5347 771 5410 visus
801 5356 851 5410 est
879 5343 1012 5427 habere,
1042 5344 1086 5409 ad
1115 5343 1217 5409 altare
1248 5355 1433 5410 sanctorum
1463 5346 1687 5411 confessorum
1718 5347 1905 5434 pariterque
1936 5349 2135 5434 pontificum,
2153 5376 2180 5416 ro

481 5452 569 5518 beati
599 5453 724 5518 scihcet
746 5452 915 5517 Anastasii
944 5462 1042 5538 atque
1065 5451 1259 5534 Innocentii,
1289 5453 1324 5517 in
1354 5476 1492 5540 quorum
1524 5452 1646 5518 honoro
1675 5453 1860 5541 predictum
1884 5452 2135 5520 Ganthereshei-

481 5583 592 5625 mense
616 5561 847 5625 monasterium
872 5569 1093 5624 constructum
1117 5571 1214 5646 atque
1239 5572 1465 5625 consecratum
1488 5570 1547 5643 est,
1571 5572 1668 5646 prout
1685 5561 1770 5625 iuste
1789 5582 1830 5625 ac
1852 5560 2003 5647 legaliter
2024 5585 2135 5650 possu-

552 5753 617 5811 448.
642 5754 672 5823 d)
691 5771 729 5807 aa
748 5761 767 5804 V
785 5755 934 5809 wodor.
