<?xml version="1.0" encoding="UTF-8"?>
<!DOCTYPE html PUBLIC "-//W3C//DTD XHTML 1.0 Transitional//EN"
    "http://www.w3.org/TR/xhtml1/DTD/xhtml1-transitional.dtd">
<html xmlns="http://www.w3.org/1999/xhtml" xml:lang="en" lang="en">
 <head>
  <title>
</title>
<meta http-equiv="Content-Type" content="text/html;charset=utf-8" />
  <meta name='ocr-system' content='tesseract 3.04.00' />
  <meta name='ocr-capabilities' content='ocr_page ocr_carea ocr_par ocr_line ocrx_word'/>
</head>
<body>
  <div class='ocr_page' id='page_1' title='image "./monumentagerman01gescgoog/monumentagerman01gescgoog_0630.png"; bbox 0 0 4836 6492; ppageno 0'>
   <div class='ocr_carea' id='block_1_1' title="bbox 849 446 1899 510">
    <p class='ocr_par' dir='ltr' id='par_1_1' title="bbox 849 446 1899 510">
     <span class='ocr_line' id='line_1_1' title="bbox 849 446 1899 510; baseline -0.001 -1"><span class='ocrx_word' id='word_1_1' title='bbox 849 454 1086 510; x_wconf 82' lang='lat' dir='ltr'>HEINRICH</span> <span class='ocrx_word' id='word_1_2' title='bbox 1108 453 1148 509; x_wconf 89' lang='lat'><strong>11.</strong></span> <span class='ocrx_word' id='word_1_3' title='bbox 1190 452 1286 510; x_wconf 81' lang='lat'>1022.</span> <span class='ocrx_word' id='word_1_4' title='bbox 1833 446 1899 508; x_wconf 82' lang='grc'><strong>595</strong></span> 
     </span>
    </p>
   </div>
   <div class='ocr_carea' id='block_1_2' title="bbox 199 639 1905 5123">
    <p class='ocr_par' dir='ltr' id='par_1_2' title="bbox 199 639 1905 5123">
     <span class='ocr_line' id='line_1_2' title="bbox 241 639 1898 728; baseline -0.001 -21"><span class='ocrx_word' id='word_1_5' title='bbox 241 644 275 707; x_wconf 91' lang='lat' dir='ltr'><strong>in</strong></span> <span class='ocrx_word' id='word_1_6' title='bbox 299 643 454 707; x_wconf 91' lang='lat' dir='ltr'><strong>comitatu</strong></span> <span class='ocrx_word' id='word_1_7' title='bbox 477 642 615 706; x_wconf 86' lang='lat' dir='ltr'><strong>Teatino</strong></span> <span class='ocrx_word' id='word_1_8' title='bbox 639 663 698 727; x_wconf 89' lang='lat' dir='ltr'><strong>per</strong></span> <span class='ocrx_word' id='word_1_9' title='bbox 720 641 809 706; x_wconf 91' lang='lat' dir='ltr'><strong>locas</strong></span> <span class='ocrx_word' id='word_1_10' title='bbox 833 652 866 705; x_wconf 93' lang='lat' dir='ltr'><strong>et</strong></span> <span class='ocrx_word' id='word_1_11' title='bbox 888 639 1068 723; x_wconf 79' lang='lat' dir='ltr'><strong>vocabulis,</strong></span> <span class='ocrx_word' id='word_1_12' title='bbox 1099 641 1134 707; x_wconf 92' lang='lat' dir='ltr'><strong>id</strong></span> <span class='ocrx_word' id='word_1_13' title='bbox 1157 651 1220 706; x_wconf 87' lang='lat' dir='ltr'><strong>est:</strong></span> <span class='ocrx_word' id='word_1_14' title='bbox 1252 642 1324 728; x_wconf 91' lang='lat' dir='ltr'><strong>ipsa</strong></span> <span class='ocrx_word' id='word_1_15' title='bbox 1354 639 1436 705; x_wconf 86' lang='lat' dir='ltr'><strong>cella</strong></span> <span class='ocrx_word' id='word_1_16' title='bbox 1465 642 1571 706; x_wconf 88' lang='lat' dir='ltr'><strong>sancti</strong></span> <span class='ocrx_word' id='word_1_17' title='bbox 1593 640 1713 726; x_wconf 87' lang='lat' dir='ltr'><strong>Angeli</strong></span> <span class='ocrx_word' id='word_1_18' title='bbox 1742 640 1782 706; x_wconf 91' lang='lat' dir='ltr'><strong>de</strong></span> <span class='ocrx_word' id='word_1_19' title='bbox 1807 640 1898 706; x_wconf 87' lang='lat' dir='ltr'><strong>Sala·</strong></span> 
     </span>
     <span class='ocr_line' id='line_1_3' title="bbox 241 747 1898 835; baseline 0.001 -22"><span class='ocrx_word' id='word_1_20' title='bbox 241 748 351 830; x_wconf 78' lang='lat' dir='ltr'><strong>bento,</strong></span> <span class='ocrx_word' id='word_1_21' title='bbox 375 771 439 835; x_wconf 91' lang='lat' dir='ltr'><strong>que</strong></span> <span class='ocrx_word' id='word_1_22' title='bbox 462 747 612 813; x_wconf 89' lang='lat' dir='ltr'><strong>subiecta</strong></span> <span class='ocrx_word' id='word_1_23' title='bbox 635 759 685 812; x_wconf 93' lang='lat' dir='ltr'><strong>est</strong></span> <span class='ocrx_word' id='word_1_24' title='bbox 707 759 817 812; x_wconf 88' lang='lat' dir='ltr'><strong>nostro</strong></span> <span class='ocrx_word' id='word_1_25' title='bbox 841 750 1048 831; x_wconf 84' lang='lat' dir='ltr'><strong>monasterio,</strong></span> <span class='ocrx_word' id='word_1_26' title='bbox 1072 770 1146 812; x_wconf 90' lang='lat' dir='ltr'><strong>cum</strong></span> <span class='ocrx_word' id='word_1_27' title='bbox 1166 748 1233 812; x_wconf 88' lang='lat' dir='ltr'><strong>suis</strong></span> <span class='ocrx_word' id='word_1_28' title='bbox 1252 749 1463 834; x_wconf 78' lang='lat' dir='ltr'><strong>pertinenciis</strong></span> <span class='ocrx_word' id='word_1_29' title='bbox 1483 760 1516 812; x_wconf 92' lang='lat' dir='ltr'><strong>et</strong></span> <span class='ocrx_word' id='word_1_30' title='bbox 1535 750 1606 834; x_wconf 88' lang='lat' dir='ltr'><strong>ipsa</strong></span> <span class='ocrx_word' id='word_1_31' title='bbox 1625 747 1767 813; x_wconf 89' lang='lat' dir='ltr'><strong>eeclesia</strong></span> <span class='ocrx_word' id='word_1_32' title='bbox 1785 760 1898 814; x_wconf 88' lang='lat' dir='ltr'><strong>sancte</strong></span> 
     </span>
     <span class='ocr_line' id='line_1_4' title="bbox 241 852 1899 941; baseline 0 -21"><span class='ocrx_word' id='word_1_33' title='bbox 241 855 345 921; x_wconf 88' lang='lat' dir='ltr'><strong>Marie</strong></span> <span class='ocrx_word' id='word_1_34' title='bbox 375 857 409 919; x_wconf 94' lang='lat' dir='ltr'><strong>in</strong></span> <span class='ocrx_word' id='word_1_35' title='bbox 436 855 530 920; x_wconf 88' lang='lat' dir='ltr'><strong>Duas</strong></span> <span class='ocrx_word' id='word_1_36' title='bbox 559 855 719 919; x_wconf 75' lang='lat' dir='ltr'><strong>Basilicas</strong></span> <span class='ocrx_word' id='word_1_37' title='bbox 751 878 825 919; x_wconf 91' lang='lat' dir='ltr'><strong>cum</strong></span> <span class='ocrx_word' id='word_1_38' title='bbox 856 852 997 919; x_wconf 79' lang='lat' dir='ltr'><strong>castellis</strong></span> <span class='ocrx_word' id='word_1_39' title='bbox 1028 864 1060 919; x_wconf 92' lang='lat' dir='ltr'><strong>et</strong></span> <span class='ocrx_word' id='word_1_40' title='bbox 1089 854 1300 941; x_wconf 78' lang='lat' dir='ltr'><strong>pertinenciis</strong></span> <span class='ocrx_word' id='word_1_41' title='bbox 1329 853 1383 919; x_wconf 90' lang='lat' dir='ltr'><strong>vel</strong></span> <span class='ocrx_word' id='word_1_42' title='bbox 1414 853 1633 920; x_wconf 90' lang='lat' dir='ltr'><strong>subiaceuciis</strong></span> <span class='ocrx_word' id='word_1_43' title='bbox 1664 857 1731 920; x_wconf 88' lang='lat' dir='ltr'><strong>suis</strong></span> <span class='ocrx_word' id='word_1_44' title='bbox 1762 867 1795 920; x_wconf 91' lang='lat' dir='ltr'><strong>et</strong></span> <span class='ocrx_word' id='word_1_45' title='bbox 1825 878 1899 920; x_wconf 91' lang='lat' dir='ltr'><strong>cum</strong></span> 
     </span>
     <span class='ocr_line' id='line_1_5' title="bbox 242 959 1898 1049; baseline -0.001 -21"><span class='ocrx_word' id='word_1_46' title='bbox 242 961 420 1049; x_wconf 79' lang='lat' dir='ltr'><strong>cespitibus</strong></span> <span class='ocrx_word' id='word_1_47' title='bbox 444 963 525 1046; x_wconf 81' lang='lat' dir='ltr'><strong>suis3</strong></span> <span class='ocrx_word' id='word_1_48' title='bbox 558 972 590 1027; x_wconf 90' lang='lat' dir='ltr'><strong>et</strong></span> <span class='ocrx_word' id='word_1_49' title='bbox 613 971 688 1026; x_wconf 90' lang='lat' dir='ltr'><strong>sunt</strong></span> <span class='ocrx_word' id='word_1_50' title='bbox 711 962 783 1026; x_wconf 89' lang='lat' dir='ltr'><strong>aliis</strong></span> <span class='ocrx_word' id='word_1_51' title='bbox 811 959 910 1025; x_wconf 91' lang='lat' dir='ltr'><strong>rebus</strong></span> <span class='ocrx_word' id='word_1_52' title='bbox 940 962 974 1025; x_wconf 93' lang='lat' dir='ltr'><strong>in</strong></span> <span class='ocrx_word' id='word_1_53' title='bbox 1005 962 1159 1026; x_wconf 90' lang='lat' dir='ltr'><strong>comitatu</strong></span> <span class='ocrx_word' id='word_1_54' title='bbox 1183 961 1405 1041; x_wconf 82' lang='lat' dir='ltr'><strong>Termolense,</strong></span> <span class='ocrx_word' id='word_1_55' title='bbox 1436 963 1558 1027; x_wconf 90' lang='lat' dir='ltr'><strong>idest:</strong></span> <span class='ocrx_word' id='word_1_56' title='bbox 1591 964 1664 1049; x_wconf 91' lang='lat' dir='ltr'><strong>ipsa</strong></span> <span class='ocrx_word' id='word_1_57' title='bbox 1687 962 1770 1027; x_wconf 89' lang='lat' dir='ltr'><strong>cella</strong></span> <span class='ocrx_word' id='word_1_58' title='bbox 1793 964 1898 1027; x_wconf 88' lang='lat' dir='ltr'><strong>sancti</strong></span> 
     </span>
     <span class='ocr_line' id='line_1_6' title="bbox 210 1066 1899 1156; baseline -0.001 -21"><span class='ocrx_word' id='word_1_59' title='bbox 210 1068 463 1135; x_wconf 85' lang='lat' dir='ltr'><strong>s.Bartholomei</strong></span> <span class='ocrx_word' id='word_1_60' title='bbox 487 1092 561 1134; x_wconf 87' lang='lat' dir='ltr'><strong>curn</strong></span> <span class='ocrx_word' id='word_1_61' title='bbox 584 1070 651 1133; x_wconf 89' lang='lat' dir='ltr'><strong>suis</strong></span> <span class='ocrx_word' id='word_1_62' title='bbox 668 1069 890 1154; x_wconf 83' lang='lat' dir='ltr'><strong>pertinenciis,</strong></span> <span class='ocrx_word' id='word_1_63' title='bbox 914 1091 978 1154; x_wconf 90' lang='lat' dir='ltr'><strong>que</strong></span> <span class='ocrx_word' id='word_1_64' title='bbox 998 1079 1050 1133; x_wconf 91' lang='lat' dir='ltr'><strong>est</strong></span> <span class='ocrx_word' id='word_1_65' title='bbox 1067 1066 1214 1133; x_wconf 87' lang='lat' dir='ltr'><strong>subiecta</strong></span> <span class='ocrx_word' id='word_1_66' title='bbox 1232 1080 1343 1133; x_wconf 88' lang='lat' dir='ltr'><strong>nostro</strong></span> <span class='ocrx_word' id='word_1_67' title='bbox 1364 1070 1562 1135; x_wconf 81' lang='lat' dir='ltr'><strong>monasterio</strong></span> <span class='ocrx_word' id='word_1_68' title='bbox 1581 1109 1625 1117; x_wconf 94' lang='lat'>—</span> <span class='ocrx_word' id='word_1_69' title='bbox 1648 1068 1799 1134; x_wconf 92' lang='lat' dir='ltr'><strong>omnibns</strong></span> <span class='ocrx_word' id='word_1_70' title='bbox 1818 1070 1899 1156; x_wconf 90' lang='lat' dir='ltr'><strong>ipsis</strong></span> 
     </span>
     <span class='ocr_line' id='line_1_7' title="bbox 242 1173 1898 1264; baseline 0 -24"><span class='ocrx_word' id='word_1_71' title='bbox 242 1198 341 1262; x_wconf 91' lang='lat' dir='ltr'><strong>supra</strong></span> <span class='ocrx_word' id='word_1_72' title='bbox 370 1176 500 1262; x_wconf 85' lang='lat' dir='ltr'><strong>scriptis</strong></span> <span class='ocrx_word' id='word_1_73' title='bbox 530 1173 628 1239; x_wconf 89' lang='lat' dir='ltr'><strong>rebus</strong></span> <span class='ocrx_word' id='word_1_74' title='bbox 658 1196 718 1262; x_wconf 89' lang='lat' dir='ltr'><strong>per</strong></span> <span class='ocrx_word' id='word_1_75' title='bbox 741 1197 840 1261; x_wconf 90' lang='lat' dir='ltr'><strong>supra</strong></span> <span class='ocrx_word' id='word_1_76' title='bbox 871 1176 1000 1260; x_wconf 89' lang='lat' dir='ltr'><strong>scriptis</strong></span> <span class='ocrx_word' id='word_1_77' title='bbox 1028 1174 1208 1256; x_wconf 81' lang='lat' dir='ltr'><strong>vocabulis,</strong></span> <span class='ocrx_word' id='word_1_78' title='bbox 1239 1175 1400 1262; x_wconf 90' lang='lat' dir='ltr'><strong>quomodo</strong></span> <span class='ocrx_word' id='word_1_79' title='bbox 1431 1178 1581 1262; x_wconf 87' lang='lat' dir='ltr'><strong>superins</strong></span> <span class='ocrx_word' id='word_1_80' title='bbox 1610 1178 1766 1263; x_wconf 89' lang='lat' dir='ltr'><strong>scriptum</strong></span> <span class='ocrx_word' id='word_1_81' title='bbox 1798 1175 1898 1264; x_wconf 59' lang='grc' dir='ltr'><strong>[εεῐΓῑγ</strong></span> 
     </span>
     <span class='ocr_line' id='line_1_8' title="bbox 242 1281 1899 1370; baseline 0 -23"><span class='ocrx_word' id='word_1_82' title='bbox 242 1284 382 1370; x_wconf 86' lang='lat' dir='ltr'><strong>pertinet</strong></span> <span class='ocrx_word' id='word_1_83' title='bbox 406 1282 448 1346; x_wconf 93' lang='lat' dir='ltr'><strong>ad</strong></span> <span class='ocrx_word' id='word_1_84' title='bbox 471 1304 570 1369; x_wconf 88' lang='lat' dir='ltr'><strong>supra</strong></span> <span class='ocrx_word' id='word_1_85' title='bbox 593 1283 713 1368; x_wconf 90' lang='lat' dir='ltr'><strong>scripto</strong></span> <span class='ocrx_word' id='word_1_86' title='bbox 733 1283 947 1364; x_wconf 81' lang='lat' dir='ltr'><strong>monasteri03</strong></span> <span class='ocrx_word' id='word_1_87' title='bbox 973 1292 1097 1346; x_wconf 88' lang='lat' dir='ltr'><strong>tanturn</strong></span> <span class='ocrx_word' id='word_1_88' title='bbox 1116 1281 1260 1347; x_wconf 89' lang='lat' dir='ltr'><strong>iudicate</strong></span> <span class='ocrx_word' id='word_1_89' title='bbox 1279 1281 1385 1363; x_wconf 91' lang='lat' dir='ltr'><strong>nobis,</strong></span> <span class='ocrx_word' id='word_1_90' title='bbox 1409 1283 1498 1369; x_wconf 89' lang='lat' dir='ltr'><strong>quod</strong></span> <span class='ocrx_word' id='word_1_91' title='bbox 1523 1283 1616 1349; x_wconf 91' lang='lat' dir='ltr'><strong>vobis</strong></span> <span class='ocrx_word' id='word_1_92' title='bbox 1641 1282 1769 1370; x_wconf 89' lang='lat' dir='ltr'><strong>placet’.</strong></span> <span class='ocrx_word' id='word_1_93' title='bbox 1809 1283 1899 1347; x_wconf 92' lang='lat' dir='ltr'><strong>Dum</strong></span> 
     </span>
     <span class='ocr_line' id='line_1_9' title="bbox 242 1388 1898 1476; baseline -0.001 -22"><span class='ocrx_word' id='word_1_94' title='bbox 242 1389 321 1454; x_wconf 87' lang='lat' dir='ltr'><strong>talia</strong></span> <span class='ocrx_word' id='word_1_95' title='bbox 339 1389 466 1457; x_wconf 83' lang='lat' dir='ltr'><strong>audivit</strong></span> <span class='ocrx_word' id='word_1_96' title='bbox 485 1389 622 1454; x_wconf 89' lang='lat' dir='ltr'><strong>domnus</strong></span> <span class='ocrx_word' id='word_1_97' title='bbox 642 1389 888 1455; x_wconf 83' lang='lat' dir='ltr'><strong>serenissimus·</strong></span> <span class='ocrx_word' id='word_1_98' title='bbox 907 1389 1093 1475; x_wconf 89' lang='lat' dir='ltr'><strong>imperator,</strong></span> <span class='ocrx_word' id='word_1_99' title='bbox 1115 1389 1330 1476; x_wconf 86' lang='lat' dir='ltr'><strong>interrogavit</strong></span> <span class='ocrx_word' id='word_1_100' title='bbox 1347 1388 1425 1454; x_wconf 83' lang='lat' dir='ltr'><strong>Atto</strong></span> <span class='ocrx_word' id='word_1_101' title='bbox 1444 1413 1563 1473; x_wconf 87' lang='lat' dir='ltr'><strong>comes,</strong></span> <span class='ocrx_word' id='word_1_102' title='bbox 1588 1392 1615 1454; x_wconf 94' lang='lat' dir='ltr'><strong>si</strong></span> <span class='ocrx_word' id='word_1_103' title='bbox 1635 1390 1749 1455; x_wconf 89' lang='lat' dir='ltr'><strong>fuisset</strong></span> <span class='ocrx_word' id='word_1_104' title='bbox 1767 1391 1898 1472; x_wconf 88' lang='lat' dir='ltr'><strong>veritas,</strong></span> 
     </span>
     <span class='ocr_line' id='line_1_10' title="bbox 243 1493 1899 1584; baseline 0.001 -24"><span class='ocrx_word' id='word_1_105' title='bbox 243 1508 395 1561; x_wconf 89' lang='lat' dir='ltr'><strong>autnon.</strong></span> <span class='ocrx_word' id='word_1_106' title='bbox 443 1496 537 1560; x_wconf 84' lang='lat' dir='ltr'><strong>Tunc</strong></span> <span class='ocrx_word' id='word_1_107' title='bbox 561 1518 660 1582; x_wconf 88' lang='lat' dir='ltr'><strong>snpra</strong></span> <span class='ocrx_word' id='word_1_108' title='bbox 683 1496 822 1582; x_wconf 89' lang='lat' dir='ltr'><strong>scriptus</strong></span> <span class='ocrx_word' id='word_1_109' title='bbox 845 1493 924 1559; x_wconf 88' lang='lat' dir='ltr'><strong>Atto</strong></span> <span class='ocrx_word' id='word_1_110' title='bbox 948 1517 1057 1559; x_wconf 90' lang='lat' dir='ltr'><strong>comes</strong></span> <span class='ocrx_word' id='word_1_111' title='bbox 1082 1496 1190 1560; x_wconf 90' lang='lat' dir='ltr'><strong>statim</strong></span> <span class='ocrx_word' id='word_1_112' title='bbox 1215 1507 1290 1559; x_wconf 86' lang='lat' dir='ltr'><strong>ante</strong></span> <span class='ocrx_word' id='word_1_113' title='bbox 1314 1518 1427 1561; x_wconf 89' lang='lat' dir='ltr'><strong>eorum</strong></span> <span class='ocrx_word' id='word_1_114' title='bbox 1450 1498 1654 1584; x_wconf 85' lang='lat' dir='ltr'><strong>presenciam</strong></span> <span class='ocrx_word' id='word_1_115' title='bbox 1678 1496 1899 1562; x_wconf 70' lang='lat' dir='ltr'><strong>manifestavit</strong></span> 
     </span>
     <span class='ocr_line' id='line_1_11' title="bbox 199 1601 1899 1690; baseline -0.001 -21"><span class='ocrx_word' id='word_1_116' title='bbox 199 1630 226 1669; x_wconf 86' lang='lat' dir='ltr'><strong>ro</strong></span> <span class='ocrx_word' id='word_1_117' title='bbox 244 1616 276 1669; x_wconf 88' lang='lat' dir='ltr'><strong>et</strong></span> <span class='ocrx_word' id='word_1_118' title='bbox 305 1603 405 1668; x_wconf 84' lang='lat' dir='ltr'><strong>dixit:</strong></span> <span class='ocrx_word' id='word_1_119' title='bbox 437 1602 589 1667; x_wconf 82' lang='lat' dir='ltr'><strong>‘Domine</strong></span> <span class='ocrx_word' id='word_1_120' title='bbox 620 1601 847 1666; x_wconf 82' lang='lat' dir='ltr'><strong>serenissime·</strong></span> <span class='ocrx_word' id='word_1_121' title='bbox 877 1602 1055 1687; x_wconf 85' lang='lat' dir='ltr'><strong>imperator</strong></span> <span class='ocrx_word' id='word_1_122' title='bbox 1085 1614 1117 1666; x_wconf 91' lang='lat' dir='ltr'><strong>et</strong></span> <span class='ocrx_word' id='word_1_123' title='bbox 1147 1601 1363 1667; x_wconf 87' lang='lat' dir='ltr'><strong>cancellarius</strong></span> <span class='ocrx_word' id='word_1_124' title='bbox 1399 1615 1431 1667; x_wconf 89' lang='lat' dir='ltr'><strong>et</strong></span> <span class='ocrx_word' id='word_1_125' title='bbox 1462 1604 1608 1690; x_wconf 89' lang='lat' dir='ltr'><strong>episcopi</strong></span> <span class='ocrx_word' id='word_1_126' title='bbox 1639 1614 1671 1668; x_wconf 90' lang='lat' dir='ltr'><strong>ct</strong></span> <span class='ocrx_word' id='word_1_127' title='bbox 1701 1605 1834 1668; x_wconf 89' lang='lat' dir='ltr'><strong>comites</strong></span> <span class='ocrx_word' id='word_1_128' title='bbox 1866 1615 1899 1667; x_wconf 92' lang='lat' dir='ltr'><strong>et</strong></span> 
     </span>
     <span class='ocr_line' id='line_1_12' title="bbox 243 1707 1898 1797; baseline 0.001 -24"><span class='ocrx_word' id='word_1_129' title='bbox 243 1709 368 1774; x_wconf 90' lang='lat' dir='ltr'><strong>iudices</strong></span> <span class='ocrx_word' id='word_1_130' title='bbox 393 1721 425 1774; x_wconf 90' lang='lat' dir='ltr'><strong>et</strong></span> <span class='ocrx_word' id='word_1_131' title='bbox 447 1708 525 1773; x_wconf 90' lang='lat' dir='ltr'><strong>boni</strong></span> <span class='ocrx_word' id='word_1_132' title='bbox 548 1709 705 1790; x_wconf 83' lang='lat' dir='ltr'><strong>homines,</strong></span> <span class='ocrx_word' id='word_1_133' title='bbox 730 1718 817 1772; x_wconf 89' lang='lat' dir='ltr'><strong>certe</strong></span> <span class='ocrx_word' id='word_1_134' title='bbox 840 1709 1011 1773; x_wconf 89' lang='lat' dir='ltr'><strong>veritatem</strong></span> <span class='ocrx_word' id='word_1_135' title='bbox 1034 1707 1128 1773; x_wconf 87' lang='lat' dir='ltr'><strong>vobis</strong></span> <span class='ocrx_word' id='word_1_136' title='bbox 1153 1708 1291 1773; x_wconf 87' lang='lat' dir='ltr'><strong>dicimus</strong></span> <span class='ocrx_word' id='word_1_137' title='bbox 1316 1709 1357 1774; x_wconf 91' lang='lat' dir='ltr'><strong>dc</strong></span> <span class='ocrx_word' id='word_1_138' title='bbox 1384 1708 1534 1774; x_wconf 89' lang='lat' dir='ltr'><strong>omnibns</strong></span> <span class='ocrx_word' id='word_1_139' title='bbox 1553 1711 1632 1797; x_wconf 90' lang='lat' dir='ltr'><strong>ipsis</strong></span> <span class='ocrx_word' id='word_1_140' title='bbox 1651 1732 1750 1796; x_wconf 87' lang='lat' dir='ltr'><strong>supra</strong></span> <span class='ocrx_word' id='word_1_141' title='bbox 1769 1711 1898 1797; x_wconf 89' lang='lat' dir='ltr'><strong>scriptis</strong></span> 
     </span>
     <span class='ocr_line' id='line_1_13' title="bbox 244 1814 1898 1903; baseline 0.001 -23"><span class='ocrx_word' id='word_1_142' title='bbox 244 1814 341 1880; x_wconf 91' lang='lat' dir='ltr'><strong>rebus</strong></span> <span class='ocrx_word' id='word_1_143' title='bbox 365 1817 449 1880; x_wconf 88' lang='lat' dir='ltr'><strong>infra</strong></span> <span class='ocrx_word' id='word_1_144' title='bbox 479 1838 577 1902; x_wconf 90' lang='lat' dir='ltr'><strong>supra</strong></span> <span class='ocrx_word' id='word_1_145' title='bbox 607 1817 727 1901; x_wconf 79' lang='lat' dir='ltr'><strong>scripte</strong></span> <span class='ocrx_word' id='word_1_146' title='bbox 761 1816 915 1879; x_wconf 86' lang='lat' dir='ltr'><strong>comitata</strong></span> <span class='ocrx_word' id='word_1_147' title='bbox 948 1838 1021 1879; x_wconf 88' lang='lat' dir='ltr'><strong>curn</strong></span> <span class='ocrx_word' id='word_1_148' title='bbox 1054 1816 1125 1902; x_wconf 90' lang='lat' dir='ltr'><strong>ipse</strong></span> <span class='ocrx_word' id='word_1_149' title='bbox 1158 1837 1257 1902; x_wconf 88' lang='lat' dir='ltr'><strong>supra</strong></span> <span class='ocrx_word' id='word_1_150' title='bbox 1290 1817 1409 1903; x_wconf 87' lang='lat' dir='ltr'><strong>scripte</strong></span> <span class='ocrx_word' id='word_1_151' title='bbox 1443 1828 1554 1882; x_wconf 86' lang='lat' dir='ltr'><strong>sancte</strong></span> <span class='ocrx_word' id='word_1_152' title='bbox 1588 1815 1726 1882; x_wconf 91' lang='lat' dir='ltr'><strong>ecclesie</strong></span> <span class='ocrx_word' id='word_1_153' title='bbox 1760 1826 1792 1881; x_wconf 91' lang='lat' dir='ltr'><strong>et</strong></span> <span class='ocrx_word' id='word_1_154' title='bbox 1824 1840 1898 1881; x_wconf 90' lang='lat' dir='ltr'><strong>cum</strong></span> 
     </span>
     <span class='ocr_line' id='line_1_14' title="bbox 244 1920 1899 2010; baseline 0 -23"><span class='ocrx_word' id='word_1_155' title='bbox 244 1923 370 1987; x_wconf 91' lang='lat' dir='ltr'><strong>illorum</strong></span> <span class='ocrx_word' id='word_1_156' title='bbox 389 1922 490 2003; x_wconf 91' lang='lat' dir='ltr'><strong>cellis,</strong></span> <span class='ocrx_word' id='word_1_157' title='bbox 520 1924 567 1987; x_wconf 92' lang='lat' dir='ltr'><strong>sic</strong></span> <span class='ocrx_word' id='word_1_158' title='bbox 586 1923 728 2008; x_wconf 88' lang='lat' dir='ltr'><strong>pertinet</strong></span> <span class='ocrx_word' id='word_1_159' title='bbox 746 1920 788 1985; x_wconf 91' lang='lat' dir='ltr'><strong>ad</strong></span> <span class='ocrx_word' id='word_1_160' title='bbox 805 1923 913 2007; x_wconf 90' lang='lat' dir='ltr'><strong>ipsum</strong></span> <span class='ocrx_word' id='word_1_161' title='bbox 931 1923 1192 2009; x_wconf 85' lang='lat' dir='ltr'><strong>prenominatum</strong></span> <span class='ocrx_word' id='word_1_162' title='bbox 1212 1925 1453 2006; x_wconf 84' lang='lat' dir='ltr'><strong>monasterinm,</strong></span> <span class='ocrx_word' id='word_1_163' title='bbox 1478 1925 1562 1988; x_wconf 89' lang='lat' dir='ltr'><strong>sicut</strong></span> <span class='ocrx_word' id='word_1_164' title='bbox 1586 1925 1678 2010; x_wconf 74' lang='grc' dir='ltr'><strong>ἱρεεΘ</strong></span> <span class='ocrx_word' id='word_1_165' title='bbox 1700 1922 1899 1988; x_wconf 88' lang='lat' dir='ltr'><strong>venerabilis</strong></span> 
     </span>
     <span class='ocr_line' id='line_1_15' title="bbox 244 2027 1899 2095; baseline 0.001 -2"><span class='ocrx_word' id='word_1_166' title='bbox 244 2027 346 2094; x_wconf 87' lang='lat' dir='ltr'><strong>abbas</strong></span> <span class='ocrx_word' id='word_1_167' title='bbox 369 2027 463 2094; x_wconf 90' lang='lat' dir='ltr'><strong>vobis</strong></span> <span class='ocrx_word' id='word_1_168' title='bbox 487 2029 588 2093; x_wconf 81' lang='lat' dir='ltr'><strong>dicit’.</strong></span> <span class='ocrx_word' id='word_1_169' title='bbox 634 2028 724 2092; x_wconf 90' lang='lat' dir='ltr'><strong>Dum</strong></span> <span class='ocrx_word' id='word_1_170' title='bbox 747 2028 804 2092; x_wconf 87' lang='lat' dir='ltr'><strong>tali</strong></span> <span class='ocrx_word' id='word_1_171' title='bbox 827 2029 1096 2093; x_wconf 88' lang='lat' dir='ltr'><strong>manifestacione</strong></span> <span class='ocrx_word' id='word_1_172' title='bbox 1120 2028 1246 2094; x_wconf 91' lang='lat' dir='ltr'><strong>audivit</strong></span> <span class='ocrx_word' id='word_1_173' title='bbox 1276 2029 1386 2095; x_wconf 88' lang='lat' dir='ltr'><strong>dicere</strong></span> <span class='ocrx_word' id='word_1_174' title='bbox 1410 2031 1547 2095; x_wconf 89' lang='lat' dir='ltr'><strong>domnus</strong></span> <span class='ocrx_word' id='word_1_175' title='bbox 1571 2031 1816 2095; x_wconf 79' lang='lat' dir='ltr'><strong>serenissimns‘</strong></span> <span class='ocrx_word' id='word_1_176' title='bbox 1840 2032 1899 2094; x_wconf 90' lang='lat' dir='ltr'><strong>im·</strong></span> 
     </span>
     <span class='ocr_line' id='line_1_16' title="bbox 200 2134 1900 2224; baseline 0 -22"><span class='ocrx_word' id='word_1_177' title='bbox 200 2148 375 2223; x_wconf 74' lang='lat' dir='ltr'><strong>reparator</strong></span> <span class='ocrx_word' id='word_1_178' title='bbox 403 2148 436 2200; x_wconf 88' lang='lat' dir='ltr'><strong>et</strong></span> <span class='ocrx_word' id='word_1_179' title='bbox 465 2137 536 2222; x_wconf 91' lang='lat' dir='ltr'><strong>ipso</strong></span> <span class='ocrx_word' id='word_1_180' title='bbox 566 2136 792 2221; x_wconf 89' lang='lat' dir='ltr'><strong>prenominato</strong></span> <span class='ocrx_word' id='word_1_181' title='bbox 822 2134 1018 2199; x_wconf 87' lang='lat' dir='ltr'><strong>cancellario</strong></span> <span class='ocrx_word' id='word_1_182' title='bbox 1049 2147 1081 2199; x_wconf 93' lang='lat' dir='ltr'><strong>et</strong></span> <span class='ocrx_word' id='word_1_183' title='bbox 1111 2137 1273 2223; x_wconf 90' lang='lat' dir='ltr'><strong>episcopis</strong></span> <span class='ocrx_word' id='word_1_184' title='bbox 1304 2148 1336 2201; x_wconf 90' lang='lat' dir='ltr'><strong>et</strong></span> <span class='ocrx_word' id='word_1_185' title='bbox 1365 2137 1436 2224; x_wconf 91' lang='lat' dir='ltr'><strong>ipso</strong></span> <span class='ocrx_word' id='word_1_186' title='bbox 1467 2139 1691 2223; x_wconf 89' lang='lat' dir='ltr'><strong>prenominato</strong></span> <span class='ocrx_word' id='word_1_187' title='bbox 1722 2139 1839 2203; x_wconf 85' lang='lat' dir='ltr'><strong>comite</strong></span> <span class='ocrx_word' id='word_1_188' title='bbox 1868 2151 1900 2202; x_wconf 89' lang='lat' dir='ltr'><strong>et</strong></span> 
     </span>
     <span class='ocr_line' id='line_1_17' title="bbox 245 2240 1901 2330; baseline 0.001 -23"><span class='ocrx_word' id='word_1_189' title='bbox 245 2243 352 2308; x_wconf 91' lang='lat' dir='ltr'><strong>iudice</strong></span> <span class='ocrx_word' id='word_1_190' title='bbox 383 2255 416 2308; x_wconf 87' lang='lat' dir='ltr'><strong>et</strong></span> <span class='ocrx_word' id='word_1_191' title='bbox 445 2242 539 2307; x_wconf 91' lang='lat' dir='ltr'><strong>bonis</strong></span> <span class='ocrx_word' id='word_1_192' title='bbox 569 2240 764 2321; x_wconf 84' lang='lat' dir='ltr'><strong>hominibus,</strong></span> <span class='ocrx_word' id='word_1_193' title='bbox 798 2254 923 2307; x_wconf 92' lang='lat' dir='ltr'><strong>rectum</strong></span> <span class='ocrx_word' id='word_1_194' title='bbox 952 2241 1080 2306; x_wconf 90' lang='lat' dir='ltr'><strong>illorum</strong></span> <span class='ocrx_word' id='word_1_195' title='bbox 1109 2244 1291 2330; x_wconf 86' lang='lat' dir='ltr'><strong>comparuit</strong></span> <span class='ocrx_word' id='word_1_196' title='bbox 1321 2266 1403 2309; x_wconf 88' lang='lat' dir='ltr'><strong>esse.</strong></span> <span class='ocrx_word' id='word_1_197' title='bbox 1450 2245 1501 2308; x_wconf 91' lang='lat' dir='ltr'><strong>Ita</strong></span> <span class='ocrx_word' id='word_1_198' title='bbox 1530 2255 1563 2309; x_wconf 92' lang='lat' dir='ltr'><strong>et</strong></span> <span class='ocrx_word' id='word_1_199' title='bbox 1595 2243 1831 2327; x_wconf 77' lang='lat' dir='ltr'><strong>iudicavcrtmt,</strong></span> <span class='ocrx_word' id='word_1_200' title='bbox 1864 2257 1901 2309; x_wconf 92' lang='lat' dir='ltr'><strong>ut</strong></span> 
     </span>
     <span class='ocr_line' id='line_1_18' title="bbox 245 2347 1899 2437; baseline 0.001 -23"><span class='ocrx_word' id='word_1_201' title='bbox 245 2373 357 2415; x_wconf 91' lang='lat' dir='ltr'><strong>omnes</strong></span> <span class='ocrx_word' id='word_1_202' title='bbox 380 2352 450 2437; x_wconf 91' lang='lat' dir='ltr'><strong>ipse</strong></span> <span class='ocrx_word' id='word_1_203' title='bbox 474 2350 699 2436; x_wconf 82' lang='lat' dir='ltr'><strong>prenominata</strong></span> <span class='ocrx_word' id='word_1_204' title='bbox 723 2347 820 2412; x_wconf 90' lang='lat' dir='ltr'><strong>rebus</strong></span> <span class='ocrx_word' id='word_1_205' title='bbox 845 2371 918 2413; x_wconf 85' lang='lat' dir='ltr'><strong>curn</strong></span> <span class='ocrx_word' id='word_1_206' title='bbox 942 2350 1179 2436; x_wconf 89' lang='lat' dir='ltr'><strong>suprascripte</strong></span> <span class='ocrx_word' id='word_1_207' title='bbox 1199 2349 1334 2415; x_wconf 90' lang='lat' dir='ltr'><strong>castella</strong></span> <span class='ocrx_word' id='word_1_208' title='bbox 1358 2361 1487 2416; x_wconf 91' lang='lat' dir='ltr'><strong>etcum</strong></span> <span class='ocrx_word' id='word_1_209' title='bbox 1511 2353 1581 2437; x_wconf 91' lang='lat' dir='ltr'><strong>ipse</strong></span> <span class='ocrx_word' id='word_1_210' title='bbox 1605 2351 1744 2416; x_wconf 91' lang='lat' dir='ltr'><strong>ecclesie</strong></span> <span class='ocrx_word' id='word_1_211' title='bbox 1769 2362 1899 2417; x_wconf 88' lang='lat' dir='ltr'><strong>etcum</strong></span> 
     </span>
     <span class='ocr_line' id='line_1_19' title="bbox 245 2455 1899 2543; baseline 0.001 -22"><span class='ocrx_word' id='word_1_212' title='bbox 245 2457 373 2521; x_wconf 91' lang='lat' dir='ltr'><strong>illorum</strong></span> <span class='ocrx_word' id='word_1_213' title='bbox 401 2457 613 2543; x_wconf 87' lang='lat' dir='ltr'><strong>pertinenciis</strong></span> <span class='ocrx_word' id='word_1_214' title='bbox 643 2455 842 2520; x_wconf 88' lang='lat' dir='ltr'><strong>habeantet</strong></span> <span class='ocrx_word' id='word_1_215' title='bbox 872 2467 1005 2520; x_wconf 87' lang='lat' dir='ltr'><strong>teneant</strong></span> <span class='ocrx_word' id='word_1_216' title='bbox 1026 2457 1098 2542; x_wconf 93' lang='lat' dir='ltr'><strong>ipso</strong></span> <span class='ocrx_word' id='word_1_217' title='bbox 1122 2458 1347 2543; x_wconf 89' lang='lat' dir='ltr'><strong>prenominato</strong></span> <span class='ocrx_word' id='word_1_218' title='bbox 1370 2459 1567 2522; x_wconf 90' lang='lat' dir='ltr'><strong>monasterio</strong></span> <span class='ocrx_word' id='word_1_219' title='bbox 1591 2459 1697 2523; x_wconf 91' lang='lat' dir='ltr'><strong>sancti</strong></span> <span class='ocrx_word' id='word_1_220' title='bbox 1720 2458 1899 2541; x_wconf 85' lang='lat' dir='ltr'><strong>Uincentii,</strong></span> 
     </span>
     <span class='ocr_line' id='line_1_20' title="bbox 246 2561 1900 2651; baseline 0.001 -23"><span class='ocrx_word' id='word_1_221' title='bbox 246 2565 370 2651; x_wconf 87' lang='lat' dir='ltr'><strong>etipse</strong></span> <span class='ocrx_word' id='word_1_222' title='bbox 394 2562 591 2627; x_wconf 91' lang='lat' dir='ltr'><strong>venerabilis</strong></span> <span class='ocrx_word' id='word_1_223' title='bbox 614 2561 717 2627; x_wconf 87' lang='lat' dir='ltr'><strong>abbas</strong></span> <span class='ocrx_word' id='word_1_224' title='bbox 741 2561 794 2627; x_wconf 89' lang='lat' dir='ltr'><strong>vel</strong></span> <span class='ocrx_word' id='word_1_225' title='bbox 817 2564 1013 2649; x_wconf 82' lang='lat' dir='ltr'><strong>posteriores</strong></span> <span class='ocrx_word' id='word_1_226' title='bbox 1036 2586 1112 2626; x_wconf 90' lang='lat' dir='ltr'><strong>suos</strong></span> <span class='ocrx_word' id='word_1_227' title='bbox 1136 2564 1293 2628; x_wconf 85' lang='lat' dir='ltr'><strong>securiter</strong></span> <span class='ocrx_word' id='word_1_228' title='bbox 1311 2563 1454 2629; x_wconf 88' lang='lat' dir='ltr'><strong>habeant</strong></span> <span class='ocrx_word' id='word_1_229' title='bbox 1474 2574 1506 2628; x_wconf 90' lang='lat' dir='ltr'><strong>et</strong></span> <span class='ocrx_word' id='word_1_230' title='bbox 1523 2564 1723 2650; x_wconf 87' lang='lat' dir='ltr'><strong>possideant.</strong></span> <span class='ocrx_word' id='word_1_231' title='bbox 1761 2565 1900 2630; x_wconf 84' lang='lat' dir='ltr'><strong>Etcum</strong></span> 
     </span>
     <span class='ocr_line' id='line_1_21' title="bbox 200 2668 1900 2757; baseline -0.001 -19"><span class='ocrx_word' id='word_1_232' title='bbox 200 2669 301 2738; x_wconf 78' lang='lat' dir='ltr'><strong>rotali</strong></span> <span class='ocrx_word' id='word_1_233' title='bbox 324 2671 445 2735; x_wconf 89' lang='lat' dir='ltr'><strong>iudicio</strong></span> <span class='ocrx_word' id='word_1_234' title='bbox 469 2670 592 2734; x_wconf 89' lang='lat' dir='ltr'><strong>factum</strong></span> <span class='ocrx_word' id='word_1_235' title='bbox 614 2670 686 2752; x_wconf 86' lang='lat' dir='ltr'><strong>fuit,</strong></span> <span class='ocrx_word' id='word_1_236' title='bbox 714 2668 828 2733; x_wconf 88' lang='lat' dir='ltr'><strong>libenti</strong></span> <span class='ocrx_word' id='word_1_237' title='bbox 852 2670 960 2733; x_wconf 90' lang='lat' dir='ltr'><strong>animo</strong></span> <span class='ocrx_word' id='word_1_238' title='bbox 985 2669 1069 2733; x_wconf 85' lang='lat' dir='ltr'><strong>dixit</strong></span> <span class='ocrx_word' id='word_1_239' title='bbox 1099 2669 1236 2735; x_wconf 88' lang='lat' dir='ltr'><strong>domnus</strong></span> <span class='ocrx_word' id='word_1_240' title='bbox 1260 2671 1423 2736; x_wconf 89' lang='lat' dir='ltr'><strong>Henricus</strong></span> <span class='ocrx_word' id='word_1_241' title='bbox 1453 2672 1699 2735; x_wconf 83' lang='lat' dir='ltr'><strong>serenissimus·</strong></span> <span class='ocrx_word' id='word_1_242' title='bbox 1723 2673 1900 2757; x_wconf 88' lang='lat' dir='ltr'><strong>imperator</strong></span> 
     </span>
     <span class='ocr_line' id='line_1_22' title="bbox 246 2775 1901 2864; baseline 0 -22"><span class='ocrx_word' id='word_1_243' title='bbox 246 2777 358 2842; x_wconf 82' lang='lat' dir='ltr'><strong>Attoni</strong></span> <span class='ocrx_word' id='word_1_244' title='bbox 382 2779 525 2842; x_wconf 88' lang='lat' dir='ltr'><strong>comitis:</strong></span> <span class='ocrx_word' id='word_1_245' title='bbox 557 2777 604 2841; x_wconf 82' lang='lat' dir='ltr'><strong>‘Si</strong></span> <span class='ocrx_word' id='word_1_246' title='bbox 634 2799 741 2840; x_wconf 87' lang='lat' dir='ltr'><strong>meam</strong></span> <span class='ocrx_word' id='word_1_247' title='bbox 771 2777 909 2862; x_wconf 85' lang='lat' dir='ltr'><strong>gratiam</strong></span> <span class='ocrx_word' id='word_1_248' title='bbox 934 2777 983 2839; x_wconf 89' lang='lat' dir='ltr'><strong>vis</strong></span> <span class='ocrx_word' id='word_1_249' title='bbox 1007 2775 1128 2841; x_wconf 87' lang='lat' dir='ltr'><strong>habere</strong></span> <span class='ocrx_word' id='word_1_250' title='bbox 1160 2788 1192 2841; x_wconf 90' lang='lat' dir='ltr'><strong>et</strong></span> <span class='ocrx_word' id='word_1_251' title='bbox 1215 2777 1323 2859; x_wconf 92' lang='lat' dir='ltr'><strong>vultis,</strong></span> <span class='ocrx_word' id='word_1_252' title='bbox 1355 2777 1443 2864; x_wconf 86' lang='lat' dir='ltr'><strong>quod</strong></span> <span class='ocrx_word' id='word_1_253' title='bbox 1471 2800 1532 2863; x_wconf 84' lang='lat' dir='ltr'><strong>ego</strong></span> <span class='ocrx_word' id='word_1_254' title='bbox 1564 2801 1622 2864; x_wconf 91' lang='lat' dir='ltr'><strong>pro</strong></span> <span class='ocrx_word' id='word_1_255' title='bbox 1647 2777 1740 2843; x_wconf 90' lang='lat' dir='ltr'><strong>vobis</strong></span> <span class='ocrx_word' id='word_1_256' title='bbox 1770 2779 1901 2861; x_wconf 87' lang='lat' dir='ltr'><strong>faciam,</strong></span> 
     </span>
     <span class='ocr_line' id='line_1_23' title="bbox 246 2881 1901 2971; baseline 0.002 -23"><span class='ocrx_word' id='word_1_257' title='bbox 246 2886 355 2948; x_wconf 87' lang='lat' dir='ltr'><strong>omnia</strong></span> <span class='ocrx_word' id='word_1_258' title='bbox 378 2885 448 2970; x_wconf 92' lang='lat' dir='ltr'><strong>ipse</strong></span> <span class='ocrx_word' id='word_1_259' title='bbox 473 2884 715 2971; x_wconf 90' lang='lat' dir='ltr'><strong>suprascripte</strong></span> <span class='ocrx_word' id='word_1_260' title='bbox 746 2881 843 2947; x_wconf 91' lang='lat' dir='ltr'><strong>rebus</strong></span> <span class='ocrx_word' id='word_1_261' title='bbox 868 2906 942 2947; x_wconf 90' lang='lat' dir='ltr'><strong>cum</strong></span> <span class='ocrx_word' id='word_1_262' title='bbox 974 2885 1216 2969; x_wconf 90' lang='lat' dir='ltr'><strong>suprascripte</strong></span> <span class='ocrx_word' id='word_1_263' title='bbox 1241 2884 1378 2948; x_wconf 91' lang='lat' dir='ltr'><strong>ecclesie</strong></span> <span class='ocrx_word' id='word_1_264' title='bbox 1403 2907 1475 2949; x_wconf 89' lang='lat' dir='ltr'><strong>cum</strong></span> <span class='ocrx_word' id='word_1_265' title='bbox 1501 2907 1600 2971; x_wconf 88' lang='lat' dir='ltr'><strong>supra</strong></span> <span class='ocrx_word' id='word_1_266' title='bbox 1623 2886 1742 2971; x_wconf 86' lang='lat' dir='ltr'><strong>scripto</strong></span> <span class='ocrx_word' id='word_1_267' title='bbox 1766 2885 1901 2951; x_wconf 87' lang='lat' dir='ltr'><strong>castella</strong></span> 
     </span>
     <span class='ocr_line' id='line_1_24' title="bbox 247 2989 1901 3077; baseline 0.001 -22"><span class='ocrx_word' id='word_1_268' title='bbox 247 2990 368 3055; x_wconf 72' lang='lat' dir='ltr'><strong>faciasg</strong></span> <span class='ocrx_word' id='word_1_269' title='bbox 391 2991 528 3055; x_wconf 92' lang='lat' dir='ltr'><strong>reddere</strong></span> <span class='ocrx_word' id='word_1_270' title='bbox 553 2989 596 3054; x_wconf 92' lang='lat' dir='ltr'><strong>ad</strong></span> <span class='ocrx_word' id='word_1_271' title='bbox 618 2991 725 3077; x_wconf 87' lang='lat' dir='ltr'><strong>ipsum</strong></span> <span class='ocrx_word' id='word_1_272' title='bbox 745 2991 1015 3076; x_wconf 88' lang='lat' dir='ltr'><strong>suprascriptum</strong></span> <span class='ocrx_word' id='word_1_273' title='bbox 1032 2992 1264 3055; x_wconf 85' lang='lat' dir='ltr'><strong>monasterium</strong></span> <span class='ocrx_word' id='word_1_274' title='bbox 1281 3002 1314 3054; x_wconf 90' lang='lat' dir='ltr'><strong>et</strong></span> <span class='ocrx_word' id='word_1_275' title='bbox 1329 2990 1372 3055; x_wconf 89' lang='lat' dir='ltr'><strong>ad</strong></span> <span class='ocrx_word' id='word_1_276' title='bbox 1387 2992 1495 3077; x_wconf 91' lang='lat' dir='ltr'><strong>ipsum</strong></span> <span class='ocrx_word' id='word_1_277' title='bbox 1510 2991 1730 3056; x_wconf 89' lang='lat' dir='ltr'><strong>venerabilem</strong></span> <span class='ocrx_word' id='word_1_278' title='bbox 1748 2991 1901 3057; x_wconf 86' lang='lat' dir='ltr'><strong>abbatem</strong></span> 
     </span>
     <span class='ocr_line' id='line_1_25' title="bbox 247 3095 1902 3187; baseline 0.002 -26"><span class='ocrx_word' id='word_1_279' title='bbox 247 3109 280 3162; x_wconf 90' lang='lat' dir='ltr'><strong>et</strong></span> <span class='ocrx_word' id='word_1_280' title='bbox 309 3097 352 3161; x_wconf 91' lang='lat' dir='ltr'><strong>ad</strong></span> <span class='ocrx_word' id='word_1_281' title='bbox 382 3096 625 3163; x_wconf 87' lang='lat' dir='ltr'><strong>successoribus</strong></span> <span class='ocrx_word' id='word_1_282' title='bbox 656 3097 750 3160; x_wconf 88' lang='lat' dir='ltr'><strong>suisl’</strong></span> <span class='ocrx_word' id='word_1_283' title='bbox 799 3095 914 3161; x_wconf 87' lang='lat' dir='ltr'><strong>Statim</strong></span> <span class='ocrx_word' id='word_1_284' title='bbox 946 3098 1017 3183; x_wconf 92' lang='lat' dir='ltr'><strong>ipso</strong></span> <span class='ocrx_word' id='word_1_285' title='bbox 1048 3096 1166 3161; x_wconf 89' lang='lat' dir='ltr'><strong>domno</strong></span> <span class='ocrx_word' id='word_1_286' title='bbox 1197 3099 1428 3163; x_wconf 83' lang='lat' dir='ltr'><strong>serenissimo·</strong></span> <span class='ocrx_word' id='word_1_287' title='bbox 1458 3100 1654 3185; x_wconf 86' lang='lat' dir='ltr'><strong>imperatore</strong></span> <span class='ocrx_word' id='word_1_288' title='bbox 1685 3099 1902 3187; x_wconf 87' lang='lat' dir='ltr'><strong>apprehendit</strong></span> 
     </span>
     <span class='ocr_line' id='line_1_26' title="bbox 202 3196 1902 3292; baseline 0 -21"><span class='ocrx_word' id='word_1_289' title='bbox 202 3233 229 3272; x_wconf 82' lang='lat' dir='ltr'><strong>ss</strong></span> <span class='ocrx_word' id='word_1_290' title='bbox 246 3207 353 3292; x_wconf 88' lang='lat' dir='ltr'><strong>ipsum</strong></span> <span class='ocrx_word' id='word_1_291' title='bbox 376 3196 597 3271; x_wconf 88' lang='lat' dir='ltr'><strong>venerabilem</strong></span> <span class='ocrx_word' id='word_1_292' title='bbox 621 3203 774 3268; x_wconf 88' lang='lat' dir='ltr'><strong>abbatem</strong></span> <span class='ocrx_word' id='word_1_293' title='bbox 798 3227 857 3290; x_wconf 89' lang='lat' dir='ltr'><strong>per</strong></span> <span class='ocrx_word' id='word_1_294' title='bbox 880 3204 1049 3269; x_wconf 85' lang='lat' dir='ltr'><strong>dexteram</strong></span> <span class='ocrx_word' id='word_1_295' title='bbox 1072 3227 1205 3269; x_wconf 86' lang='lat' dir='ltr'><strong>manum</strong></span> <span class='ocrx_word' id='word_1_296' title='bbox 1229 3228 1321 3269; x_wconf 90' lang='lat' dir='ltr'><strong>suam</strong></span> <span class='ocrx_word' id='word_1_297' title='bbox 1345 3217 1378 3270; x_wconf 89' lang='lat' dir='ltr'><strong>et</strong></span> <span class='ocrx_word' id='word_1_298' title='bbox 1396 3206 1638 3270; x_wconf 88' lang='lat' dir='ltr'><strong>commendavit</strong></span> <span class='ocrx_word' id='word_1_299' title='bbox 1657 3228 1731 3271; x_wconf 90' lang='lat' dir='ltr'><strong>eum</strong></span> <span class='ocrx_word' id='word_1_300' title='bbox 1749 3208 1784 3271; x_wconf 93' lang='lat' dir='ltr'><strong>in</strong></span> <span class='ocrx_word' id='word_1_301' title='bbox 1802 3229 1902 3271; x_wconf 89' lang='lat' dir='ltr'><strong>manu</strong></span> 
     </span>
     <span class='ocr_line' id='line_1_27' title="bbox 247 3310 1902 3400; baseline 0.001 -25"><span class='ocrx_word' id='word_1_302' title='bbox 247 3312 359 3377; x_wconf 81' lang='lat' dir='ltr'><strong>Attoni</strong></span> <span class='ocrx_word' id='word_1_303' title='bbox 383 3313 520 3394; x_wconf 87' lang='lat' dir='ltr'><strong>comitis,</strong></span> <span class='ocrx_word' id='word_1_304' title='bbox 549 3323 584 3376; x_wconf 91' lang='lat' dir='ltr'><strong>ut</strong></span> <span class='ocrx_word' id='word_1_305' title='bbox 607 3313 695 3376; x_wconf 81' lang='lat' dir='ltr'><strong>onrni</strong></span> <span class='ocrx_word' id='word_1_306' title='bbox 719 3324 864 3397; x_wconf 89' lang='lat' dir='ltr'><strong>tempore</strong></span> <span class='ocrx_word' id='word_1_307' title='bbox 889 3310 935 3374; x_wconf 93' lang='lat' dir='ltr'><strong>illi</strong></span> <span class='ocrx_word' id='word_1_308' title='bbox 958 3312 1121 3375; x_wconf 86' lang='lat' dir='ltr'><strong>iusticiam</strong></span> <span class='ocrx_word' id='word_1_309' title='bbox 1144 3311 1276 3393; x_wconf 87' lang='lat' dir='ltr'><strong>faciant,</strong></span> <span class='ocrx_word' id='word_1_310' title='bbox 1305 3314 1390 3377; x_wconf 91' lang='lat' dir='ltr'><strong>sicut</strong></span> <span class='ocrx_word' id='word_1_311' title='bbox 1413 3314 1460 3377; x_wconf 89' lang='lat' dir='ltr'><strong>eis</strong></span> <span class='ocrx_word' id='word_1_312' title='bbox 1483 3315 1632 3400; x_wconf 87' lang='lat' dir='ltr'><strong>precepit</strong></span> <span class='ocrx_word' id='word_1_313' title='bbox 1655 3313 1791 3378; x_wconf 89' lang='lat' dir='ltr'><strong>domnus</strong></span> <span class='ocrx_word' id='word_1_314' title='bbox 1815 3336 1902 3379; x_wconf 90' lang='lat' dir='ltr'><strong>sere-</strong></span> 
     </span>
     <span class='ocr_line' id='line_1_28' title="bbox 247 3416 1902 3507; baseline 0.002 -26"><span class='ocrx_word' id='word_1_315' title='bbox 247 3420 418 3483; x_wconf 84' lang='lat' dir='ltr'><strong>nissimus⁸</strong></span> <span class='ocrx_word' id='word_1_316' title='bbox 435 3420 620 3505; x_wconf 86' lang='lat' dir='ltr'><strong>imperator.</strong></span> <span class='ocrx_word' id='word_1_317' title='bbox 652 3418 696 3482; x_wconf 81' lang='lat' dir='ltr'><strong>Et</strong></span> <span class='ocrx_word' id='word_1_318' title='bbox 711 3419 819 3481; x_wconf 86' lang='lat' dir='ltr'><strong>statim</strong></span> <span class='ocrx_word' id='word_1_319' title='bbox 835 3418 1003 3483; x_wconf 83' lang='lat' dir='ltr'><strong>investivit</strong></span> <span class='ocrx_word' id='word_1_320' title='bbox 1015 3416 1153 3482; x_wconf 91' lang='lat' dir='ltr'><strong>domnus</strong></span> <span class='ocrx_word' id='word_1_321' title='bbox 1170 3420 1416 3484; x_wconf 83' lang='lat' dir='ltr'><strong>serenissimus·</strong></span> <span class='ocrx_word' id='word_1_322' title='bbox 1432 3421 1608 3507; x_wconf 89' lang='lat' dir='ltr'><strong>imperator</strong></span> <span class='ocrx_word' id='word_1_323' title='bbox 1621 3422 1692 3507; x_wconf 90' lang='lat' dir='ltr'><strong>ipse</strong></span> <span class='ocrx_word' id='word_1_324' title='bbox 1704 3420 1902 3485; x_wconf 88' lang='lat' dir='ltr'><strong>venerabilis</strong></span> 
     </span>
     <span class='ocr_line' id='line_1_29' title="bbox 248 3523 1902 3614; baseline 0.002 -25"><span class='ocrx_word' id='word_1_325' title='bbox 248 3525 350 3589; x_wconf 88' lang='lat' dir='ltr'><strong>abbas</strong></span> <span class='ocrx_word' id='word_1_326' title='bbox 374 3524 415 3589; x_wconf 94' lang='lat' dir='ltr'><strong>de</strong></span> <span class='ocrx_word' id='word_1_327' title='bbox 439 3527 548 3589; x_wconf 90' lang='lat' dir='ltr'><strong>omnia</strong></span> <span class='ocrx_word' id='word_1_328' title='bbox 571 3527 641 3612; x_wconf 89' lang='lat' dir='ltr'><strong>ipse</strong></span> <span class='ocrx_word' id='word_1_329' title='bbox 666 3547 765 3611; x_wconf 88' lang='lat' dir='ltr'><strong>supra</strong></span> <span class='ocrx_word' id='word_1_330' title='bbox 794 3525 914 3611; x_wconf 86' lang='lat' dir='ltr'><strong>scripte</strong></span> <span class='ocrx_word' id='word_1_331' title='bbox 944 3523 1042 3589; x_wconf 88' lang='lat' dir='ltr'><strong>rebus</strong></span> <span class='ocrx_word' id='word_1_332' title='bbox 1074 3548 1148 3590; x_wconf 90' lang='lat' dir='ltr'><strong>cum</strong></span> <span class='ocrx_word' id='word_1_333' title='bbox 1179 3528 1420 3614; x_wconf 88' lang='lat' dir='ltr'><strong>suprascripte</strong></span> <span class='ocrx_word' id='word_1_334' title='bbox 1445 3526 1579 3592; x_wconf 87' lang='lat' dir='ltr'><strong>castella</strong></span> <span class='ocrx_word' id='word_1_335' title='bbox 1603 3538 1635 3591; x_wconf 90' lang='lat' dir='ltr'><strong>et</strong></span> <span class='ocrx_word' id='word_1_336' title='bbox 1658 3549 1732 3591; x_wconf 90' lang='lat' dir='ltr'><strong>cum</strong></span> <span class='ocrx_word' id='word_1_337' title='bbox 1755 3527 1902 3614; x_wconf 86' lang='lat' dir='ltr'><strong>predicte</strong></span> 
     </span>
     <span class='ocr_line' id='line_1_30' title="bbox 248 3630 1904 3720; baseline 0.001 -24"><span class='ocrx_word' id='word_1_338' title='bbox 248 3632 396 3713; x_wconf 83' lang='lat' dir='ltr'><strong>ecclesie,</strong></span> <span class='ocrx_word' id='word_1_339' title='bbox 422 3644 454 3695; x_wconf 88' lang='lat' dir='ltr'><strong>et</strong></span> <span class='ocrx_word' id='word_1_340' title='bbox 475 3633 584 3718; x_wconf 90' lang='lat' dir='ltr'><strong>posuit</strong></span> <span class='ocrx_word' id='word_1_341' title='bbox 607 3630 749 3696; x_wconf 86' lang='lat' dir='ltr'><strong>bandum</strong></span> <span class='ocrx_word' id='word_1_342' title='bbox 773 3654 873 3717; x_wconf 91' lang='lat' dir='ltr'><strong>super</strong></span> <span class='ocrx_word' id='word_1_343' title='bbox 896 3643 994 3718; x_wconf 87' lang='lat' dir='ltr'><strong>caput</strong></span> <span class='ocrx_word' id='word_1_344' title='bbox 1018 3632 1098 3713; x_wconf 85' lang='lat' dir='ltr'><strong>eius,</strong></span> <span class='ocrx_word' id='word_1_345' title='bbox 1122 3642 1167 3713; x_wconf 82' lang='lat' dir='ltr'><strong>ut,</strong></span> <span class='ocrx_word' id='word_1_346' title='bbox 1192 3633 1219 3695; x_wconf 91' lang='lat' dir='ltr'><strong>si</strong></span> <span class='ocrx_word' id='word_1_347' title='bbox 1243 3634 1315 3719; x_wconf 89' lang='lat' dir='ltr'><strong>quis</strong></span> <span class='ocrx_word' id='word_1_348' title='bbox 1335 3656 1540 3720; x_wconf 88' lang='lat' dir='ltr'><strong>quocumque</strong></span> <span class='ocrx_word' id='word_1_349' title='bbox 1564 3646 1708 3720; x_wconf 87' lang='lat' dir='ltr'><strong>ternpore</strong></span> <span class='ocrx_word' id='word_1_350' title='bbox 1732 3632 1773 3697; x_wconf 91' lang='lat' dir='ltr'><strong>de</strong></span> <span class='ocrx_word' id='word_1_351' title='bbox 1793 3636 1904 3707; x_wconf 86' lang='lat' dir='ltr'><strong>omnia</strong></span> 
     </span>
     <span class='ocr_line' id='line_1_31' title="bbox 202 3738 1902 3827; baseline 0 -21"><span class='ocrx_word' id='word_1_352' title='bbox 202 3741 318 3826; x_wconf 79' lang='lat' dir='ltr'><strong>soipsc</strong></span> <span class='ocrx_word' id='word_1_353' title='bbox 342 3740 582 3825; x_wconf 88' lang='lat' dir='ltr'><strong>suprascripte</strong></span> <span class='ocrx_word' id='word_1_354' title='bbox 606 3738 714 3820; x_wconf 82' lang='lat' dir='ltr'><strong>rebus,</strong></span> <span class='ocrx_word' id='word_1_355' title='bbox 747 3739 832 3803; x_wconf 90' lang='lat' dir='ltr'><strong>sicut</strong></span> <span class='ocrx_word' id='word_1_356' title='bbox 861 3739 1010 3825; x_wconf 86' lang='lat' dir='ltr'><strong>superius</strong></span> <span class='ocrx_word' id='word_1_357' title='bbox 1039 3740 1195 3825; x_wconf 88' lang='lat' dir='ltr'><strong>scriptum</strong></span> <span class='ocrx_word' id='word_1_358' title='bbox 1225 3750 1284 3821; x_wconf 83' lang='lat' dir='ltr'><strong>est,</strong></span> <span class='ocrx_word' id='word_1_359' title='bbox 1317 3738 1441 3827; x_wconf 90' lang='lat' dir='ltr'><strong>aliquid</strong></span> <span class='ocrx_word' id='word_1_360' title='bbox 1471 3739 1591 3804; x_wconf 80' lang='lat' dir='ltr'><strong>exinde</strong></span> <span class='ocrx_word' id='word_1_361' title='bbox 1622 3739 1734 3805; x_wconf 91' lang='lat' dir='ltr'><strong>tollere</strong></span> <span class='ocrx_word' id='word_1_362' title='bbox 1767 3752 1824 3805; x_wconf 90' lang='lat' dir='ltr'><strong>aut</strong></span> <span class='ocrx_word' id='word_1_363' title='bbox 1854 3742 1902 3805; x_wconf 90' lang='lat' dir='ltr'><strong>in·</strong></span> 
     </span>
     <span class='ocr_line' id='line_1_32' title="bbox 247 3845 1902 3933; baseline 0.001 -22"><span class='ocrx_word' id='word_1_364' title='bbox 247 3846 369 3911; x_wconf 89' lang='lat' dir='ltr'><strong>vadere</strong></span> <span class='ocrx_word' id='word_1_365' title='bbox 392 3848 628 3933; x_wconf 89' lang='lat' dir='ltr'><strong>presumpserit</strong></span> <span class='ocrx_word' id='word_1_366' title='bbox 650 3847 720 3910; x_wconf 90' lang='lat' dir='ltr'><strong>sine</strong></span> <span class='ocrx_word' id='word_1_367' title='bbox 744 3845 840 3932; x_wconf 86' lang='lat' dir='ltr'><strong>legali</strong></span> <span class='ocrx_word' id='word_1_368' title='bbox 866 3845 996 3927; x_wconf 88' lang='lat' dir='ltr'><strong>iudicio,</strong></span> <span class='ocrx_word' id='word_1_369' title='bbox 1030 3857 1066 3910; x_wconf 91' lang='lat' dir='ltr'><strong>ut</strong></span> <span class='ocrx_word' id='word_1_370' title='bbox 1095 3857 1270 3932; x_wconf 89' lang='lat' dir='ltr'><strong>componat</strong></span> <span class='ocrx_word' id='word_1_371' title='bbox 1295 3848 1367 3910; x_wconf 85' lang='lat' dir='ltr'><strong>auri</strong></span> <span class='ocrx_word' id='word_1_372' title='bbox 1391 3848 1504 3933; x_wconf 92' lang='lat' dir='ltr'><strong>optimi</strong></span> <span class='ocrx_word' id='word_1_373' title='bbox 1528 3846 1627 3911; x_wconf 87' lang='lat' dir='ltr'><strong>libras</strong></span> <span class='ocrx_word' id='word_1_374' title='bbox 1650 3845 1748 3928; x_wconf 85' lang='lat' dir='ltr'><strong>mille,</strong></span> <span class='ocrx_word' id='word_1_375' title='bbox 1781 3847 1902 3912; x_wconf 89' lang='lat' dir='ltr'><strong>medie·</strong></span> 
     </span>
     <span class='ocr_line' id='line_1_33' title="bbox 247 3952 1903 4041; baseline 0 -23"><span class='ocrx_word' id='word_1_376' title='bbox 247 3965 347 4018; x_wconf 84' lang='lat' dir='ltr'><strong>tatem</strong></span> <span class='ocrx_word' id='word_1_377' title='bbox 370 3977 390 4017; x_wconf 97' lang='lat' dir='ltr'><strong>a</strong></span> <span class='ocrx_word' id='word_1_378' title='bbox 410 3976 488 4040; x_wconf 90' lang='lat' dir='ltr'><strong>pars</strong></span> <span class='ocrx_word' id='word_1_379' title='bbox 511 3952 552 4017; x_wconf 91' lang='lat' dir='ltr'><strong>de</strong></span> <span class='ocrx_word' id='word_1_380' title='bbox 577 3976 676 4040; x_wconf 87' lang='lat' dir='ltr'><strong>supra</strong></span> <span class='ocrx_word' id='word_1_381' title='bbox 699 3954 820 4041; x_wconf 91' lang='lat' dir='ltr'><strong>scripto</strong></span> <span class='ocrx_word' id='word_1_382' title='bbox 842 3954 1041 4017; x_wconf 87' lang='lat' dir='ltr'><strong>monasterio</strong></span> <span class='ocrx_word' id='word_1_383' title='bbox 1072 3965 1105 4017; x_wconf 91' lang='lat' dir='ltr'><strong>et</strong></span> <span class='ocrx_word' id='word_1_384' title='bbox 1132 3952 1173 4017; x_wconf 91' lang='lat' dir='ltr'><strong>de</strong></span> <span class='ocrx_word' id='word_1_385' title='bbox 1198 3954 1269 4040; x_wconf 89' lang='lat' dir='ltr'><strong>ipso</strong></span> <span class='ocrx_word' id='word_1_386' title='bbox 1292 3952 1489 4019; x_wconf 88' lang='lat' dir='ltr'><strong>venerabilis</strong></span> <span class='ocrx_word' id='word_1_387' title='bbox 1513 3952 1617 4018; x_wconf 85' lang='lat' dir='ltr'><strong>abbas</strong></span> <span class='ocrx_word' id='word_1_388' title='bbox 1641 3965 1673 4017; x_wconf 89' lang='lat' dir='ltr'><strong>et</strong></span> <span class='ocrx_word' id='word_1_389' title='bbox 1696 3976 1903 4018; x_wconf 90' lang='lat' dir='ltr'><strong>successores</strong></span> 
     </span>
     <span class='ocr_line' id='line_1_34' title="bbox 248 4059 1903 4147; baseline -0.001 -21"><span class='ocrx_word' id='word_1_390' title='bbox 248 4084 323 4126; x_wconf 91' lang='lat' dir='ltr'><strong>snos</strong></span> <span class='ocrx_word' id='word_1_391' title='bbox 346 4073 379 4126; x_wconf 87' lang='lat' dir='ltr'><strong>et</strong></span> <span class='ocrx_word' id='word_1_392' title='bbox 400 4060 609 4125; x_wconf 87' lang='lat' dir='ltr'><strong>medietatem</strong></span> <span class='ocrx_word' id='word_1_393' title='bbox 633 4060 676 4125; x_wconf 87' lang='lat' dir='ltr'><strong>ad</strong></span> <span class='ocrx_word' id='word_1_394' title='bbox 691 4073 783 4146; x_wconf 90' lang='lat' dir='ltr'><strong>parte</strong></span> <span class='ocrx_word' id='word_1_395' title='bbox 801 4060 911 4124; x_wconf 88' lang='lat' dir='ltr'><strong>domni</strong></span> <span class='ocrx_word' id='word_1_396' title='bbox 931 4061 1151 4124; x_wconf 81' lang='lat' dir='ltr'><strong>serenissimi·</strong></span> <span class='ocrx_word' id='word_1_397' title='bbox 1168 4061 1384 4145; x_wconf 87' lang='lat' dir='ltr'><strong>imperatoris.</strong></span> <span class='ocrx_word' id='word_1_398' title='bbox 1423 4059 1533 4124; x_wconf 87' lang='lat' dir='ltr'><strong>Finita</strong></span> <span class='ocrx_word' id='word_1_399' title='bbox 1557 4073 1605 4125; x_wconf 90' lang='lat' dir='ltr'><strong>est</strong></span> <span class='ocrx_word' id='word_1_400' title='bbox 1629 4083 1738 4141; x_wconf 88' lang='lat' dir='ltr'><strong>causa,</strong></span> <span class='ocrx_word' id='word_1_401' title='bbox 1763 4059 1903 4147; x_wconf 89' lang='lat' dir='ltr'><strong>qualiter</strong></span> 
     </span>
     <span class='ocr_line' id='line_1_35' title="bbox 248 4165 1903 4253; baseline 0 -21"><span class='ocrx_word' id='word_1_402' title='bbox 248 4180 357 4233; x_wconf 88' lang='lat' dir='ltr'><strong>actum</strong></span> <span class='ocrx_word' id='word_1_403' title='bbox 387 4180 419 4232; x_wconf 91' lang='lat' dir='ltr'><strong>et</strong></span> <span class='ocrx_word' id='word_1_404' title='bbox 449 4168 571 4232; x_wconf 87' lang='lat' dir='ltr'><strong>dictum</strong></span> <span class='ocrx_word' id='word_1_405' title='bbox 602 4168 672 4231; x_wconf 84' lang='lat' dir='ltr'><strong>fuit.</strong></span> <span class='ocrx_word' id='word_1_406' title='bbox 721 4166 815 4232; x_wconf 89' lang='lat' dir='ltr'><strong>Unde</strong></span> <span class='ocrx_word' id='word_1_407' title='bbox 847 4190 905 4253; x_wconf 91' lang='lat' dir='ltr'><strong>pro</strong></span> <span class='ocrx_word' id='word_1_408' title='bbox 936 4168 1143 4231; x_wconf 88' lang='lat' dir='ltr'><strong>securitatem</strong></span> <span class='ocrx_word' id='word_1_409' title='bbox 1175 4165 1215 4229; x_wconf 90' lang='lat' dir='ltr'><strong>de</strong></span> <span class='ocrx_word' id='word_1_410' title='bbox 1247 4188 1346 4251; x_wconf 89' lang='lat' dir='ltr'><strong>supra</strong></span> <span class='ocrx_word' id='word_1_411' title='bbox 1369 4167 1489 4253; x_wconf 89' lang='lat' dir='ltr'><strong>scripto</strong></span> <span class='ocrx_word' id='word_1_412' title='bbox 1514 4179 1626 4231; x_wconf 90' lang='lat' dir='ltr'><strong>sancto</strong></span> <span class='ocrx_word' id='word_1_413' title='bbox 1650 4168 1846 4232; x_wconf 87' lang='lat' dir='ltr'><strong>monasterio</strong></span> <span class='ocrx_word' id='word_1_414' title='bbox 1870 4180 1903 4232; x_wconf 92' lang='lat' dir='ltr'><strong>et</strong></span> 
     </span>
     <span class='ocr_line' id='line_1_36' title="bbox 203 4272 1903 4362; baseline -0.001 -21"><span class='ocrx_word' id='word_1_415' title='bbox 203 4300 231 4341; x_wconf 80' lang='lat' dir='ltr'><strong>ss</strong></span> <span class='ocrx_word' id='word_1_416' title='bbox 249 4276 290 4339; x_wconf 90' lang='lat' dir='ltr'><strong>de</strong></span> <span class='ocrx_word' id='word_1_417' title='bbox 310 4277 380 4362; x_wconf 91' lang='lat' dir='ltr'><strong>ipso</strong></span> <span class='ocrx_word' id='word_1_418' title='bbox 398 4273 578 4340; x_wconf 90' lang='lat' dir='ltr'><strong>venerabili</strong></span> <span class='ocrx_word' id='word_1_419' title='bbox 599 4273 712 4338; x_wconf 86' lang='lat' dir='ltr'><strong>abbati</strong></span> <span class='ocrx_word' id='word_1_420' title='bbox 731 4285 763 4337; x_wconf 92' lang='lat' dir='ltr'><strong>ct</strong></span> <span class='ocrx_word' id='word_1_421' title='bbox 781 4296 840 4361; x_wconf 90' lang='lat' dir='ltr'><strong>pro</strong></span> <span class='ocrx_word' id='word_1_422' title='bbox 859 4275 893 4337; x_wconf 94' lang='lat' dir='ltr'><strong>in</strong></span> <span class='ocrx_word' id='word_1_423' title='bbox 912 4284 1077 4360; x_wconf 87' lang='lat' dir='ltr'><strong>posterum</strong></span> <span class='ocrx_word' id='word_1_424' title='bbox 1096 4272 1334 4337; x_wconf 87' lang='lat' dir='ltr'><strong>recordandum</strong></span> <span class='ocrx_word' id='word_1_425' title='bbox 1354 4273 1440 4337; x_wconf 89' lang='lat' dir='ltr'><strong>hunc</strong></span> <span class='ocrx_word' id='word_1_426' title='bbox 1460 4274 1581 4337; x_wconf 88' lang='lat' dir='ltr'><strong>noticia</strong></span> <span class='ocrx_word' id='word_1_427' title='bbox 1600 4273 1735 4339; x_wconf 90' lang='lat' dir='ltr'><strong>iudicati</strong></span> <span class='ocrx_word' id='word_1_428' title='bbox 1755 4275 1903 4362; x_wconf 68' lang='lat' dir='ltr'><strong>scripsil.</strong></span> 
     </span>
     <span class='ocr_line' id='line_1_37' title="bbox 249 4380 1905 4469; baseline 0 -22"><span class='ocrx_word' id='word_1_429' title='bbox 249 4382 339 4469; x_wconf 73' lang='lat' dir='ltr'><strong>Ego¹</strong></span> <span class='ocrx_word' id='word_1_430' title='bbox 364 4383 455 4447; x_wconf 86' lang='lat' dir='ltr'><strong>Aczo</strong></span> <span class='ocrx_word' id='word_1_431' title='bbox 485 4383 631 4446; x_wconf 90' lang='lat' dir='ltr'><strong>notarius</strong></span> <span class='ocrx_word' id='word_1_432' title='bbox 661 4392 694 4445; x_wconf 88' lang='lat' dir='ltr'><strong>et</strong></span> <span class='ocrx_word' id='word_1_433' title='bbox 723 4380 876 4445; x_wconf 87' lang='lat' dir='ltr'><strong>scabinus</strong></span> <span class='ocrx_word' id='word_1_434' title='bbox 901 4380 941 4445; x_wconf 91' lang='lat' dir='ltr'><strong>de</strong></span> <span class='ocrx_word' id='word_1_435' title='bbox 966 4380 1052 4444; x_wconf 90' lang='lat' dir='ltr'><strong>dicto</strong></span> <span class='ocrx_word' id='word_1_436' title='bbox 1077 4380 1187 4444; x_wconf 92' lang='lat' dir='ltr'><strong>domni</strong></span> <span class='ocrx_word' id='word_1_437' title='bbox 1211 4380 1430 4444; x_wconf 70' lang='lat' dir='ltr'><strong>serenissimi*</strong></span> <span class='ocrx_word' id='word_1_438' title='bbox 1454 4381 1659 4467; x_wconf 87' lang='lat' dir='ltr'><strong>imperatoris</strong></span> <span class='ocrx_word' id='word_1_439' title='bbox 1684 4381 1780 4446; x_wconf 88' lang='lat' dir='ltr'><strong>etde</strong></span> <span class='ocrx_word' id='word_1_440' title='bbox 1804 4404 1905 4469; x_wconf 88' lang='lat' dir='ltr'><strong>supra</strong></span> 
     </span>
     <span class='ocr_line' id='line_1_38' title="bbox 249 4485 1905 4575; baseline -0.001 -21"><span class='ocrx_word' id='word_1_441' title='bbox 249 4492 370 4575; x_wconf 89' lang='lat' dir='ltr'><strong>scripto</strong></span> <span class='ocrx_word' id='word_1_442' title='bbox 395 4487 588 4554; x_wconf 85' lang='lat' dir='ltr'><strong>cancellario</strong></span> <span class='ocrx_word' id='word_1_443' title='bbox 619 4488 782 4575; x_wconf 91' lang='lat' dir='ltr'><strong>episcopis</strong></span> <span class='ocrx_word' id='word_1_444' title='bbox 812 4498 845 4552; x_wconf 87' lang='lat' dir='ltr'><strong>et</strong></span> <span class='ocrx_word' id='word_1_445' title='bbox 875 4485 1047 4551; x_wconf 88' lang='lat' dir='ltr'><strong>comitibus</strong></span> <span class='ocrx_word' id='word_1_446' title='bbox 1078 4498 1111 4551; x_wconf 89' lang='lat' dir='ltr'><strong>et</strong></span> <span class='ocrx_word' id='word_1_447' title='bbox 1140 4487 1246 4551; x_wconf 90' lang='lat' dir='ltr'><strong>iudice</strong></span> <span class='ocrx_word' id='word_1_448' title='bbox 1277 4498 1311 4551; x_wconf 90' lang='lat' dir='ltr'><strong>et</strong></span> <span class='ocrx_word' id='word_1_449' title='bbox 1337 4485 1433 4551; x_wconf 91' lang='lat' dir='ltr'><strong>bonis</strong></span> <span class='ocrx_word' id='word_1_450' title='bbox 1461 4485 1645 4552; x_wconf 87' lang='lat' dir='ltr'><strong>hominibus</strong></span> <span class='ocrx_word' id='word_1_451' title='bbox 1669 4487 1755 4553; x_wconf 90' lang='lat' dir='ltr'><strong>hunc</strong></span> <span class='ocrx_word' id='word_1_452' title='bbox 1782 4490 1905 4554; x_wconf 89' lang='lat' dir='ltr'><strong>noticia</strong></span> 
     </span>
     <span class='ocr_line' id='line_1_39' title="bbox 249 4593 1736 4685; baseline -0.009 -24"><span class='ocrx_word' id='word_1_453' title='bbox 249 4596 384 4661; x_wconf 85' lang='lat' dir='ltr'><strong>iudicati</strong></span> <span class='ocrx_word' id='word_1_454' title='bbox 408 4596 522 4685; x_wconf 91' lang='lat' dir='ltr'><strong>scripsi</strong></span> <span class='ocrx_word' id='word_1_455' title='bbox 546 4606 579 4659; x_wconf 93' lang='lat' dir='ltr'><strong>et</strong></span> <span class='ocrx_word' id='word_1_456' title='bbox 602 4593 647 4659; x_wconf 93' lang='lat' dir='ltr'><strong>ibi</strong></span> <span class='ocrx_word' id='word_1_457' title='bbox 672 4595 728 4658; x_wconf 90' lang='lat' dir='ltr'><strong>fui.</strong></span> <span class='ocrx_word' id='word_1_458' title='bbox 1734 4678 1736 4683; x_wconf 23' lang='grc' dir='ltr'>Ι</span> 
     </span>
     <span class='ocr_line' id='line_1_40' title="bbox 355 4718 1903 4786; baseline -0.001 0"><span class='ocrx_word' id='word_1_459' title='bbox 355 4721 452 4786; x_wconf 87' lang='lat' dir='ltr'><strong>Anno</strong></span> <span class='ocrx_word' id='word_1_460' title='bbox 476 4719 518 4784; x_wconf 90' lang='lat' dir='ltr'><strong>ab</strong></span> <span class='ocrx_word' id='word_1_461' title='bbox 541 4720 771 4785; x_wconf 87' lang='lat' dir='ltr'><strong>incarnacione</strong></span> <span class='ocrx_word' id='word_1_462' title='bbox 795 4719 918 4784; x_wconf 91' lang='lat' dir='ltr'><strong>domini</strong></span> <span class='ocrx_word' id='word_1_463' title='bbox 940 4719 1042 4783; x_wconf 89' lang='lat' dir='ltr'><strong>nostri</strong></span> <span class='ocrx_word' id='word_1_464' title='bbox 1064 4718 1141 4783; x_wconf 90' lang='lat' dir='ltr'><strong>Iesu</strong></span> <span class='ocrx_word' id='word_1_465' title='bbox 1160 4718 1282 4784; x_wconf 83' lang='lat' dir='ltr'><strong>Christi</strong></span> <span class='ocrx_word' id='word_1_466' title='bbox 1301 4731 1376 4784; x_wconf 88' lang='lat' dir='ltr'><strong>sunt</strong></span> <span class='ocrx_word' id='word_1_467' title='bbox 1393 4718 1563 4784; x_wconf 89' lang='lat' dir='ltr'><strong>millesimo</strong></span> <span class='ocrx_word' id='word_1_468' title='bbox 1583 4721 1739 4785; x_wconf 89' lang='lat' dir='ltr'><strong>vicesimo</strong></span> <span class='ocrx_word' id='word_1_469' title='bbox 1759 4720 1903 4786; x_wconf 87' lang='lat' dir='ltr'><strong>secundo</strong></span> 
     </span>
     <span class='ocr_line' id='line_1_41' title="bbox 203 4826 1903 4915; baseline -0.001 -22"><span class='ocrx_word' id='word_1_470' title='bbox 203 4854 232 4893; x_wconf 80' lang='grc' dir='ltr'>ιο</span> <span class='ocrx_word' id='word_1_471' title='bbox 250 4839 283 4894; x_wconf 90' lang='lat' dir='ltr'><strong>et</strong></span> <span class='ocrx_word' id='word_1_472' title='bbox 304 4830 485 4915; x_wconf 88' lang='lat' dir='ltr'><strong>imperante</strong></span> <span class='ocrx_word' id='word_1_473' title='bbox 509 4826 627 4892; x_wconf 88' lang='lat' dir='ltr'><strong>domno</strong></span> <span class='ocrx_word' id='word_1_474' title='bbox 650 4827 795 4892; x_wconf 89' lang='lat' dir='ltr'><strong>chrico</strong></span> <span class='ocrx_word' id='word_1_475' title='bbox 819 4826 1047 4891; x_wconf 78' lang='lat' dir='ltr'><strong>serenissimo⁸</strong></span> <span class='ocrx_word' id='word_1_476' title='bbox 1069 4827 1266 4913; x_wconf 88' lang='lat' dir='ltr'><strong>imperatore</strong></span> <span class='ocrx_word' id='word_1_477' title='bbox 1297 4838 1435 4912; x_wconf 83' lang='lat' dir='ltr'><strong>augusto</strong></span> <span class='ocrx_word' id='word_1_478' title='bbox 1466 4849 1550 4892; x_wconf 84' lang='lat' dir='ltr'><strong>anno</strong></span> <span class='ocrx_word' id='word_1_479' title='bbox 1582 4827 1710 4914; x_wconf 90' lang='lat' dir='ltr'><strong>imperii</strong></span> <span class='ocrx_word' id='word_1_480' title='bbox 1740 4828 1810 4893; x_wconf 89' lang='lat' dir='ltr'><strong>eius</strong></span> <span class='ocrx_word' id='word_1_481' title='bbox 1841 4826 1903 4892; x_wconf 90' lang='lat' dir='ltr'><strong>deo</strong></span> 
     </span>
     <span class='ocr_line' id='line_1_42' title="bbox 249 4932 1904 5023; baseline -0.002 -22"><span class='ocrx_word' id='word_1_482' title='bbox 249 4937 396 5023; x_wconf 90' lang='lat' dir='ltr'><strong>propicio</strong></span> <span class='ocrx_word' id='word_1_483' title='bbox 419 4937 454 4999; x_wconf 91' lang='lat' dir='ltr'><strong>in</strong></span> <span class='ocrx_word' id='word_1_484' title='bbox 472 4933 568 4999; x_wconf 83' lang='lat' dir='ltr'><strong>Italia</strong></span> <span class='ocrx_word' id='word_1_485' title='bbox 586 4946 702 4999; x_wconf 86' lang='lat' dir='ltr'><strong>octavo</strong></span> <span class='ocrx_word' id='word_1_486' title='bbox 725 4944 757 4999; x_wconf 92' lang='lat' dir='ltr'><strong>et</strong></span> <span class='ocrx_word' id='word_1_487' title='bbox 776 4933 846 4998; x_wconf 92' lang='lat' dir='ltr'><strong>dies</strong></span> <span class='ocrx_word' id='word_1_488' title='bbox 869 4955 982 4998; x_wconf 89' lang='lat' dir='ltr'><strong>mense</strong></span> <span class='ocrx_word' id='word_1_489' title='bbox 1005 4932 1088 4998; x_wconf 86' lang='lat' dir='ltr'><strong>febr.</strong></span> <span class='ocrx_word' id='word_1_490' title='bbox 1108 4956 1169 5021; x_wconf 91' lang='lat' dir='ltr'><strong>per</strong></span> <span class='ocrx_word' id='word_1_491' title='bbox 1191 4933 1408 4999; x_wconf 89' lang='lat' dir='ltr'><strong>indiccionem</strong></span> <span class='ocrx_word' id='word_1_492' title='bbox 1433 4944 1597 5021; x_wconf 75' lang='lat' dir='ltr'><strong>quartam3</strong></span> <span class='ocrx_word' id='word_1_493' title='bbox 1621 4944 1730 4999; x_wconf 90' lang='lat' dir='ltr'><strong>actum</strong></span> <span class='ocrx_word' id='word_1_494' title='bbox 1752 4934 1788 4998; x_wconf 94' lang='lat' dir='ltr'><strong>in</strong></span> <span class='ocrx_word' id='word_1_495' title='bbox 1811 4936 1904 4999; x_wconf 92' lang='lat' dir='ltr'><strong>terri·</strong></span> 
     </span>
     <span class='ocr_line' id='line_1_43' title="bbox 249 5040 902 5123; baseline -0.002 -17"><span class='ocrx_word' id='word_1_496' title='bbox 249 5043 333 5106; x_wconf 90' lang='lat' dir='ltr'><strong>torio</strong></span> <span class='ocrx_word' id='word_1_497' title='bbox 355 5042 606 5123; x_wconf 82' lang='lat' dir='ltr'><strong>Beneuentan03</strong></span> <span class='ocrx_word' id='word_1_498' title='bbox 635 5040 773 5106; x_wconf 85' lang='lat' dir='ltr'><strong>feliciter</strong></span> <span class='ocrx_word' id='word_1_499' title='bbox 795 5062 902 5105; x_wconf 85' lang='lat' dir='ltr'><strong>amen.</strong></span> 
     </span>
    </p>
   </div>
   <div class='ocr_carea' id='block_1_3' title="bbox 204 5163 1906 5573">
    <p class='ocr_par' dir='ltr' id='par_1_3' title="bbox 357 5163 1905 5254">
     <span class='ocr_line' id='line_1_44' title="bbox 357 5163 1905 5254; baseline 0 -24"><span class='ocrx_word' id='word_1_500' title='bbox 357 5165 530 5230; x_wconf 86' lang='lat' dir='ltr'><strong>Theiricus</strong></span> <span class='ocrx_word' id='word_1_501' title='bbox 561 5165 774 5229; x_wconf 87' lang='lat' dir='ltr'><strong>cancellarius</strong></span> <span class='ocrx_word' id='word_1_502' title='bbox 804 5164 937 5229; x_wconf 90' lang='lat' dir='ltr'><strong>interfui</strong></span> <span class='ocrx_word' id='word_1_503' title='bbox 967 5176 1000 5229; x_wconf 89' lang='lat' dir='ltr'><strong>et</strong></span> <span class='ocrx_word' id='word_1_504' title='bbox 1030 5163 1218 5253; x_wconf 89' lang='lat' dir='ltr'><strong>subscripsi.</strong></span> <span class='ocrx_word' id='word_1_505' title='bbox 1264 5165 1333 5229; x_wconf 92' lang='lat' dir='ltr'><strong>Leo</strong></span> <span class='ocrx_word' id='word_1_506' title='bbox 1357 5187 1471 5229; x_wconf 89' lang='lat' dir='ltr'><strong>servus</strong></span> <span class='ocrx_word' id='word_1_507' title='bbox 1494 5164 1651 5229; x_wconf 74' lang='lat' dir='ltr'><strong>Eusebiil</strong></span> <span class='ocrx_word' id='word_1_508' title='bbox 1675 5166 1847 5254; x_wconf 90' lang='lat' dir='ltr'><strong>episcopus</strong></span> <span class='ocrx_word' id='word_1_509' title='bbox 1871 5178 1905 5230; x_wconf 90' lang='lat' dir='ltr'><strong>ct</strong></span> 
     </span>
    </p>

    <p class='ocr_par' dir='ltr' id='par_1_4' title="bbox 250 5270 1905 5360">
     <span class='ocr_line' id='line_1_45' title="bbox 250 5270 1905 5360; baseline 0 -23"><span class='ocrx_word' id='word_1_510' title='bbox 250 5274 367 5341; x_wconf 88' lang='lat' dir='ltr'><strong>missus</strong></span> <span class='ocrx_word' id='word_1_511' title='bbox 396 5272 619 5360; x_wconf 87' lang='lat' dir='ltr'><strong>imperatoris¹</strong></span> <span class='ocrx_word' id='word_1_512' title='bbox 649 5270 741 5337; x_wconf 84' lang='lat' dir='ltr'><strong>affuit</strong></span> <span class='ocrx_word' id='word_1_513' title='bbox 771 5272 918 5337; x_wconf 91' lang='lat' dir='ltr'><strong>decrevit</strong></span> <span class='ocrx_word' id='word_1_514' title='bbox 948 5285 981 5336; x_wconf 91' lang='lat' dir='ltr'><strong>et</strong></span> <span class='ocrx_word' id='word_1_515' title='bbox 1010 5272 1043 5337; x_wconf 90' lang='lat' dir='ltr'><strong>in</strong></span> <span class='ocrx_word' id='word_1_516' title='bbox 1074 5284 1221 5337; x_wconf 87' lang='lat' dir='ltr'><strong>eternum</strong></span> <span class='ocrx_word' id='word_1_517' title='bbox 1250 5270 1361 5337; x_wconf 90' lang='lat' dir='ltr'><strong>valere</strong></span> <span class='ocrx_word' id='word_1_518' title='bbox 1391 5272 1548 5358; x_wconf 87' lang='lat' dir='ltr'><strong>precepit.</strong></span> <span class='ocrx_word' id='word_1_519' title='bbox 1595 5271 1777 5359; x_wconf 80' lang='lat' dir='ltr'><strong>†Signum</strong></span> <span class='ocrx_word' id='word_1_520' title='bbox 1806 5296 1905 5338; x_wconf 89' lang='lat' dir='ltr'><strong>manu</strong></span> 
     </span>
    </p>

    <p class='ocr_par' dir='ltr' id='par_1_5' title="bbox 204 5375 1906 5573">
     <span class='ocr_line' id='line_1_46' title="bbox 204 5375 1906 5465; baseline 0.001 -20"><span class='ocrx_word' id='word_1_521' title='bbox 204 5405 232 5445; x_wconf 83' lang='grc' dir='ltr'>ιε</span> <span class='ocrx_word' id='word_1_522' title='bbox 251 5379 397 5445; x_wconf 82' lang='lat' dir='ltr'><strong>Bezelini</strong></span> <span class='ocrx_word' id='word_1_523' title='bbox 421 5381 547 5445; x_wconf 90' lang='lat' dir='ltr'><strong>comitis</strong></span> <span class='ocrx_word' id='word_1_524' title='bbox 569 5379 617 5443; x_wconf 89' lang='lat' dir='ltr'><strong>ibi</strong></span> <span class='ocrx_word' id='word_1_525' title='bbox 640 5379 697 5443; x_wconf 86' lang='lat' dir='ltr'><strong>fui.</strong></span> <span class='ocrx_word' id='word_1_526' title='bbox 735 5378 909 5464; x_wconf 80' lang='lat' dir='ltr'><strong>†Signum</strong></span> <span class='ocrx_word' id='word_1_527' title='bbox 932 5402 1032 5443; x_wconf 88' lang='lat' dir='ltr'><strong>manu</strong></span> <span class='ocrx_word' id='word_1_528' title='bbox 1051 5379 1189 5444; x_wconf 79' lang='lat' dir='ltr'><strong>Arnonii</strong></span> <span class='ocrx_word' id='word_1_529' title='bbox 1213 5380 1268 5465; x_wconf 92' lang='lat' dir='ltr'><strong>qui</strong></span> <span class='ocrx_word' id='word_1_530' title='bbox 1291 5375 1337 5441; x_wconf 93' lang='lat' dir='ltr'><strong>ibi</strong></span> <span class='ocrx_word' id='word_1_531' title='bbox 1361 5377 1432 5442; x_wconf 87' lang='lat' dir='ltr'><strong>fuit.</strong></span> <span class='ocrx_word' id='word_1_532' title='bbox 1471 5376 1620 5464; x_wconf 82' lang='lat' dir='ltr'><strong>Adelgisi</strong></span> <span class='ocrx_word' id='word_1_533' title='bbox 1643 5378 1752 5444; x_wconf 91' lang='lat' dir='ltr'><strong>iudice</strong></span> <span class='ocrx_word' id='word_1_534' title='bbox 1776 5377 1821 5443; x_wconf 90' lang='lat' dir='ltr'><strong>ibi</strong></span> <span class='ocrx_word' id='word_1_535' title='bbox 1845 5379 1906 5447; x_wconf 89' lang='lat' dir='ltr'><strong>fui.</strong></span> 
     </span>
     <span class='ocr_line' id='line_1_47' title="bbox 251 5482 1858 5573; baseline -0.002 -19"><span class='ocrx_word' id='word_1_536' title='bbox 251 5484 424 5573; x_wconf 68' lang='lat' dir='ltr'><strong>&#39;ssignum</strong></span> <span class='ocrx_word' id='word_1_537' title='bbox 448 5496 547 5551; x_wconf 81' lang='lat' dir='ltr'><strong>manu</strong></span> <span class='ocrx_word' id='word_1_538' title='bbox 568 5486 682 5551; x_wconf 79' lang='lat' dir='ltr'><strong>Attoni</strong></span> <span class='ocrx_word' id='word_1_539' title='bbox 706 5487 832 5551; x_wconf 88' lang='lat' dir='ltr'><strong>comitis</strong></span> <span class='ocrx_word' id='word_1_540' title='bbox 856 5486 913 5573; x_wconf 88' lang='lat' dir='ltr'><strong>qui</strong></span> <span class='ocrx_word' id='word_1_541' title='bbox 936 5484 981 5550; x_wconf 91' lang='lat' dir='ltr'><strong>ibi</strong></span> <span class='ocrx_word' id='word_1_542' title='bbox 1005 5486 1076 5551; x_wconf 86' lang='lat' dir='ltr'><strong>fuit.</strong></span> <span class='ocrx_word' id='word_1_543' title='bbox 1125 5486 1300 5571; x_wconf 83' lang='lat' dir='ltr'><strong>†Signum</strong></span> <span class='ocrx_word' id='word_1_544' title='bbox 1323 5506 1421 5549; x_wconf 87' lang='lat' dir='ltr'><strong>rnanu</strong></span> <span class='ocrx_word' id='word_1_545' title='bbox 1443 5482 1616 5551; x_wconf 89' lang='lat' dir='ltr'><strong>Benedicti</strong></span> <span class='ocrx_word' id='word_1_546' title='bbox 1640 5485 1696 5572; x_wconf 89' lang='lat' dir='ltr'><strong>qui</strong></span> <span class='ocrx_word' id='word_1_547' title='bbox 1718 5484 1765 5551; x_wconf 93' lang='lat' dir='ltr'><strong>ibi</strong></span> <span class='ocrx_word' id='word_1_548' title='bbox 1788 5487 1858 5551; x_wconf 89' lang='lat' dir='ltr'><strong>fuit.</strong></span> 
     </span>
    </p>
   </div>
   <div class='ocr_carea' id='block_1_4' title="bbox 324 5680 1906 5803">
    <p class='ocr_par' dir='ltr' id='par_1_6' title="bbox 324 5680 1906 5803">
     <span class='ocr_line' id='line_1_48' title="bbox 324 5680 1906 5803; baseline -0.001 -67"><span class='ocrx_word' id='word_1_549' title='bbox 324 5680 389 5736; x_wconf 76' lang='lat' dir='ltr'><strong>tet.</strong></span> <span class='ocrx_word' id='word_1_550' title='bbox 413 5682 443 5747; x_wconf 76' lang='lat' dir='ltr'><strong>d)</strong></span> <span class='ocrx_word' id='word_1_551' title='bbox 463 5682 531 5746; x_wconf 69' lang='lat' dir='ltr'><strong>fehlt</strong></span> <span class='ocrx_word' id='word_1_552' title='bbox 550 5685 621 5734; x_wconf 71' lang='grc' dir='ltr'>εἰιΑ</span> <span class='ocrx_word' id='word_1_553' title='bbox 702 5694 730 5747; x_wconf 74' lang='lat' dir='ltr'><strong>ey</strong></span> <span class='ocrx_word' id='word_1_554' title='bbox 757 5681 815 5749; x_wconf 88' lang='lat' dir='ltr'><strong>ipss</strong></span> <span class='ocrx_word' id='word_1_555' title='bbox 832 5680 890 5748; x_wconf 89' lang='lat' dir='ltr'><strong>ipse</strong></span> <span class='ocrx_word' id='word_1_556' title='bbox 903 5682 927 5731; x_wconf 81' lang='grc' dir='ltr'><em>Α</em></span> <span class='ocrx_word' id='word_1_557' title='bbox 1008 5680 1047 5803; x_wconf 58' lang='lat' dir='ltr'><strong>fl*</strong></span> <span class='ocrx_word' id='word_1_558' title='bbox 1061 5680 1245 5733; x_wconf 85' lang='lat' dir='ltr'><strong>sanctissimus</strong></span> <span class='ocrx_word' id='word_1_559' title='bbox 1264 5680 1341 5747; x_wconf 72' lang='lat' dir='ltr'><strong>(bier</strong></span> <span class='ocrx_word' id='word_1_560' title='bbox 1358 5680 1629 5746; x_wconf 60' lang='lat' dir='ltr'><strong>ausyoechrs’ebenm</strong></span> <span class='ocrx_word' id='word_1_561' title='bbox 1708 5684 1738 5750; x_wconf 84' lang='lat' dir='ltr'><strong>g)</strong></span> <span class='ocrx_word' id='word_1_562' title='bbox 1761 5681 1864 5735; x_wconf 86' lang='lat' dir='ltr'><strong>faciens</strong></span> <span class='ocrx_word' id='word_1_563' title='bbox 1881 5686 1906 5735; x_wconf 75' lang='lat' dir='ltr'><em>A</em></span> 
     </span>
    </p>
   </div>
   <div class='ocr_carea' id='block_1_5' title="bbox 412 5752 1001 5878">
    <p class='ocr_par' dir='ltr' id='par_1_7' title="bbox 412 5752 1001 5878">
     <span class='ocr_line' id='line_1_49' title="bbox 412 5752 1001 5878; baseline -0.003 -72"><span class='ocrx_word' id='word_1_564' title='bbox 412 5752 442 5819; x_wconf 87' lang='lat' dir='ltr'><strong>b)</strong></span> <span class='ocrx_word' id='word_1_565' title='bbox 457 5758 522 5806; x_wconf 68' lang='lat' dir='ltr'><strong>emt</strong></span> <span class='ocrx_word' id='word_1_566' title='bbox 539 5753 636 5878; x_wconf 70' lang='lat' dir='ltr'><strong>scrippi</strong></span> <span class='ocrx_word' id='word_1_567' title='bbox 654 5758 776 5805; x_wconf 68' lang='lat' dir='ltr'><strong>munet</strong></span> <span class='ocrx_word' id='word_1_568' title='bbox 795 5769 858 5803; x_wconf 80' lang='lat' dir='ltr'><strong>mon</strong></span> <span class='ocrx_word' id='word_1_569' title='bbox 880 5753 941 5804; x_wconf 80' lang='lat' dir='ltr'><strong>hier</strong></span> <span class='ocrx_word' id='word_1_570' title='bbox 957 5752 1001 5804; x_wconf 70' lang='lat' dir='ltr'><strong>die</strong></span> 
     </span>
    </p>
   </div>
   <div class='ocr_carea' id='block_1_6' title="bbox 413 5751 1907 5892">
    <p class='ocr_par' dir='ltr' id='par_1_8' title="bbox 413 5751 1907 5892">
     <span class='ocr_line' id='line_1_50' title="bbox 1042 5751 1907 5823; baseline 0.005 -20"><span class='ocrx_word' id='word_1_571' title='bbox 1042 5752 1126 5803; x_wconf 66' lang='lat' dir='ltr'><strong>mma!</strong></span> <span class='ocrx_word' id='word_1_572' title='bbox 1142 5753 1187 5806; x_wconf 77' lang='lat' dir='ltr'><strong>des</strong></span> <span class='ocrx_word' id='word_1_573' title='bbox 1203 5751 1529 5816; x_wconf 57' lang='lat' dir='ltr'><strong>&amp;urkundunysbesehb</strong></span> <span class='ocrx_word' id='word_1_574' title='bbox 1549 5753 1599 5819; x_wconf 74' lang='lat'><strong>091.</strong></span> <span class='ocrx_word' id='word_1_575' title='bbox 1617 5754 1653 5809; x_wconf 87' lang='lat' dir='ltr'><strong>D.</strong></span> <span class='ocrx_word' id='word_1_576' title='bbox 1665 5755 1717 5805; x_wconf 75' lang='lat' dir='ltr'><strong>sot</strong></span> <span class='ocrx_word' id='word_1_577' title='bbox 1772 5753 1793 5819; x_wconf 88' lang='lat' dir='ltr'><strong>i)</strong></span> <span class='ocrx_word' id='word_1_578' title='bbox 1814 5771 1868 5823; x_wconf 89' lang='lat' dir='ltr'><strong>equ</strong></span> <span class='ocrx_word' id='word_1_579' title='bbox 1880 5758 1907 5807; x_wconf 76' lang='lat' dir='ltr'><em>A</em></span> 
     </span>
     <span class='ocr_line' id='line_1_51' title="bbox 413 5822 1028 5892; baseline 0.002 -15"><span class='ocrx_word' id='word_1_580' title='bbox 413 5824 443 5891; x_wconf 82' lang='lat' dir='ltr'><strong>k)</strong></span> <span class='ocrx_word' id='word_1_581' title='bbox 463 5823 576 5878; x_wconf 82' lang='lat' dir='ltr'><strong>Eusebii</strong></span> <span class='ocrx_word' id='word_1_582' title='bbox 619 5823 727 5877; x_wconf 84' lang='lat' dir='ltr'><strong>usebius</strong></span> <span class='ocrx_word' id='word_1_583' title='bbox 740 5828 764 5876; x_wconf 76' lang='lat' dir='ltr'><em>A</em></span> <span class='ocrx_word' id='word_1_584' title='bbox 837 5822 857 5891; x_wconf 89' lang='lat' dir='ltr'><strong>l)</strong></span> <span class='ocrx_word' id='word_1_585' title='bbox 873 5822 983 5892; x_wconf 88' lang='lat' dir='ltr'><strong>imperii</strong></span> <span class='ocrx_word' id='word_1_586' title='bbox 994 5825 1028 5878; x_wconf 74' lang='lat' dir='ltr'><strong>A.</strong></span> 
     </span>
    </p>
   </div>
   <div class='ocr_carea' id='block_1_7' title="bbox 1639 5935 1691 5986">
    <p class='ocr_par' dir='ltr' id='par_1_9' title="bbox 1639 5935 1691 5986">
     <span class='ocr_line' id='line_1_52' title="bbox 1639 5935 1691 5986; baseline -0.019 0"><span class='ocrx_word' id='word_1_587' title='bbox 1639 5935 1691 5986; x_wconf 73' lang='grc'><strong>75*</strong></span> 
     </span>
    </p>
   </div>
   <div class='ocr_carea' id='block_1_8' title="bbox 0 0 2431 6484">
    <p class='ocr_par' dir='ltr' id='par_1_10' title="bbox 0 0 2431 6484">
     <span class='ocr_line' id='line_1_53' title="bbox 0 0 2431 6484; baseline 0 0"><span class='ocrx_word' id='word_1_588' title='bbox 0 0 2431 6484; x_wconf 95' lang='lat' dir='ltr'><strong> </strong></span> 
     </span>
    </p>
   </div>
  </div>
 </body>
</html>
