4760 6512
603 433 669 493 290
1204 440 1667 499 KAISERURKUNDEN.

603 628 659 712 qui
683 637 733 690 est
756 627 790 690 in
813 627 941 713 prefata
962 626 1047 692 valle
1071 628 1223 692 Ranasca
1246 630 1466 709 coustitutum,
1496 627 1616 692 deinde
1640 627 1683 693 ad
1705 629 1810 715 ripam
1835 628 1942 692 Ticini
1966 626 2023 692 ubi
2047 628 2091 693 ad
2112 627 2241 691 Baream

603 732 757 797 Rodolosi
781 732 901 798 dieittu
923 758 957 798 se
981 736 1128 821 porrigit,
1160 734 1278 799 dehinc
1309 757 1439 822 quoque
1462 733 1548 799 ultra
1571 735 1719 822 citraque
1743 734 1896 800 Ticinum
1918 736 2082 800 transiens
2105 735 2197 799 certis
2216 746 2242 796 et

603 839 820 926 preordinatis
856 841 1001 904 terminia
1033 841 1195 927 prefatam
1224 853 1343 906 terram
1374 843 1629 928 circumquaque
1663 843 1837 923 connectit,
1870 864 1945 906 cnm
1975 840 2126 905 omnibns
2155 840 2242 927 pratis

603 948 734 1032 pascuis
764 949 858 1034 aquis
893 970 1115 1036 aquarumque
1151 947 1343 1013 decursibus
1377 946 1618 1034 piscacionibus
1653 948 1744 1012 silvis
1779 949 1875 1013 terris
1909 946 2005 1012 cultis
2039 946 2094 1011 vel
2127 945 2242 1011 incultis

604 1051 739 1139 rupibus
762 1055 841 1140 ripis
865 1052 1079 1141 omnibusque
1104 1077 1216 1118 eorum
1239 1056 1443 1142 pertinentiis
1466 1055 1501 1119 in
1523 1056 1735 1141 integrum.)
1781 1056 2007 1141 Precipientes
2037 1056 2139 1141 igitur
2166 1050 2270 1119 iubes

604 1183 685 1242 mus,
709 1172 744 1224 ut
767 1160 874 1225 nullus
898 1160 965 1225 dux
988 1161 1133 1226 marchio
1157 1184 1267 1226 comes
1290 1163 1474 1227 vicecomes
1498 1172 1555 1226 aut
1578 1161 1689 1248 aliqua
1711 1164 1805 1249 regni
1827 1164 1930 1227 nostri
1948 1184 2071 1249 magna
2090 1181 2243 1248 parvaque

602 1289 744 1352 persona
765 1266 948 1352 predictum
970 1269 1203 1333 monasterium
1222 1267 1264 1332 de
1284 1266 1434 1333 omnibus
1452 1266 1550 1333 rebus
1570 1267 1613 1333 ad
1632 1270 1739 1355 ipsum
1758 1270 1989 1333 monasterium
2007 1265 2244 1355 pertinentibus,

602 1375 686 1437 sicut
709 1374 857 1460 superins
881 1374 1151 1460 comprehensum
1170 1387 1229 1455 est
1254 1374 1425 1439 disvestire
1445 1374 1618 1439 molestare
1636 1375 1689 1439 vel
1710 1377 1893 1463 inquietare
1912 1388 2090 1462 presumat.
2131 1373 2244 1460 Siquis

602 1502 691 1561 vero,
721 1480 810 1566 quod
839 1480 982 1545 futurum
1013 1504 1078 1545 non
1107 1481 1281 1564 credimus,
1311 1482 1406 1546 huius
1430 1484 1531 1546 nostri
1555 1484 1700 1569 precepti
1723 1483 1862 1547 violator
1885 1484 2040 1563 extiterit,
2072 1483 2197 1547 noverit
2217 1502 2245 1542 se

601 1588 855 1673 compositurum
878 1589 949 1651 anri
973 1590 1086 1674 optimi
1110 1586 1211 1652 libras
1234 1602 1375 1670 centnm,
1399 1588 1607 1654 medietatem
1631 1612 1760 1677 camere
1783 1602 1893 1677 nostre
1912 1602 1945 1653 et
1962 1591 2049 1676 parti
2068 1586 2275 1653 monasteriis

601 1693 747 1757 alteram.
801 1693 899 1774 Quod
929 1708 964 1758 ut
993 1695 1103 1758 verius
1134 1693 1287 1759 credatur
1318 1707 1350 1759 et
1382 1694 1571 1781 diligentins
1604 1695 1806 1779 observetur,
1840 1696 1901 1761 hoc
1934 1708 2130 1784 preceptum
2160 1716 2246 1758 mauu

600 1802 734 1886 propria
757 1799 1003 1865 corroborantes
1026 1800 1162 1885 sigillari
1185 1802 1338 1865 iussimus
1362 1814 1428 1878 <et
1446 1817 1572 1882 insigniri
1591 1817 1749 1881 interius>

706 2066 958 2155 {Euerhardus
981 2066 1195 2131 cancellarius
1219 2069 1420 2155 recognovit.
1444 2065 1462 2156 ᾖ

707 2200 831 2265 Datum
849 2223 935 2265 anno
954 2201 1187 2265 incarnationis
1203 2200 1366 2289 dominice
1386 2190 1476 2284 uim,
1500 2202 1678 2268 indictione
1697 2218 1743 2286 xl,
1768 2227 1854 2269 anno
1873 2226 1952 2269 vero
1976 2204 2090 2269 domni
2109 2201 2274 2272 Heinriciu

601 2309 688 2393 regis
712 2307 1112 2393 secundiregnautisX13
1143 2320 1253 2372 actum
1276 2307 1466 2397 Magnnciq3
1498 2310 1647 2375 feliciter.

1380 2608 1472 2695 252.

601 2769 778 2843 Heinrich
812 2770 978 2869 bestu'tipt
1008 2769 1087 2843 dero
1116 2770 1260 2843 Kloster
1286 2769 1534 2870 Seliqenstodt,
1566 2798 1643 2846 was
1673 2772 1745 2845 rtm
1779 2799 1852 2847 voa
1877 2772 1944 2847 der
1970 2773 2147 2849 Matrona
2170 2770 2243 2845 Wil-

600 2888 729 2962 drudia
759 2890 800 2961 in
836 2880 906 2961 den
935 2886 1090 2961 Martae
1119 2914 1188 2961 eon
1214 2889 1304 2963 Dies
1337 2889 1418 2963 und
1442 2890 1640 2964 Braabacb
1665 2891 1746 2964 aad
1775 2893 1815 2965 io
1841 2891 2044 2966 Labostein
2067 2888 2244 2993 pacton

600 3006 748 3081 worden
773 3034 863 3080 war.
1742 3037 1844 3096 Maias
1863 3040 1944 3097 1012
1961 3068 2006 3076 -
2020 3039 2146 3099 ιῙιιιηιαν
2162 3040 2206 3098 30.
2255 3056 2273 3094 a

708 3206 803 3265 Series
831 3207 904 3278 facti
926 3226 989 3265 cum
1018 3207 1183 3266 deductione
1211 3207 1287 3265 iuris
1315 3212 1415 3265 cosdra
1443 3226 1596 3281 prucorum
1620 3207 1782 3266 mrttinuum
1811 3206 1909 3265 ordini
1932 3208 2124 3268 Bertedt'ctiao
2145 3214 2172 3268 et
2190 3224 2240 3266 con·

707 3314 868 3388 preputioui
888 3314 1237 3385 Cassius-Bursseldensi
1259 3314 1372 3372 illatum
1398 3314 1435 3379 (e.
1452 3315 1472 3372 l.
1490 3314 1585 3379 1778)
1604 3316 1646 3371 58
1666 3312 1729 3381 (S).
1754 3343 1797 3351 -
1819 3314 1924 3372 Weaclc
1942 3314 2028 3373 Hess.
2045 3312 2240 3389 11qu

710 3412 755 3491 11',
775 3423 839 3481 280
867 3424 898 3478 n⁰
918 3422 979 3479 368
1005 3422 1079 3480 moll
1105 3440 1158 3479 aas
1188 3419 1212 3478 S
1237 3421 1289 3479 mit
1310 3421 1547 3493 Vertumnus
1577 3441 1618 3466 =
1647 3420 1740 3479 Seuer
1764 3419 1827 3479 01).
1852 3420 1940 3479 Noas.
1962 3423 1990 3491 l,
2005 3423 2044 3480 51
2069 3425 2185 3483 n⁰105.
2205 3445 2241 3458 -·

708 3526 1025 3601 Stampreq.1560.

707 3660 767 3718 Mu
788 3660 956 3736 Beaattunq
978 3661 1029 3719 der
1053 3660 1363 3734 Schenkuuqeurlunde
1388 3660 1440 3718 der
1461 3659 1623 3718 thdrudis
1647 3660 1773 3725 (Weuclt
1796 3660 1880 3719 Heus.
1905 3659 2115 3735 Lundeapasch.
2137 3654 2178 3731 1⁸,
2191 3658 2274 3718 aras

709 3770 740 3825 a⁰
754 3768 828 3833 367)
854 3767 913 3825 aad
934 3768 1009 3826 eima
1031 3768 1194 3826 verloreuea
1215 3766 1444 3841 karolinqisrben
1468 3764 1508 3824 D.
1535 3767 1622 3831 (qu
1647 3786 1699 3825 rou
1720 3766 1844 3841 Ludwiq
1866 3766 1929 3826 dem
1948 3767 2124 3837 Frommen)
2147 3782 2242 3827 mner-

706 3874 773 3933 ltulb
794 3874 847 3933 der
869 3873 992 3934 Kaualet'
1014 3877 1142 3946 eerfumt
1169 3873 1227 3932 uad
1249 3873 1410 3945 jedenfulls
1438 3872 1509 3931 ancl
1539 3872 1731 3946 qasclrieben;
1761 3873 1829 3932 uber
1851 3872 1985 3933 Ecbtlter't
2008 3874 2068 3933 uad
2091 3875 2243 3941 mama

708 3982 761 4055 aql.
779 3981 817 4040 N.
835 3981 945 4039 Archiv
961 3984 1014 4051 22,
1031 3984 1090 4040 189
1104 3982 1138 4055 ff.

707 4140 745 4203 ln
768 4142 898 4206 nomine
923 4154 1033 4205 sancte
1057 4155 1090 4205 et
1113 4139 1281 4204 individue
1306 4139 1468 4202 trinitatis.
1515 4137 1690 4200 Heinricus
1721 4137 1833 4201 divina
1859 4138 1991 4203 favente
2016 4141 2190 4205 clementia
2210 4158 2242 4200 ac

599 4246 768 4311 ordinante
798 4246 1012 4333 providencia
1041 4271 1110 4311 rex.
1224 4245 1260 4309 Si
1290 4244 1503 4309 ecclesiarum
1533 4243 1587 4307 dei
1618 4254 1867 4330 sanctorumque
1898 4245 2034 4310 fratrum
2065 4248 2101 4311 in
2132 4241 2242 4311 domini
2256 4267 2275 4305 a

600 4351 766 4438 obsequiis
789 4353 1018 4418 famulancium
1043 4351 1236 4418 utilitatibus
1260 4351 1429 4415 consulere
1460 4350 1594 4435 dignum
1618 4350 1817 4433 duxerimus,
1849 4351 1891 4416 ad
1922 4364 2034 4418 eterne
2066 4372 2241 4418 remunera·

600 4460 702 4521 sionis
725 4472 934 4544 augmentum
958 4460 1160 4547 profuturum
1184 4457 1278 4522 nobis
1302 4458 1434 4521 minime
1459 4455 1654 4520 dubitamus.
1698 4457 1907 4544 Quapropter
1929 4472 2042 4525 notum
2066 4484 2141 4525 esse
2163 4456 2241 4523 volu-

601 4587 671 4627 mus
695 4567 819 4628 cunctis
843 4578 954 4629 sancte
979 4566 1117 4630 ecclesie
1142 4563 1292 4629 fidelibus
1323 4564 1505 4648 nostrisque
1535 4562 1741 4648 presentibus
1772 4564 1917 4629 scilicet*
1942 4578 1975 4629 et
2005 4566 2135 4650 futuris,
2164 4560 2242 4652 quod

600 4672 769 4734 vernentes
804 4693 846 4734 ex
877 4673 1073 4736 monasterio
1107 4670 1292 4757 Selgcnstat
1325 4669 1441 4733 fratres
1476 4669 1682 4733 innotuerunt
1716 4669 1935 4736 dominacioni
1967 4686 2095 4753 nostre,
2134 4683 2242 4752 «quattus

507 4792 511 4799 ’
600 4776 758 4862 quasdam
791 4799 843 4840 res
876 4790 909 4841 et
939 4779 1161 4865 possessiones
1191 4775 1349 4840 haberent
1383 4798 1426 4839 ex
1461 4774 1641 4839 donacione
1675 4776 1845 4841 cuiusdam
1875 4776 2074 4842 venerabilis
2105 4792 2275 4843 matrones

600 4896 763 4947 Wildrudis
781 4897 813 4947 ct
833 4898 950 4949 Conradi
967 4897 1015 4948 filii
1029 4900 1085 4947 sui:
1105 4914 1212 4948 onlnem
1228 4882 1381 4946 videlicet
1397 4896 1611 4946 decimacionem
1628 4906 1730 4965 suum,
1751 4907 1848 4969 quam
1865 4883 2016 4949 babuerit
2031 4902 2060 4950 in
2077 4895 2242 4951 Dissemrark

599 5014 627 5053 et
645 5006 672 5054 in
694 5005 937 5064 lintbcehermark,
957 5014 985 5055 et
1003 5007 1031 5056 in
1050 5006 1191 5069 Lousteyn
1211 5020 1333 5053 mansum
1353 5012 1452 5053 unum
1472 5002 1504 5052 et
1522 5005 1629 5053 vineam
1650 5013 1747 5053 unam
1767 5012 1794 5054 et
1811 5004 1932 5056 areolam
1952 5022 2043 5067 unum,
2064 4996 2148 5057 etin
2167 4990 2241 5055 silva

599 5130 704 5161 ornnem
734 5113 946 5162 decimacionem
975 5098 1045 5160 sive
1076 5119 1119 5159 ex
1150 5118 1320 5181 porcorum
1355 5096 1465 5180 precio
1497 5096 1566 5159 sive
1600 5118 1641 5159 ex
1674 5096 1845 5161 novalibus
1878 5099 1947 5162 sive
1981 5099 2142 5187 quidquid
2173 5094 2240 5162 inde

598 5203 745 5267 utilitatis
769 5207 802 5267 in
826 5202 971 5289 quolibet
993 5226 1053 5266 usu
1076 5202 1250 5289 provenire
1273 5202 1401 5287 poterit,
1432 5214 1464 5265 et
1494 5225 1536 5264 ex
1567 5214 1656 5265 curte
1687 5202 1885 5268 dominicata
1915 5207 1985 5269 sive
2009 5208 2044 5270 in
2068 5208 2156 5292 agris
2179 5205 2240 5266 sive

599 5312 631 5373 in
656 5312 761 5374 vineis
784 5324 909 5397 partem
934 5307 1130 5391 decimam&
1160 5307 1345 5393 flagitantes
1368 5320 1511 5371 nostram
1536 5307 1758 5391 clemenciam,
1782 5322 1817 5373 ut
1840 5333 1899 5374 nos
1923 5313 2023 5375 etiam
2046 5313 2149 5398 regali
2172 5331 2240 5374 auo·
2254 5330 2274 5366 a

597 5419 726 5481 raritate
757 5430 931 5503 nostroque
967 5430 1121 5502 precepto
1157 5414 1191 5478 id
1225 5417 1331 5500 ipsum
1367 5414 1647 5495 confirmaremus,
1683 5417 1834 5502 quatinus
1869 5418 2032 5482 continuis
2068 5416 2238 5483 diuturnis‘

597 5523 797 5611 temporibus
820 5524 947 5587 firmum
972 5521 1142 5586 constaret
1165 5522 1333 5606 potuisset.
1381 5521 1488 5600 Quam
1518 5523 1706 5585 monasterii
1737 5521 1931 5587 submissam
1962 5523 2239 5612 deprecationeme

667 5719 730 5776 262.
758 5718 905 5789 [Bresalau]
943 5720 969 5783 a)
988 5717 1100 5778 aicius
1165 5715 1194 5783 b)
1212 5720 1290 5783 parte
1309 5715 1415 5767 ‹lecims
1435 5718 1457 5766 S
1518 5720 1544 5771 el
1564 5713 1740 5768 diatomisS
1804 5716 1834 5785 d)
1854 5718 1978 5770 reuma
1997 5736 2032 5771 ru
2051 5720 2195 5774 mbram
2213 5718 2237 5764 fa

756 5791 903 5842 consistere
975 5790 1002 5855 e)
1021 5785 1227 5854 deputatiouem
1247 5787 1269 5837 S
