4836 6492
1130 413 1595 471 KAISERURKUNDEN.

1309 599 1402 687 497.

526 762 708 839 Heinrich
734 764 902 864 beatci‘tipt
926 761 1007 837 dem
1034 761 1181 837 Kloeter
1205 760 1389 837 Murbcclc
1415 760 1488 837 den
1513 761 1750 853 Bceitzstcud
1783 761 1844 836 die
1870 761 2093 856 Immersitcit,
2121 764 2191 840 das

535 881 742 958 Walclrcclrt
764 882 846 958 aad
871 882 931 957 die
956 881 1187 981 Zollfrec'lceit
1210 883 1261 956 im
1286 880 1411 956 Reice.
1692 909 1782 970 ΒΜ
1806 911 1885 969 1023
1908 908 2070 986 &pm
2091 913 2142 971 25,

637 1088 883 1165 Originaldiplcm
906 1090 947 1149 im
968 1088 1044 1149 aaa.
1065 1088 1291 1149 Bezirlcserclriv
1313 1106 1349 1149 ea
1373 1087 1491 1148 Colmm
1516 1089 1588 1155 (ri).

634 1249 768 1310 Martiae
801 1249 882 1309 Thes.
909 1252 937 1321 1,
960 1251 1018 1309 143
1047 1267 1101 1309 aas
1132 1247 1291 1308 Gicrlular
1320 1268 1362 1296 =
1393 1248 1525 1307 Ecltltarl
1557 1247 1639 1323 Oria.
1663 1247 1775 1308 Hubsd.
1800 1250 1860 1308 124
1890 1252 1922 1309 a⁰
1937 1251 1992 1320 11,
2016 1270 2059 1298 =
2090 1249 2223 1326 ,ilignea

637 1356 913 1428 Feretrium
930 1358 1043 1417 a⁰132.
1061 1386 1100 1397 -
1120 1356 1218 1432 Lisia
1237 1355 1305 1415 BA.
1323 1356 1441 1425 19,964
1459 1356 1544 1415 u⁰23
1561 1374 1615 1415 aue
1630 1356 1666 1415 A.
1687 1385 1731 1395 -
1750 1354 1898 1430 Sciiptiia
1912 1357 1976 1417 Ala.
1995 1357 2068 1431 dipl.
2089 1359 2117 1429 1,
2131 1360 2189 1416 150

639 1468 671 1524 u⁰
683 1466 742 1525 190
756 1482 810 1524 ates
825 1465 852 1522 Α
869 1484 911 1511 =
930 1463 1111 1524 Grandide'er
1127 1462 1207 1523 Hier.
1224 1461 1358 1523 d’rllaacc
1374 1454 1420 1533 1³,
1431 1464 1494 1521 217
1513 1464 1544 1521 n⁰
1556 1464 1616 1522 375
1633 1461 1723 1522 Eoelr.
1746 1494 1787 1502 —
1805 1463 1933 1524 Bdisrer·
1949 1463 2021 1540 Bep.
2039 1466 2128 1524 1247.
2144 1495 2188 1504 -

637 1571 762 1647 Stamps
780 1570 852 1647 Rep.
871 1572 959 1631 1813.

636 1734 705 1804 rius
723 1732 814 1791 ciuem
836 1731 927 1791 darei
948 1731 1207 1806 Vereresertipuuq
1229 1731 1278 1790 dee
1295 1729 1513 1807 Moueprcmme
1534 1731 1755 1807 bergericbteteu
1773 1731 1917 1807 Blcuqaet
1934 1733 2112 1808 peecbn'cbeu
2136 1753 2188 1793 cea

639 1839 698 1900 (ΞΒ
721 1838 906 1898 urimitlelbur
928 1838 1001 1898 naci
1023 1839 1086 1898 dere
1109 1837 1179 1898 Do,
1196 1838 1243 1897 ΙΙ.
1262 1839 1328 1898 155.
2206 1864 2232 1904 10

638 2043 697 2115 (C.)
720 2032 738 2124 ff
761 2035 800 2099 Iu
823 2034 955 2099 nomine
979 2044 1112 2099 sanctae
1137 2044 1170 2098 et
1193 2032 1382 2099 individuae
1406 2033 1569 2099 trinitatis.
1615 2034 1792 2100 Heinricus
1822 2034 1936 2100 divina
1964 2034 2097 2102 favente
2124 2037 2187 2102 cle·

529 2143 652 2208 mentia
674 2143 895 2207 Romanorum
918 2142 1097 2228 imperator
1119 2154 1287 2227 augustus.
1379 2157 1407 2207 ai
1428 2160 1515 2221 ergo·
1535 2154 1598 2206 ioca
1618 2151 1742 2220 [cilenis
1762 2156 1883 2207 cultibus
1902 2159 2059 2225 mancipata
2077 2168 2188 2225 propter

529 2281 649 2316 amorem
667 2254 739 2331 idei
758 2265 877 2315 ditamus
897 2270 924 2314 et
943 2265 971 2314 in
991 2264 1093 2315 eisdem
1113 2262 1182 2314 locis
1202 2264 1255 2314 sibi
1274 2263 1471 2315 famulantibus
1491 2263 1624 2314 beneficia
1643 2272 1780 2329 oportuna
1799 2263 1937 2330 largimur,
1956 2268 2088 2332 premium
2108 2268 2187 2319 nobis

529 2371 604 2438 apud
624 2373 705 2424 deum
725 2380 853 2423 aeternae
873 2373 1102 2422 remunerationis
1121 2372 1233 2436 rependi
1253 2371 1423 2422 confidimus.
1460 2372 1580 2422 Proinde
1599 2372 1719 2422 omuium
1738 2370 1860 2422 fidelium
1879 2379 2033 2423 nostrorum
2052 2380 2108 2423 tam
2126 2390 2185 2441 pre·

529 2480 650 2530 sentium
670 2495 751 2544 quam
772 2485 799 2529 et
818 2480 972 2530 futurorum
992 2480 1100 2530 noverit
1118 2473 1294 2538 industriiab,
1320 2480 1386 2544 quia
1411 2479 1454 2529 vir
1478 2476 1644 2530 venerabilis
1664 2463 1905 2550 Degenhurdue
1931 2480 2017 2530 abbas
2042 2498 2076 2531 ex
2096 2493 2229 2533 mona-1⁶

528 2588 615 2638 aterio
634 2586 795 2647 Muorbach,
819 2587 894 2651 quod
921 2594 963 2637 est
989 2594 1176 2638 constructum
1202 2587 1231 2636 in
1256 2587 1359 2637 honora
1385 2592 1497 2637 sanctae
1524 2586 1568 2637 dei
1594 2587 1736 2651 genitricis
1762 2602 1924 2653 semperque
1952 2588 2063 2654 virginis
2082 2589 2186 2640 Mariae

528 2694 674 2759 sanctique
693 2694 768 2744 Petri
788 2694 920 2760 principis
938 2693 1128 2759 apostolorum
1148 2699 1176 2743 et
1194 2694 1282 2743 sancti
1296 2693 1461 2759 Leudegarii
1482 2694 1600 2743 martiris
1620 2700 1648 2743 et
1667 2694 1799 2760 episcopi,
1818 2693 1919 2745 detulit
1931 2695 2073 2746 obtutibus
2086 2697 2186 2746 uostris

529 2803 711 2854 auctoritates
739 2802 933 2852 inmunitatum
962 2801 1054 2852 domni
1079 2787 1208 2852 (ilionis
1232 2784 1369 2851 secundi
1392 2786 1612 2851 Romanorum
1639 2801 1812 2867 imperatoris
1839 2802 1950 2868 augusti
1978 2808 2186 2868 ceterorumque

529 2924 719 2976 precessorum
738 2916 893 2958 nostrerum
914 2923 1009 2972 regum
1028 2907 1135 2958 scilicet
1154 2915 1182 2958 et
1200 2909 1404 2974 imperatorum,
1423 2908 1452 2956 in
1471 2908 1570 2971 quibus
1590 2908 1784 2958 continebatur
1801 2909 1942 2969 insertum,
1961 2908 2080 2974 qualiter
2098 2911 2185 2976 ipsum

529 3016 723 3066 monasterium
750 3030 812 3065 cum
838 3015 921 3064 rebus
946 3021 974 3064 et
1000 3014 1157 3065 bominibus
1183 3015 1238 3064 sibi
1264 3015 1335 3065 iuste
1361 3015 1494 3065 subiectis
1514 3015 1549 3063 ub
1569 3030 1689 3065 amorem
1708 3016 1752 3066 dei
1771 3014 2056 3081 tranquillitatemque
2074 3018 2185 3068 fratrum
2202 3029 2229 3069 to

530 3123 632 3174 ibidem
652 3122 860 3173 consistentium
886 3123 937 3172 sub
958 3122 1117 3188 plenissima
1140 3123 1300 3174 defensione
1320 3139 1414 3173 eorum
1434 3129 1462 3173 et
1480 3122 1659 3173 immunitatis
1677 3123 1794 3173 tuitione
1813 3123 1968 3175 baberetur.
2005 3124 2059 3176 Sed
2078 3141 2128 3192 pro
2147 3127 2185 3176 rei

530 3232 617 3282 totius
636 3230 763 3279 firmitate
784 3231 926 3280 carissima
944 3237 1039 3281 nostra
1055 3229 1219 3283 contectalis
1239 3214 1446 3302 cunigunda,
1470 3229 1638 3295 argentinae
1656 3230 1775 3279 civitatis
1795 3214 2012 3282 werenhario
2030 3235 2185 3285 venerando

531 3339 662 3404 episeopo
690 3338 798 3397 comite,
824 3351 874 3387 noa
900 3335 1061 3403 postulavit,
1088 3344 1119 3389 ut
1144 3339 1335 3389 huiuscemodi
1360 3344 1472 3388 nostrae
1491 3337 1665 3387 arroteritatis
1684 3338 1883 3388 immunitatem
1902 3353 1969 3403 erga
1987 3340 2075 3405 ipsum
2094 3357 2184 3392 mona·

530 3446 642 3496 sterium
669 3445 704 3494 cb
731 3445 911 3495 reverentiam
937 3445 1024 3511 ipsius
1049 3446 1138 3496 sancti
1164 3445 1219 3497 loci
1245 3446 1296 3496 hac
1322 3450 1417 3496 nostra
1443 3460 1636 3496 renovaremus
1662 3450 1746 3508 atque
1771 3444 1992 3496 confirmaremus
2012 3450 2184 3500 auctoritate.

531 3554 589 3604 Nos
608 3569 674 3603 vero
695 3568 789 3602 eorum
809 3552 936 3618 petitioni
957 3569 1006 3619 pro
1026 3554 1070 3603 dei
1090 3570 1183 3604 amore
1203 3560 1231 3603 et
1256 3560 1368 3604 nostrae
1387 3553 1522 3603 mercedis
1541 3559 1688 3617 augmento
1709 3549 1826 3602 libenter
1844 3554 1989 3604 annuimus
2008 3560 2037 3604 et
2054 3556 2106 3607 hoc
2124 3572 2184 3623 pre·
2203 3564 2230 3606 tt

530 3667 640 3727 ceptum
666 3659 730 3710 inde
756 3660 893 3710 conscribi
920 3661 1059 3721 iussimus,
1084 3677 1133 3726 per
1158 3662 1233 3726 quod
1259 3661 1298 3710 eis
1324 3661 1416 3710 omnia
1439 3658 1510 3719 loca,
1537 3674 1606 3723 quae
1627 3657 1669 3708 vel
1690 3665 1812 3723 tempore
1832 3658 1983 3710 Eberhardi
2012 3668 2040 3711 at
2058 3662 2184 3713 Liutfridi

531 3768 626 3819 usibus
646 3783 741 3818 eorum
761 3783 894 3818 concessa
911 3776 974 3819 suut
992 3781 1008 3814 a
1030 3775 1058 3819 et
1077 3769 1157 3820 modo
1177 3769 1206 3818 in
1224 3784 1318 3818 eorum
1336 3767 1471 3817 vestitura
1487 3774 1616 3816 tenentur
1634 3765 1670 3815 ad
1688 3781 1767 3815 sumu
1787 3766 1928 3832 peculiare
1948 3773 2066 3833 atquae
2085 3770 2186 3821 iniuste

529 3876 670 3927 abstractu
688 3882 848 3935 noscuntur,
877 3882 971 3926 nostra
996 3874 1132 3941 imperiali
1156 3877 1322 3926 auctoritate
1348 3875 1441 3925 omnia
1465 3874 1506 3924 ais
1525 3874 1702 3924 concedimus
1722 3888 1754 3924 ac
1774 3875 1935 3925 roboramus
1954 3877 2049 3941 aisque
2068 3877 2139 3928 inter
2157 3894 2185 3927 se

529 3982 650 4049 eligendi
677 3983 814 4045 abbatem,
841 3984 887 4048 qui
915 3983 1016 4034 eisdem
1044 3984 1125 4033 rebus
1151 3983 1321 4047 fratrumque
1347 3982 1472 4047 regimini
1498 3997 1608 4047 preesse
1634 3981 1729 4046 possit,
1754 3980 1983 4048 quandocumque
2009 3987 2186 4046 accessesit,

530 4089 645 4141 liberum
666 4092 843 4142 concedimus
862 4091 1013 4141 arbitrium.
1051 4091 1169 4156 Insuper
1194 4091 1276 4140 etium
1302 4087 1437 4155 imperiali
1462 4095 1572 4155 sceptro
1591 4088 1738 4147 sancimus,
1766 4095 1797 4139 ut
1814 4088 1907 4140 nullus
1926 4105 2019 4141 comes
2038 4098 2087 4142 aut
2105 4094 2185 4143 iudex
2203 4100 2229 4141 tt

527 4213 578 4247 acu
598 4196 738 4262 quaelibet
757 4204 906 4264 prepotens
924 4214 1042 4264 persona
1061 4199 1216 4248 mansiones
1242 4197 1270 4247 in
1295 4195 1351 4247 illis
1378 4195 1445 4247 locis
1464 4196 1565 4247 babere
1584 4202 1633 4245 aut
1652 4201 1781 4261 paratas
1801 4198 1945 4261 exquirere
1965 4207 2113 4264 presumat,
2137 4199 2185 4251 aed

529 4305 569 4354 eis
590 4302 671 4354 liceat
690 4306 784 4369 quieto
804 4304 901 4355 ordine
920 4305 1020 4369 degere
1041 4312 1069 4355 st
1087 4304 1251 4369 regulariter
1270 4303 1381 4354 domino
1401 4303 1521 4354 militari.
1556 4302 1726 4353 Theloneum
1749 4303 1878 4355 videlicet
1897 4306 1974 4355 iuxta
1992 4307 2120 4370 antiquas
2139 4322 2184 4357 an·

529 4419 698 4461 lecessorum
725 4418 879 4462 nostromm
903 4412 1097 4461 eoncessiones
1123 4413 1158 4462 ab
1185 4412 1224 4462 eis
1250 4410 1294 4461 vel
1322 4426 1416 4461 eorum
1443 4410 1599 4462 homiuibus
1626 4427 1675 4477 per
1696 4427 1790 4462 omnes
1809 4413 1886 4477 regni
1906 4413 1991 4462 nostri
2010 4412 2078 4464 flues
2098 4429 2185 4479 neque

528 4518 557 4567 iu
584 4518 651 4567 urbe
678 4533 767 4583 neque
794 4519 822 4569 in
848 4518 894 4568 via
921 4534 1011 4583 neque
1039 4518 1074 4568 ad
1103 4525 1202 4584 pontes
1230 4534 1279 4568 seu
1313 4516 1369 4582 aliq
1379 4523 1463 4568 urac⁰
1493 4518 1677 4568 stricturae⁰
1707 4516 1784 4569 nullo
1812 4519 1894 4569 modo
1922 4520 2118 4586 accipiantur
2142 4520 2183 4570 vel

528 4632 714 4690 querantur.
752 4626 786 4675 Et
813 4632 844 4676 ut
869 4626 921 4677 boc
945 4632 1056 4677 nostrae
1083 4626 1297 4676 coadunationis
1322 4632 1481 4691 preceptum
1501 4625 1607 4675 firmum
1625 4622 1781 4690 stabileque
1799 4634 1966 4692 permaneat,
1992 4643 2075 4678 manu
2093 4636 2185 4681 nostra
2202 4635 2229 4677 tt

527 4730 596 4783 illud
616 4733 713 4783 sirbtus
733 4733 899 4784 firmavimus
919 4731 1059 4799 sigillique
1078 4734 1164 4784 nostri
1184 4733 1364 4798 impressione
1383 4733 1508 4799 insigniri
1529 4733 1709 4800 precepimus.

636 5029 653 5120 ξ
677 5030 879 5097 (iuntherius
904 5029 1118 5095 cancellarius
1141 5032 1216 5095 vice
1240 5026 1395 5095 Aribonis
1419 5028 1695 5116 archicappellani
1719 5030 1958 5122 recognovitss
2025 5043 2081 5114 (SI.
2099 5042 2141 5114 3.)

634 5194 723 5259 Data
741 5208 804 5258 vll.
830 5191 896 5258 kal.
919 5190 1026 5257 octub.
1051 5192 1297 5273 indictionem,
1321 5213 1407 5254 anno
1431 5190 1616 5257 dominicae
1640 5193 1874 5258 incarnationis
1897 5193 2068 5261 millesimo
2086 5184 2184 5277 xxiii,

526 5323 613 5366 anno
637 5323 716 5367 vero
747 5299 857 5365 domui
883 5299 1033 5364 Heinrici
1066 5297 1203 5363 secundi
1231 5298 1400 5383 regnantis
1422 5284 1508 5379 iiiiii,
1539 5299 1666 5384 imperii
1691 5311 1801 5365 autern
1823 5288 1876 5384 x⁰13
1908 5312 2017 5367 actum
2040 5301 2183 5391 Basileq;
2201 5333 2229 5371 e

525 5407 666 5474 feliciter
688 5431 795 5473 amen.

596 5709 660 5767 tet.
686 5710 832 5781 [Bresslsu]
876 5714 903 5773 a)
931 5710 1076 5764 A-221'i'.
1158 5709 1188 5777 b)
1217 5710 1241 5761 A
1322 5711 1347 5775 c)
1373 5712 1408 5773 sl,
1433 5716 1497 5761 acti
1515 5708 1620 5778 aliquas
1637 5709 1778 5764 stricturas
1795 5712 1844 5766 der
1862 5712 1929 5779 VU.,
1947 5713 2026 5767 &res
2045 5715 2115 5768 Sirra
2135 5714 2187 5767 ΟΒ

686 5783 759 5835 nicici
780 5783 936 5835 rer-stanam
954 5781 1010 5835 lac.
