<?xml version="1.0" encoding="UTF-8"?>
<!DOCTYPE html PUBLIC "-//W3C//DTD XHTML 1.0 Transitional//EN"
    "http://www.w3.org/TR/xhtml1/DTD/xhtml1-transitional.dtd">
<html xmlns="http://www.w3.org/1999/xhtml" xml:lang="en" lang="en">
 <head>
  <title>
</title>
<meta http-equiv="Content-Type" content="text/html;charset=utf-8" />
  <meta name='ocr-system' content='tesseract 3.04.00' />
  <meta name='ocr-capabilities' content='ocr_page ocr_carea ocr_par ocr_line ocrx_word'/>
</head>
<body>
  <div class='ocr_page' id='page_1' title='image "./monumentagerman01gescgoog_0082.png"; bbox 0 0 4800 6516; ppageno 0'>
   <div class='ocr_carea' id='block_1_1' title="bbox 835 507 1269 570">
    <p class='ocr_par' dir='ltr' id='par_1_1' title="bbox 835 507 1269 570">
     <span class='ocr_line' id='line_1_1' title="bbox 835 507 1269 570; baseline -0.018 0"><span class='ocrx_word' id='word_1_1' title='bbox 835 510 1071 570; x_wconf 75' lang='lat' dir='ltr'><strong>HEINRICH</strong></span> <span class='ocrx_word' id='word_1_2' title='bbox 1093 510 1132 565; x_wconf 93' lang='grc' dir='ltr'>Π.</span> <span class='ocrx_word' id='word_1_3' title='bbox 1175 507 1269 564; x_wconf 80' lang='grc'><em>1003,</em></span> 
     </span>
    </p>
   </div>
   <div class='ocr_carea' id='block_1_2' title="bbox 120 692 1029 1203">
    <p class='ocr_par' dir='ltr' id='par_1_2' title="bbox 120 692 1029 1110">
     <span class='ocr_line' id='line_1_2' title="bbox 120 692 1028 783; baseline -0.001 -17"><span class='ocrx_word' id='word_1_4' title='bbox 120 692 124 697; x_wconf 41' lang='grc'><strong>”</strong></span> <span class='ocrx_word' id='word_1_5' title='bbox 229 702 330 783; x_wconf 83' lang='lat' dir='ltr'>linus,</span> <span class='ocrx_word' id='word_1_6' title='bbox 369 702 593 783; x_wconf 72' lang='lat' dir='ltr'>Euemuinu8‚</span> <span class='ocrx_word' id='word_1_7' title='bbox 633 702 809 783; x_wconf 87' lang='lat' dir='ltr'>Ludolfus‚</span> <span class='ocrx_word' id='word_1_8' title='bbox 849 702 1028 782; x_wconf 85' lang='lat' dir='ltr'>Uuidekin,</span> 
     </span>
     <span class='ocr_line' id='line_1_3' title="bbox 229 808 1029 895; baseline -0.003 -22"><span class='ocrx_word' id='word_1_9' title='bbox 229 809 343 891; x_wconf 78' lang='lat' dir='ltr'>Heael,</span> <span class='ocrx_word' id='word_1_10' title='bbox 368 808 579 874; x_wconf 86' lang='lat' dir='ltr'>Uuolkardus</span> <span class='ocrx_word' id='word_1_11' title='bbox 606 811 669 873; x_wconf 89' lang='lat' dir='ltr'>viri</span> <span class='ocrx_word' id='word_1_12' title='bbox 699 809 836 873; x_wconf 89' lang='lat' dir='ltr'>nobiles.</span> <span class='ocrx_word' id='word_1_13' title='bbox 889 809 924 873; x_wconf 82' lang='lat' dir='ltr'>Si</span> <span class='ocrx_word' id='word_1_14' title='bbox 956 810 1029 895; x_wconf 89' lang='lat' dir='ltr'>quis</span> 
     </span>
     <span class='ocr_line' id='line_1_4' title="bbox 230 915 1029 1006; baseline -0.001 -26"><span class='ocrx_word' id='word_1_15' title='bbox 230 917 450 980; x_wconf 87' lang='lat' dir='ltr'>constitutioni</span> <span class='ocrx_word' id='word_1_16' title='bbox 479 928 589 1006; x_wconf 75' lang='lat' dir='ltr'>nostre</span> <span class='ocrx_word' id='word_1_17' title='bbox 619 929 651 980; x_wconf 92' lang='lat' dir='ltr'>et</span> <span class='ocrx_word' id='word_1_18' title='bbox 680 915 835 980; x_wconf 89' lang='lat' dir='ltr'>mandato</span> <span class='ocrx_word' id='word_1_19' title='bbox 866 917 1029 981; x_wconf 87' lang='lat' dir='ltr'>contraire</span> 
     </span>
     <span class='ocr_line' id='line_1_5' title="bbox 230 1020 1027 1110; baseline -0.001 -24"><span class='ocrx_word' id='word_1_20' title='bbox 230 1025 477 1110; x_wconf 79' lang='lat' dir='ltr'>presumpserit,</span> <span class='ocrx_word' id='word_1_21' title='bbox 510 1020 625 1109; x_wconf 76' lang='lat' dir='ltr'>regieh</span> <span class='ocrx_word' id='word_1_22' title='bbox 658 1024 838 1088; x_wconf 86' lang='lat' dir='ltr'>maiestatis</span> <span class='ocrx_word' id='word_1_23' title='bbox 869 1023 1027 1087; x_wconf 89' lang='lat' dir='ltr'>offensam</span> 
     </span>
    </p>

    <p class='ocr_par' dir='ltr' id='par_1_3' title="bbox 199 1128 679 1203">
     <span class='ocr_line' id='line_1_6' title="bbox 199 1128 679 1203; baseline 0.002 -10"><span class='ocrx_word' id='word_1_24' title='bbox 199 1152 266 1193; x_wconf 85' lang='lat' dir='ltr'>sse</span> <span class='ocrx_word' id='word_1_25' title='bbox 288 1131 416 1194; x_wconf 89' lang='lat' dir='ltr'>noverit</span> <span class='ocrx_word' id='word_1_26' title='bbox 439 1128 679 1203; x_wconf 78' lang='lat' dir='ltr'>incurrisse&gt;¹</span> 
     </span>
    </p>
   </div>
   <div class='ocr_carea' id='block_1_3' title="bbox 319 1269 1883 1362">
    <p class='ocr_par' dir='ltr' id='par_1_4' title="bbox 319 1269 1883 1362">
     <span class='ocr_line' id='line_1_7' title="bbox 319 1269 1883 1362; baseline -0.004 -25"><span class='ocrx_word' id='word_1_27' title='bbox 319 1270 336 1360; x_wconf 56' lang='grc' dir='ltr'>ξ</span> <span class='ocrx_word' id='word_1_28' title='bbox 362 1273 498 1358; x_wconf 84' lang='lat' dir='ltr'>Signum</span> <span class='ocrx_word' id='word_1_29' title='bbox 521 1271 631 1336; x_wconf 90' lang='lat' dir='ltr'>domni</span> <span class='ocrx_word' id='word_1_30' title='bbox 655 1272 827 1336; x_wconf 89' lang='lat' dir='ltr'>Heinrichi</span> <span class='ocrx_word' id='word_1_31' title='bbox 851 1273 938 1358; x_wconf 89' lang='lat' dir='ltr'>regis</span> <span class='ocrx_word' id='word_1_32' title='bbox 963 1278 1028 1351; x_wconf 83' lang='lat' dir='ltr'>(M.)</span> <span class='ocrx_word' id='word_1_33' title='bbox 1173 1272 1191 1362; x_wconf 60' lang='grc' dir='ltr'><em>ᾗ</em></span> <span class='ocrx_word' id='word_1_34' title='bbox 1215 1272 1351 1358; x_wconf 81' lang='lat' dir='ltr'>Signum</span> <span class='ocrx_word' id='word_1_35' title='bbox 1375 1271 1485 1335; x_wconf 92' lang='lat' dir='ltr'>domni</span> <span class='ocrx_word' id='word_1_36' title='bbox 1510 1269 1681 1334; x_wconf 88' lang='lat' dir='ltr'>Heinrichi</span> <span class='ocrx_word' id='word_1_37' title='bbox 1705 1270 1792 1354; x_wconf 90' lang='lat' dir='ltr'>regis</span> <span class='ocrx_word' id='word_1_38' title='bbox 1819 1274 1883 1343; x_wconf 87' lang='lat' dir='ltr'><strong>(M.)</strong></span> 
     </span>
    </p>
   </div>
   <div class='ocr_carea' id='block_1_4' title="bbox 229 1517 1883 1717">
    <p class='ocr_par' dir='ltr' id='par_1_5' title="bbox 229 1517 1883 1717">
     <span class='ocr_line' id='line_1_8' title="bbox 318 1517 1883 1611; baseline -0.002 -27"><span class='ocrx_word' id='word_1_39' title='bbox 318 1519 545 1609; x_wconf 61' lang='lat' dir='ltr'>{Egilbertus</span> <span class='ocrx_word' id='word_1_40' title='bbox 570 1522 783 1586; x_wconf 88' lang='lat' dir='ltr'>cancellarius</span> <span class='ocrx_word' id='word_1_41' title='bbox 813 1523 887 1586; x_wconf 89' lang='lat' dir='ltr'>viee</span> <span class='ocrx_word' id='word_1_42' title='bbox 914 1522 1027 1586; x_wconf 86' lang='lat' dir='ltr'>Uuilli-</span> <span class='ocrx_word' id='word_1_43' title='bbox 1174 1520 1402 1611; x_wconf 63' lang='lat' dir='ltr'>{Egilbertus</span> <span class='ocrx_word' id='word_1_44' title='bbox 1430 1519 1643 1584; x_wconf 87' lang='lat' dir='ltr'>cancellarius</span> <span class='ocrx_word' id='word_1_45' title='bbox 1671 1519 1744 1582; x_wconf 90' lang='lat' dir='ltr'>vice</span> <span class='ocrx_word' id='word_1_46' title='bbox 1769 1517 1883 1582; x_wconf 88' lang='lat' dir='ltr'>Unilli-</span> 
     </span>
     <span class='ocr_line' id='line_1_9' title="bbox 229 1623 1691 1717; baseline -0.002 -26"><span class='ocrx_word' id='word_1_47' title='bbox 229 1627 316 1716; x_wconf 82' lang='lat' dir='ltr'>g[isi]</span> <span class='ocrx_word' id='word_1_48' title='bbox 341 1628 595 1713; x_wconf 78' lang='lat' dir='ltr'>archicapellani</span> <span class='ocrx_word' id='word_1_49' title='bbox 618 1630 819 1714; x_wconf 81' lang='lat' dir='ltr'>recognovit</span> <span class='ocrx_word' id='word_1_50' title='bbox 844 1627 862 1717; x_wconf 55' lang='grc' dir='ltr'><strong>ᾖ</strong></span> <span class='ocrx_word' id='word_1_51' title='bbox 1085 1632 1147 1716; x_wconf 84' lang='lat' dir='ltr'>gisi</span> <span class='ocrx_word' id='word_1_52' title='bbox 1171 1628 1426 1715; x_wconf 77' lang='lat' dir='ltr'>archicapellani</span> <span class='ocrx_word' id='word_1_53' title='bbox 1449 1627 1649 1712; x_wconf 81' lang='lat' dir='ltr'>recognovit.</span> <span class='ocrx_word' id='word_1_54' title='bbox 1674 1623 1691 1714; x_wconf 57' lang='grc' dir='ltr'><strong>ᾖ</strong></span> 
     </span>
    </p>
   </div>
   <div class='ocr_carea' id='block_1_5' title="bbox 187 1769 1882 2175">
    <p class='ocr_par' dir='ltr' id='par_1_6' title="bbox 187 1769 1882 2175">
     <span class='ocr_line' id='line_1_10' title="bbox 187 1769 1882 1836; baseline -0.002 -3"><span class='ocrx_word' id='word_1_55' title='bbox 187 1795 213 1833; x_wconf 83' lang='lat' dir='ltr'>ro</span> <span class='ocrx_word' id='word_1_56' title='bbox 319 1770 407 1834; x_wconf 87' lang='lat' dir='ltr'>Data</span> <span class='ocrx_word' id='word_1_57' title='bbox 436 1784 499 1833; x_wconf 83' lang='lat' dir='ltr'>vll.</span> <span class='ocrx_word' id='word_1_58' title='bbox 530 1770 597 1834; x_wconf 84' lang='lat' dir='ltr'>kal.</span> <span class='ocrx_word' id='word_1_59' title='bbox 632 1783 726 1834; x_wconf 87' lang='lat' dir='ltr'>mart.</span> <span class='ocrx_word' id='word_1_60' title='bbox 762 1794 847 1836; x_wconf 88' lang='lat' dir='ltr'>anno</span> <span class='ocrx_word' id='word_1_61' title='bbox 879 1773 1027 1835; x_wconf 84' lang='lat' dir='ltr'>incama·</span> <span class='ocrx_word' id='word_1_62' title='bbox 1174 1772 1263 1835; x_wconf 88' lang='lat' dir='ltr'>Data</span> <span class='ocrx_word' id='word_1_63' title='bbox 1289 1786 1352 1835; x_wconf 83' lang='lat' dir='ltr'><strong>VII.</strong></span> <span class='ocrx_word' id='word_1_64' title='bbox 1380 1769 1447 1833; x_wconf 85' lang='lat' dir='ltr'>kal.</span> <span class='ocrx_word' id='word_1_65' title='bbox 1478 1770 1585 1833; x_wconf 90' lang='lat' dir='ltr'>martii</span> <span class='ocrx_word' id='word_1_66' title='bbox 1618 1791 1703 1832; x_wconf 92' lang='lat' dir='ltr'>anno</span> <span class='ocrx_word' id='word_1_67' title='bbox 1735 1769 1882 1832; x_wconf 89' lang='lat' dir='ltr'>incarna-</span> 
     </span>
     <span class='ocr_line' id='line_1_11' title="bbox 229 1873 1882 1959; baseline -0.001 -19"><span class='ocrx_word' id='word_1_68' title='bbox 229 1877 325 1940; x_wconf 89' lang='lat' dir='ltr'>tionis</span> <span class='ocrx_word' id='word_1_69' title='bbox 356 1875 539 1941; x_wconf 89' lang='lat' dir='ltr'>dominicae</span> <span class='ocrx_word' id='word_1_70' title='bbox 563 1890 648 1958; x_wconf 79' lang='lat' dir='ltr'>Mill,</span> <span class='ocrx_word' id='word_1_71' title='bbox 678 1877 856 1941; x_wconf 85' lang='lat' dir='ltr'>indictione</span> <span class='ocrx_word' id='word_1_72' title='bbox 880 1894 907 1959; x_wconf 79' lang='lat'>1,</span> <span class='ocrx_word' id='word_1_73' title='bbox 940 1900 1026 1942; x_wconf 85' lang='lat' dir='ltr'>anno</span> <span class='ocrx_word' id='word_1_74' title='bbox 1084 1879 1181 1944; x_wconf 91' lang='lat' dir='ltr'>tionis</span> <span class='ocrx_word' id='word_1_75' title='bbox 1198 1878 1380 1943; x_wconf 88' lang='lat' dir='ltr'>dominicae</span> <span class='ocrx_word' id='word_1_76' title='bbox 1400 1876 1571 1941; x_wconf 90' lang='lat' dir='ltr'>millesimo</span> <span class='ocrx_word' id='word_1_77' title='bbox 1587 1890 1639 1957; x_wconf 86' lang='lat'>111,</span> <span class='ocrx_word' id='word_1_78' title='bbox 1664 1873 1842 1939; x_wconf 86' lang='lat' dir='ltr'>indictione</span> <span class='ocrx_word' id='word_1_79' title='bbox 1857 1889 1882 1955; x_wconf 81' lang='lat'>1,</span> 
     </span>
     <span class='ocr_line' id='line_1_12' title="bbox 230 1980 1882 2067; baseline -0.001 -20"><span class='ocrx_word' id='word_1_80' title='bbox 230 1983 442 2047; x_wconf 89' lang='lat' dir='ltr'>verodomni</span> <span class='ocrx_word' id='word_1_81' title='bbox 466 1983 637 2046; x_wconf 89' lang='lat' dir='ltr'>Heinrichi</span> <span class='ocrx_word' id='word_1_82' title='bbox 668 1985 834 2067; x_wconf 89' lang='lat' dir='ltr'>regnantis</span> <span class='ocrx_word' id='word_1_83' title='bbox 863 1984 970 2048; x_wconf 86' lang='lat' dir='ltr'>adhuc</span> <span class='ocrx_word' id='word_1_84' title='bbox 999 2000 1029 2065; x_wconf 78' lang='lat'>13</span> <span class='ocrx_word' id='word_1_85' title='bbox 1085 2009 1170 2050; x_wconf 90' lang='lat' dir='ltr'>anno</span> <span class='ocrx_word' id='word_1_86' title='bbox 1193 2007 1272 2049; x_wconf 90' lang='lat' dir='ltr'>vero</span> <span class='ocrx_word' id='word_1_87' title='bbox 1296 1984 1406 2049; x_wconf 90' lang='lat' dir='ltr'>domni</span> <span class='ocrx_word' id='word_1_88' title='bbox 1430 1982 1602 2047; x_wconf 91' lang='lat' dir='ltr'>Heinrichi</span> <span class='ocrx_word' id='word_1_89' title='bbox 1632 1982 1798 2066; x_wconf 90' lang='lat' dir='ltr'>regnantis</span> <span class='ocrx_word' id='word_1_90' title='bbox 1827 1980 1882 2045; x_wconf 88' lang='lat' dir='ltr'>ad-</span> 
     </span>
     <span class='ocr_line' id='line_1_13' title="bbox 231 2088 1562 2175; baseline -0.001 -22"><span class='ocrx_word' id='word_1_91' title='bbox 231 2100 339 2153; x_wconf 89' lang='lat' dir='ltr'>actum</span> <span class='ocrx_word' id='word_1_92' title='bbox 361 2088 569 2174; x_wconf 82' lang='lat' dir='ltr'>Nouiomagi.</span> <span class='ocrx_word' id='word_1_93' title='bbox 1085 2093 1149 2157; x_wconf 92' lang='lat' dir='ltr'>huc</span> <span class='ocrx_word' id='word_1_94' title='bbox 1169 2107 1199 2175; x_wconf 80' lang='lat'>¹3</span> <span class='ocrx_word' id='word_1_95' title='bbox 1224 2103 1333 2156; x_wconf 89' lang='lat' dir='ltr'>actum</span> <span class='ocrx_word' id='word_1_96' title='bbox 1356 2091 1562 2175; x_wconf 84' lang='lat' dir='ltr'>Nouiomagi.</span> 
     </span>
    </p>
   </div>
   <div class='ocr_carea' id='block_1_6' title="bbox 573 2221 1552 2293">
    <p class='ocr_par' dir='ltr' id='par_1_7' title="bbox 573 2221 1552 2293">
     <span class='ocr_line' id='line_1_14' title="bbox 573 2221 1552 2293; baseline 0.001 -2"><span class='ocrx_word' id='word_1_97' title='bbox 573 2223 620 2291; x_wconf 84' lang='lat' dir='ltr'>(B.</span> <span class='ocrx_word' id='word_1_98' title='bbox 644 2222 684 2293; x_wconf 91' lang='lat'>1.)</span> <span class='ocrx_word' id='word_1_99' title='bbox 1440 2224 1486 2293; x_wconf 84' lang='lat' dir='ltr'>(B·</span> <span class='ocrx_word' id='word_1_100' title='bbox 1513 2221 1552 2292; x_wconf 89' lang='lat'>1.)</span> 
     </span>
    </p>
   </div>
   <div class='ocr_carea' id='block_1_7' title="bbox 188 2471 1091 2559">
    <p class='ocr_par' dir='ltr' id='par_1_8' title="bbox 188 2471 1091 2559">
     <span class='ocr_line' id='line_1_15' title="bbox 188 2471 1091 2559; baseline -0.002 -1"><span class='ocrx_word' id='word_1_101' title='bbox 188 2521 212 2559; x_wconf 75' lang='lat' dir='ltr'>e</span> <span class='ocrx_word' id='word_1_102' title='bbox 1024 2471 1091 2558; x_wconf 83' lang='lat'>40.</span> 
     </span>
    </p>
   </div>
   <div class='ocr_carea' id='block_1_8' title="bbox 229 2627 1885 2958">
    <p class='ocr_par' dir='ltr' id='par_1_9' title="bbox 229 2627 1885 2958">
     <span class='ocr_line' id='line_1_16' title="bbox 230 2627 1882 2734; baseline 0.003 -32"><span class='ocrx_word' id='word_1_103' title='bbox 230 2630 409 2704; x_wconf 65' lang='lat' dir='ltr'>Heinrich</span> <span class='ocrx_word' id='word_1_104' title='bbox 431 2645 597 2705; x_wconf 73' lang='lat' dir='ltr'>aaeaert</span> <span class='ocrx_word' id='word_1_105' title='bbox 617 2631 697 2706; x_wconf 79' lang='lat' dir='ltr'>dem</span> <span class='ocrx_word' id='word_1_106' title='bbox 718 2633 864 2708; x_wconf 83' lang='lat' dir='ltr'>Kloater</span> <span class='ocrx_word' id='word_1_107' title='bbox 885 2634 1000 2708; x_wconf 73' lang='lat' dir='ltr'>Vilica</span> <span class='ocrx_word' id='word_1_108' title='bbox 1025 2633 1085 2708; x_wconf 80' lang='lat' dir='ltr'>die</span> <span class='ocrx_word' id='word_1_109' title='bbox 1106 2633 1320 2734; x_wconf 77' lang='lat' dir='ltr'>Verleiltuap</span> <span class='ocrx_word' id='word_1_110' title='bbox 1346 2634 1412 2707; x_wconf 82' lang='lat' dir='ltr'>der</span> <span class='ocrx_word' id='word_1_111' title='bbox 1431 2632 1592 2706; x_wconf 73' lang='lat' dir='ltr'>Frettee&#39;t</span> <span class='ocrx_word' id='word_1_112' title='bbox 1614 2658 1687 2706; x_wconf 82' lang='lat' dir='ltr'>voa</span> <span class='ocrx_word' id='word_1_113' title='bbox 1708 2627 1882 2723; x_wconf 78' lang='lat' dir='ltr'>Quedtin-</span> 
     </span>
     <span class='ocr_line' id='line_1_17' title="bbox 230 2747 1885 2860; baseline 0.003 -38"><span class='ocrx_word' id='word_1_114' title='bbox 230 2750 331 2860; x_wconf 70' lang='lat' dir='ltr'>barp,</span> <span class='ocrx_word' id='word_1_115' title='bbox 361 2747 624 2824; x_wconf 76' lang='lat' dir='ltr'>Gendereteim</span> <span class='ocrx_word' id='word_1_116' title='bbox 643 2752 724 2825; x_wconf 74' lang='lat' dir='ltr'>arrd</span> <span class='ocrx_word' id='word_1_117' title='bbox 739 2752 854 2826; x_wconf 71' lang='lat' dir='ltr'>Essent</span> <span class='ocrx_word' id='word_1_118' title='bbox 879 2754 986 2828; x_wconf 83' lang='lat' dir='ltr'>sowie</span> <span class='ocrx_word' id='word_1_119' title='bbox 1012 2752 1077 2827; x_wconf 77' lang='lat' dir='ltr'>der</span> <span class='ocrx_word' id='word_1_120' title='bbox 1094 2753 1311 2827; x_wconf 81' lang='lat' dir='ltr'>Immaoitci‘t</span> <span class='ocrx_word' id='word_1_121' title='bbox 1332 2752 1414 2827; x_wconf 83' lang='lat' dir='ltr'>aad</span> <span class='ocrx_word' id='word_1_122' title='bbox 1438 2751 1499 2826; x_wconf 85' lang='lat' dir='ltr'>des</span> <span class='ocrx_word' id='word_1_123' title='bbox 1519 2751 1656 2843; x_wconf 72' lang='lat' dir='ltr'>Rechts,</span> <span class='ocrx_word' id='word_1_124' title='bbox 1693 2750 1783 2850; x_wconf 74' lang='lat' dir='ltr'>Vopt</span> <span class='ocrx_word' id='word_1_125' title='bbox 1805 2752 1885 2827; x_wconf 83' lang='lat' dir='ltr'>uod</span> 
     </span>
     <span class='ocr_line' id='line_1_18' title="bbox 229 2867 1838 2958; baseline 0.011 -18"><span class='ocrx_word' id='word_1_126' title='bbox 229 2867 389 2943; x_wconf 75' lang='lat' dir='ltr'>Abtisss&#39;u</span> <span class='ocrx_word' id='word_1_127' title='bbox 414 2894 458 2942; x_wconf 83' lang='lat' dir='ltr'>za</span> <span class='ocrx_word' id='word_1_128' title='bbox 482 2869 581 2943; x_wconf 76' lang='lat' dir='ltr'>wdltl</span> <span class='ocrx_word' id='word_1_129' title='bbox 626 2927 634 2943; x_wconf 94' lang='lat'><strong>.</strong></span> <span class='ocrx_word' id='word_1_130' title='bbox 1467 2929 1511 2938; x_wconf 91' lang='lat'>—</span> <span class='ocrx_word' id='word_1_131' title='bbox 1536 2899 1614 2958; x_wconf 83' lang='lat'><em>1003</em></span> <span class='ocrx_word' id='word_1_132' title='bbox 1631 2898 1771 2958; x_wconf 55' lang='lat' dir='ltr'>februar</span> <span class='ocrx_word' id='word_1_133' title='bbox 1787 2902 1838 2958; x_wconf 81' lang='lat'>26.</span> 
     </span>
    </p>
   </div>
   <div class='ocr_carea' id='block_1_9' title="bbox 337 3074 1879 3296">
    <p class='ocr_par' dir='ltr' id='par_1_10' title="bbox 337 3074 1879 3296">
     <span class='ocr_line' id='line_1_19' title="bbox 339 3074 1836 3152; baseline 0.001 -17"><span class='ocrx_word' id='word_1_134' title='bbox 339 3074 651 3152; x_wconf 69' lang='lat' dir='ltr'>Originaltraassmupt</span> <span class='ocrx_word' id='word_1_135' title='bbox 674 3078 714 3137; x_wconf 86' lang='lat' dir='ltr'>K.</span> <span class='ocrx_word' id='word_1_136' title='bbox 739 3079 847 3150; x_wconf 73' lang='lat' dir='ltr'>Adolfis</span> <span class='ocrx_word' id='word_1_137' title='bbox 869 3098 922 3137; x_wconf 79' lang='lat' dir='ltr'>con</span> <span class='ocrx_word' id='word_1_138' title='bbox 947 3080 1028 3139; x_wconf 80' lang='lat'><em>1292</em></span> <span class='ocrx_word' id='word_1_139' title='bbox 1050 3079 1152 3140; x_wconf 76' lang='lat' dir='ltr'>Jutt7</span> <span class='ocrx_word' id='word_1_140' title='bbox 1174 3081 1215 3138; x_wconf 82' lang='lat' dir='ltr'>im</span> <span class='ocrx_word' id='word_1_141' title='bbox 1237 3080 1265 3138; x_wconf 74' lang='lat' dir='ltr'>lt.</span> <span class='ocrx_word' id='word_1_142' title='bbox 1291 3078 1492 3139; x_wconf 82' lang='lat' dir='ltr'>Staatsorcbiv</span> <span class='ocrx_word' id='word_1_143' title='bbox 1514 3096 1548 3136; x_wconf 83' lang='lat' dir='ltr'>zu</span> <span class='ocrx_word' id='word_1_144' title='bbox 1569 3077 1752 3149; x_wconf 67' lang='lat' dir='ltr'>Duaseldors</span> <span class='ocrx_word' id='word_1_145' title='bbox 1767 3078 1836 3145; x_wconf 90' lang='lat' dir='ltr'><em>(B).</em></span> 
     </span>
     <span class='ocr_line' id='line_1_20' title="bbox 337 3218 1879 3296; baseline 0.003 -19"><span class='ocrx_word' id='word_1_146' title='bbox 337 3218 461 3293; x_wconf 73' lang='lat' dir='ltr'>Staams</span> <span class='ocrx_word' id='word_1_147' title='bbox 467 3220 540 3278; x_wconf 80' lang='lat' dir='ltr'>Acta</span> <span class='ocrx_word' id='word_1_148' title='bbox 551 3220 626 3280; x_wconf 67' lang='lat' dir='ltr'>iared.</span> <span class='ocrx_word' id='word_1_149' title='bbox 640 3222 678 3280; x_wconf 83' lang='lat'>39</span> <span class='ocrx_word' id='word_1_150' title='bbox 694 3224 726 3279; x_wconf 83' lang='lat' dir='ltr'>o⁰</span> <span class='ocrx_word' id='word_1_151' title='bbox 737 3223 776 3280; x_wconf 89' lang='grc'>33</span> <span class='ocrx_word' id='word_1_152' title='bbox 791 3240 844 3281; x_wconf 83' lang='lat' dir='ltr'>aas</span> <span class='ocrx_word' id='word_1_153' title='bbox 853 3222 891 3281; x_wconf 88' lang='lat' dir='ltr'>B.</span> <span class='ocrx_word' id='word_1_154' title='bbox 905 3252 949 3261; x_wconf 92' lang='lat'><em>-</em></span> <span class='ocrx_word' id='word_1_155' title='bbox 964 3222 1066 3293; x_wconf 73' lang='lat' dir='ltr'>Weatf.</span> <span class='ocrx_word' id='word_1_156' title='bbox 1080 3222 1143 3281; x_wconf 88' lang='lat' dir='ltr'>UB.</span> <span class='ocrx_word' id='word_1_157' title='bbox 1156 3220 1258 3296; x_wconf 77' lang='lat' dir='ltr'>Suppl.</span> <span class='ocrx_word' id='word_1_158' title='bbox 1272 3223 1312 3280; x_wconf 89' lang='lat'>97</span> <span class='ocrx_word' id='word_1_159' title='bbox 1323 3226 1355 3279; x_wconf 60' lang='grc' dir='ltr'>πθ</span> <span class='ocrx_word' id='word_1_160' title='bbox 1363 3222 1422 3281; x_wconf 88' lang='grc'>593</span> <span class='ocrx_word' id='word_1_161' title='bbox 1433 3221 1506 3296; x_wconf 74' lang='lat' dir='ltr'>Rcy.</span> <span class='ocrx_word' id='word_1_162' title='bbox 1523 3251 1567 3260; x_wconf 94' lang='lat'>-</span> <span class='ocrx_word' id='word_1_163' title='bbox 1580 3220 1704 3295; x_wconf 75' lang='lat' dir='ltr'>Stampf</span> <span class='ocrx_word' id='word_1_164' title='bbox 1711 3220 1781 3296; x_wconf 73' lang='lat' dir='ltr'>ch.</span> <span class='ocrx_word' id='word_1_165' title='bbox 1793 3223 1879 3281; x_wconf 77' lang='lat'><em>1348.</em></span> 
     </span>
    </p>
   </div>
   <div class='ocr_carea' id='block_1_10' title="bbox 335 3361 1882 3544">
    <p class='ocr_par' dir='ltr' id='par_1_11' title="bbox 335 3361 1882 3544">
     <span class='ocr_line' id='line_1_21' title="bbox 336 3361 1882 3438; baseline 0.003 -19"><span class='ocrx_word' id='word_1_166' title='bbox 336 3361 419 3420; x_wconf 70' lang='lat' dir='ltr'>Nost</span> <span class='ocrx_word' id='word_1_167' title='bbox 442 3361 511 3421; x_wconf 82' lang='lat' dir='ltr'>Do,</span> <span class='ocrx_word' id='word_1_168' title='bbox 530 3362 593 3421; x_wconf 86' lang='grc' dir='ltr'>ΠΙ.</span> <span class='ocrx_word' id='word_1_169' title='bbox 611 3365 661 3433; x_wconf 82' lang='grc'>32,</span> <span class='ocrx_word' id='word_1_170' title='bbox 685 3364 739 3422; x_wconf 78' lang='lat' dir='ltr'>das</span> <span class='ocrx_word' id='word_1_171' title='bbox 761 3364 832 3422; x_wconf 73' lang='lat' dir='ltr'>atrab</span> <span class='ocrx_word' id='word_1_172' title='bbox 855 3366 915 3435; x_wconf 79' lang='lat' dir='ltr'>aus</span> <span class='ocrx_word' id='word_1_173' title='bbox 933 3365 979 3423; x_wconf 82' lang='lat' dir='ltr'>dic</span> <span class='ocrx_word' id='word_1_174' title='bbox 1001 3363 1264 3436; x_wconf 77' lang='lat' dir='ltr'>Devotioaafornwl</span> <span class='ocrx_word' id='word_1_175' title='bbox 1286 3365 1453 3438; x_wconf 73' lang='lat' dir='ltr'>ciapcrcirlrt</span> <span class='ocrx_word' id='word_1_176' title='bbox 1476 3365 1537 3434; x_wconf 80' lang='lat' dir='ltr'>tat,</span> <span class='ocrx_word' id='word_1_177' title='bbox 1561 3366 1687 3435; x_wconf 79' lang='lat' dir='ltr'>uersuaat</span> <span class='ocrx_word' id='word_1_178' title='bbox 1709 3364 1768 3423; x_wconf 82' lang='lat' dir='ltr'>und</span> <span class='ocrx_word' id='word_1_179' title='bbox 1789 3364 1882 3423; x_wconf 81' lang='lat' dir='ltr'>wabr-</span> 
     </span>
     <span class='ocr_line' id='line_1_22' title="bbox 335 3469 944 3544; baseline 0.005 -17"><span class='ocrx_word' id='word_1_180' title='bbox 335 3469 487 3528; x_wconf 78' lang='lat' dir='ltr'>sclteiolicb</span> <span class='ocrx_word' id='word_1_181' title='bbox 509 3470 581 3528; x_wconf 77' lang='lat' dir='ltr'>narb</span> <span class='ocrx_word' id='word_1_182' title='bbox 603 3471 780 3544; x_wconf 65' lang='lat' dir='ltr'>poscentes</span> <span class='ocrx_word' id='word_1_183' title='bbox 802 3489 857 3529; x_wconf 81' lang='lat' dir='ltr'>von</span> <span class='ocrx_word' id='word_1_184' title='bbox 879 3471 944 3531; x_wconf 81' lang='grc' dir='ltr'>ΕΑ.</span> 
     </span>
    </p>
   </div>
   <div class='ocr_carea' id='block_1_11' title="bbox 184 3618 1884 5311">
    <p class='ocr_par' dir='ltr' id='par_1_12' title="bbox 336 3618 1880 3687">
     <span class='ocr_line' id='line_1_23' title="bbox 336 3618 1880 3687; baseline 0.002 -4"><span class='ocrx_word' id='word_1_185' title='bbox 336 3618 375 3683; x_wconf 94' lang='lat' dir='ltr'>In</span> <span class='ocrx_word' id='word_1_186' title='bbox 409 3621 539 3685; x_wconf 87' lang='lat' dir='ltr'>nomine</span> <span class='ocrx_word' id='word_1_187' title='bbox 574 3632 686 3685; x_wconf 89' lang='lat' dir='ltr'>sancte</span> <span class='ocrx_word' id='word_1_188' title='bbox 719 3632 751 3686; x_wconf 91' lang='lat' dir='ltr'>et</span> <span class='ocrx_word' id='word_1_189' title='bbox 785 3621 954 3686; x_wconf 88' lang='lat' dir='ltr'>individue</span> <span class='ocrx_word' id='word_1_190' title='bbox 989 3623 1153 3686; x_wconf 87' lang='lat' dir='ltr'>trinitatis.</span> <span class='ocrx_word' id='word_1_191' title='bbox 1211 3622 1374 3686; x_wconf 86' lang='lat' dir='ltr'>Heuricus</span> <span class='ocrx_word' id='word_1_192' title='bbox 1413 3620 1523 3686; x_wconf 90' lang='lat' dir='ltr'>divine</span> <span class='ocrx_word' id='word_1_193' title='bbox 1563 3622 1708 3686; x_wconf 86' lang='lat' dir='ltr'>caritatis</span> <span class='ocrx_word' id='word_1_194' title='bbox 1746 3644 1880 3687; x_wconf 89' lang='lat' dir='ltr'>munere</span> 
     </span>
    </p>

    <p class='ocr_par' dir='ltr' id='par_1_13' title="bbox 184 3740 1884 5311">
     <span class='ocr_line' id='line_1_24' title="bbox 229 3740 1881 3810; baseline 0.004 -21"><span class='ocrx_word' id='word_1_195' title='bbox 229 3747 298 3790; x_wconf 83' lang='lat' dir='ltr'>rex.</span> <span class='ocrx_word' id='word_1_196' title='bbox 382 3742 475 3791; x_wconf 85' lang='lat' dir='ltr'>Omnis</span> <span class='ocrx_word' id='word_1_197' title='bbox 488 3740 610 3791; x_wconf 88' lang='lat' dir='ltr'>fidelium</span> <span class='ocrx_word' id='word_1_198' title='bbox 623 3748 778 3793; x_wconf 88' lang='lat' dir='ltr'>nostrorum</span> <span class='ocrx_word' id='word_1_199' title='bbox 791 3745 989 3808; x_wconf 79' lang='lat' dir='ltr'>cuiuscumque</span> <span class='ocrx_word' id='word_1_200' title='bbox 1003 3744 1174 3794; x_wconf 85' lang='lat' dir='ltr'>condicionis</span> <span class='ocrx_word' id='word_1_201' title='bbox 1188 3753 1266 3795; x_wconf 83' lang='lat' dir='ltr'>cetus</span> <span class='ocrx_word' id='word_1_202' title='bbox 1280 3760 1453 3809; x_wconf 85' lang='lat' dir='ltr'>quocumque</span> <span class='ocrx_word' id='word_1_203' title='bbox 1473 3742 1595 3795; x_wconf 88' lang='lat' dir='ltr'>locorum</span> <span class='ocrx_word' id='word_1_204' title='bbox 1615 3745 1684 3794; x_wconf 87' lang='lat' dir='ltr'>situs</span> <span class='ocrx_word' id='word_1_205' title='bbox 1703 3760 1752 3810; x_wconf 87' lang='lat' dir='ltr'>pro</span> <span class='ocrx_word' id='word_1_206' title='bbox 1771 3746 1881 3795; x_wconf 88' lang='lat' dir='ltr'>maioris</span> 
     </span>
     <span class='ocr_line' id='line_1_25' title="bbox 186 3848 1876 3917; baseline 0.002 -20"><span class='ocrx_word' id='word_1_207' title='bbox 186 3864 212 3903; x_wconf 74' lang='lat' dir='ltr'>ns</span> <span class='ocrx_word' id='word_1_208' title='bbox 230 3849 403 3897; x_wconf 81' lang='lat' dir='ltr'>auctoritatis</span> <span class='ocrx_word' id='word_1_209' title='bbox 423 3864 507 3898; x_wconf 87' lang='lat' dir='ltr'>causa</span> <span class='ocrx_word' id='word_1_210' title='bbox 520 3857 678 3913; x_wconf 87' lang='lat' dir='ltr'>eognoscat,</span> <span class='ocrx_word' id='word_1_211' title='bbox 697 3849 818 3914; x_wconf 89' lang='lat' dir='ltr'>qualiter</span> <span class='ocrx_word' id='word_1_212' title='bbox 830 3851 941 3915; x_wconf 84' lang='lat' dir='ltr'>quidam</span> <span class='ocrx_word' id='word_1_213' title='bbox 954 3848 1055 3900; x_wconf 91' lang='lat' dir='ltr'>nobilis</span> <span class='ocrx_word' id='word_1_214' title='bbox 1069 3852 1111 3900; x_wconf 88' lang='lat' dir='ltr'>vir</span> <span class='ocrx_word' id='word_1_215' title='bbox 1128 3865 1144 3896; x_wconf 70' lang='lat' dir='ltr'>a</span> <span class='ocrx_word' id='word_1_216' title='bbox 1165 3852 1311 3915; x_wconf 81' lang='lat' dir='ltr'>Megingoa</span> <span class='ocrx_word' id='word_1_217' title='bbox 1326 3867 1388 3901; x_wconf 88' lang='lat' dir='ltr'>cum</span> <span class='ocrx_word' id='word_1_218' title='bbox 1402 3851 1534 3917; x_wconf 87' lang='lat' dir='ltr'>religiosa</span> <span class='ocrx_word' id='word_1_219' title='bbox 1547 3853 1665 3916; x_wconf 88' lang='lat' dir='ltr'>coniuge</span> <span class='ocrx_word' id='word_1_220' title='bbox 1678 3867 1728 3901; x_wconf 85' lang='lat' dir='ltr'>sun</span> <span class='ocrx_word' id='word_1_221' title='bbox 1742 3851 1876 3917; x_wconf 84' lang='lat' dir='ltr'>Gerbirga</span> 
     </span>
     <span class='ocr_line' id='line_1_26' title="bbox 230 3939 1882 4030; baseline 0.003 -27"><span class='ocrx_word' id='word_1_222' title='bbox 230 3939 393 4027; x_wconf 87' lang='lat' dir='ltr'>quondam</span> <span class='ocrx_word' id='word_1_223' title='bbox 417 3941 581 4027; x_wconf 71' lang='lat' dir='ltr'>regalema</span> <span class='ocrx_word' id='word_1_224' title='bbox 608 3941 773 4007; x_wconf 87' lang='lat' dir='ltr'>karissimi</span> <span class='ocrx_word' id='word_1_225' title='bbox 797 3945 933 4007; x_wconf 83' lang='lat' dir='ltr'>senioris</span> <span class='ocrx_word' id='word_1_226' title='bbox 956 3945 1058 4008; x_wconf 79' lang='lat' dir='ltr'>nostri</span> <span class='ocrx_word' id='word_1_227' title='bbox 1081 3946 1174 4009; x_wconf 92' lang='lat' dir='ltr'>tercii</span> <span class='ocrx_word' id='word_1_228' title='bbox 1199 3944 1328 4010; x_wconf 90' lang='lat' dir='ltr'>Ottonis</span> <span class='ocrx_word' id='word_1_229' title='bbox 1352 3945 1482 4030; x_wconf 92' lang='lat' dir='ltr'>augusti</span> <span class='ocrx_word' id='word_1_230' title='bbox 1506 3960 1675 4023; x_wconf 76' lang='lat' dir='ltr'>presenciam</span> <span class='ocrx_word' id='word_1_231' title='bbox 1702 3959 1830 4009; x_wconf 73' lang='lat' dir='ltr'>adierunt</span> <span class='ocrx_word' id='word_1_232' title='bbox 1854 3966 1882 4010; x_wconf 80' lang='lat' dir='ltr'>et</span> 
     </span>
     <span class='ocr_line' id='line_1_27' title="bbox 230 4061 1882 4131; baseline 0.002 -20"><span class='ocrx_word' id='word_1_233' title='bbox 230 4061 366 4126; x_wconf 87' lang='lat' dir='ltr'>quoddam</span> <span class='ocrx_word' id='word_1_234' title='bbox 386 4064 588 4122; x_wconf 84' lang='lat' dir='ltr'>monasterium,</span> <span class='ocrx_word' id='word_1_235' title='bbox 607 4063 682 4128; x_wconf 90' lang='lat' dir='ltr'>quod</span> <span class='ocrx_word' id='word_1_236' title='bbox 701 4064 735 4113; x_wconf 91' lang='lat' dir='ltr'>de</span> <span class='ocrx_word' id='word_1_237' title='bbox 755 4065 865 4130; x_wconf 87' lang='lat' dir='ltr'>proprio</span> <span class='ocrx_word' id='word_1_238' title='bbox 885 4065 1051 4130; x_wconf 84' lang='lat' dir='ltr'>patrimonio</span> <span class='ocrx_word' id='word_1_239' title='bbox 1070 4082 1121 4115; x_wconf 88' lang='lat' dir='ltr'>suo</span> <span class='ocrx_word' id='word_1_240' title='bbox 1140 4082 1189 4131; x_wconf 84' lang='lat' dir='ltr'>pro</span> <span class='ocrx_word' id='word_1_241' title='bbox 1210 4072 1304 4116; x_wconf 87' lang='lat' dir='ltr'>eterne</span> <span class='ocrx_word' id='word_1_242' title='bbox 1323 4067 1379 4115; x_wconf 85' lang='lat' dir='ltr'>vite</span> <span class='ocrx_word' id='word_1_243' title='bbox 1398 4066 1503 4130; x_wconf 87' lang='lat' dir='ltr'>premio</span> <span class='ocrx_word' id='word_1_244' title='bbox 1524 4074 1551 4114; x_wconf 89' lang='lat' dir='ltr'>et</span> <span class='ocrx_word' id='word_1_245' title='bbox 1570 4067 1701 4116; x_wconf 88' lang='lat' dir='ltr'>memoria</span> <span class='ocrx_word' id='word_1_246' title='bbox 1720 4068 1763 4115; x_wconf 87' lang='lat' dir='ltr'>sui</span> <span class='ocrx_word' id='word_1_247' title='bbox 1780 4066 1809 4115; x_wconf 90' lang='lat' dir='ltr'>in</span> <span class='ocrx_word' id='word_1_248' title='bbox 1828 4067 1882 4115; x_wconf 83' lang='lat' dir='ltr'>isto</span> 
     </span>
     <span class='ocr_line' id='line_1_28' title="bbox 229 4156 1881 4238; baseline 0.002 -20"><span class='ocrx_word' id='word_1_249' title='bbox 229 4168 324 4219; x_wconf 80' lang='lat' dir='ltr'>seculo</span> <span class='ocrx_word' id='word_1_250' title='bbox 347 4171 401 4219; x_wconf 91' lang='lat' dir='ltr'>iam</span> <span class='ocrx_word' id='word_1_251' title='bbox 419 4184 435 4213; x_wconf 62' lang='lat' dir='ltr'>a</span> <span class='ocrx_word' id='word_1_252' title='bbox 460 4171 499 4236; x_wconf 89' lang='lat' dir='ltr'>pii</span> <span class='ocrx_word' id='word_1_253' title='bbox 522 4172 607 4235; x_wconf 88' lang='lat' dir='ltr'>patris</span> <span class='ocrx_word' id='word_1_254' title='bbox 631 4157 682 4220; x_wconf 81' lang='lat' dir='ltr'>sui</span> <span class='ocrx_word' id='word_1_255' title='bbox 705 4156 861 4222; x_wconf 75' lang='lat' dir='ltr'>videlieet</span> <span class='ocrx_word' id='word_1_256' title='bbox 883 4156 1019 4222; x_wconf 78' lang='lat' dir='ltr'>secundi</span> <span class='ocrx_word' id='word_1_257' title='bbox 1043 4172 1153 4223; x_wconf 87' lang='lat' dir='ltr'>Ottonis</span> <span class='ocrx_word' id='word_1_258' title='bbox 1179 4174 1352 4238; x_wconf 86' lang='lat' dir='ltr'>imperatoris</span> <span class='ocrx_word' id='word_1_259' title='bbox 1376 4174 1487 4237; x_wconf 82' lang='lat' dir='ltr'>augusti</span> <span class='ocrx_word' id='word_1_260' title='bbox 1504 4186 1520 4217; x_wconf 65' lang='lat' dir='ltr'>a</span> <span class='ocrx_word' id='word_1_261' title='bbox 1542 4188 1678 4223; x_wconf 86' lang='lat' dir='ltr'>consensu</span> <span class='ocrx_word' id='word_1_262' title='bbox 1702 4174 1730 4222; x_wconf 90' lang='lat' dir='ltr'>in</span> <span class='ocrx_word' id='word_1_263' title='bbox 1754 4172 1815 4223; x_wconf 90' lang='lat' dir='ltr'>loeo</span> <span class='ocrx_word' id='word_1_264' title='bbox 1835 4174 1881 4238; x_wconf 92' lang='lat' dir='ltr'>qui</span> 
     </span>
     <span class='ocr_line' id='line_1_29' title="bbox 230 4275 1881 4347; baseline 0.003 -21"><span class='ocrx_word' id='word_1_265' title='bbox 230 4275 328 4326; x_wconf 87' lang='lat' dir='ltr'>Vileke</span> <span class='ocrx_word' id='word_1_266' title='bbox 348 4277 448 4328; x_wconf 90' lang='lat' dir='ltr'>dicitur</span> <span class='ocrx_word' id='word_1_267' title='bbox 466 4284 686 4337; x_wconf 84' lang='lat' dir='ltr'>construxerunt,</span> <span class='ocrx_word' id='word_1_268' title='bbox 713 4280 740 4327; x_wconf 93' lang='lat' dir='ltr'>in</span> <span class='ocrx_word' id='word_1_269' title='bbox 766 4288 842 4329; x_wconf 78' lang='lat' dir='ltr'>suas</span> <span class='ocrx_word' id='word_1_270' title='bbox 866 4295 961 4329; x_wconf 86' lang='lat' dir='ltr'>manus</span> <span class='ocrx_word' id='word_1_271' title='bbox 980 4279 1162 4339; x_wconf 87' lang='lat' dir='ltr'>tradiderunt,</span> <span class='ocrx_word' id='word_1_272' title='bbox 1187 4288 1316 4345; x_wconf 82' lang='lat' dir='ltr'>rogantes</span> <span class='ocrx_word' id='word_1_273' title='bbox 1335 4297 1384 4347; x_wconf 88' lang='lat' dir='ltr'>pro</span> <span class='ocrx_word' id='word_1_274' title='bbox 1404 4279 1477 4330; x_wconf 86' lang='lat' dir='ltr'>illius</span> <span class='ocrx_word' id='word_1_275' title='bbox 1498 4279 1551 4331; x_wconf 93' lang='lat' dir='ltr'>loci</span> <span class='ocrx_word' id='word_1_276' title='bbox 1571 4279 1723 4331; x_wconf 81' lang='lat' dir='ltr'>stabilitate</span> <span class='ocrx_word' id='word_1_277' title='bbox 1742 4287 1770 4331; x_wconf 91' lang='lat' dir='ltr'>et</span> <span class='ocrx_word' id='word_1_278' title='bbox 1788 4281 1881 4332; x_wconf 78' lang='lat' dir='ltr'>deien-</span> 
     </span>
     <span class='ocr_line' id='line_1_30' title="bbox 185 4374 1881 4459; baseline 0 -22"><span class='ocrx_word' id='word_1_279' title='bbox 185 4398 211 4437; x_wconf 79' lang='lat' dir='ltr'>to</span> <span class='ocrx_word' id='word_1_280' title='bbox 228 4385 305 4434; x_wconf 86' lang='lat' dir='ltr'>sione</span> <span class='ocrx_word' id='word_1_281' title='bbox 325 4384 359 4434; x_wconf 87' lang='lat' dir='ltr'>de</span> <span class='ocrx_word' id='word_1_282' title='bbox 379 4386 452 4435; x_wconf 88' lang='lat' dir='ltr'>omni</span> <span class='ocrx_word' id='word_1_283' title='bbox 470 4384 590 4435; x_wconf 82' lang='lat' dir='ltr'>seculari</span> <span class='ocrx_word' id='word_1_284' title='bbox 609 4386 728 4436; x_wconf 90' lang='lat' dir='ltr'>servicio</span> <span class='ocrx_word' id='word_1_285' title='bbox 747 4384 822 4435; x_wconf 89' lang='lat' dir='ltr'>illud</span> <span class='ocrx_word' id='word_1_286' title='bbox 846 4394 905 4436; x_wconf 83' lang='lat' dir='ltr'>sua</span> <span class='ocrx_word' id='word_1_287' title='bbox 927 4385 1015 4451; x_wconf 88' lang='lat' dir='ltr'>regali</span> <span class='ocrx_word' id='word_1_288' title='bbox 1034 4388 1164 4452; x_wconf 88' lang='lat' dir='ltr'>potencia</span> <span class='ocrx_word' id='word_1_289' title='bbox 1183 4386 1294 4438; x_wconf 90' lang='lat' dir='ltr'>liberari</span> <span class='ocrx_word' id='word_1_290' title='bbox 1317 4404 1349 4438; x_wconf 89' lang='lat' dir='ltr'>ac</span> <span class='ocrx_word' id='word_1_291' title='bbox 1374 4389 1486 4448; x_wconf 84' lang='lat' dir='ltr'>muniri;</span> <span class='ocrx_word' id='word_1_292' title='bbox 1511 4374 1598 4459; x_wconf 86' lang='lat' dir='ltr'>quod</span> <span class='ocrx_word' id='word_1_293' title='bbox 1622 4386 1654 4438; x_wconf 80' lang='lat' dir='ltr'>et</span> <span class='ocrx_word' id='word_1_294' title='bbox 1677 4374 1799 4438; x_wconf 78' lang='lat' dir='ltr'>factum</span> <span class='ocrx_word' id='word_1_295' title='bbox 1823 4385 1881 4439; x_wconf 81' lang='lat' dir='ltr'>est.</span> 
     </span>
     <span class='ocr_line' id='line_1_31' title="bbox 230 4476 1882 4567; baseline 0.002 -27"><span class='ocrx_word' id='word_1_296' title='bbox 230 4476 346 4541; x_wconf 87' lang='lat' dir='ltr'>Nostro</span> <span class='ocrx_word' id='word_1_297' title='bbox 377 4500 506 4563; x_wconf 92' lang='lat' dir='ltr'>quoque</span> <span class='ocrx_word' id='word_1_298' title='bbox 537 4490 683 4563; x_wconf 90' lang='lat' dir='ltr'>tempore</span> <span class='ocrx_word' id='word_1_299' title='bbox 714 4477 910 4543; x_wconf 88' lang='lat' dir='ltr'>venerabilis</span> <span class='ocrx_word' id='word_1_300' title='bbox 941 4479 1088 4544; x_wconf 91' lang='lat' dir='ltr'>eiusdem</span> <span class='ocrx_word' id='word_1_301' title='bbox 1118 4481 1306 4544; x_wconf 86' lang='lat' dir='ltr'>monasterii</span> <span class='ocrx_word' id='word_1_302' title='bbox 1336 4479 1504 4544; x_wconf 87' lang='lat' dir='ltr'>abbatissa</span> <span class='ocrx_word' id='word_1_303' title='bbox 1533 4481 1664 4545; x_wconf 90' lang='lat' dir='ltr'>nomine</span> <span class='ocrx_word' id='word_1_304' title='bbox 1687 4480 1882 4567; x_wconf 87' lang='lat' dir='ltr'>Adelheyda</span> 
     </span>
     <span class='ocr_line' id='line_1_32' title="bbox 228 4584 1880 4673; baseline 0.002 -26"><span class='ocrx_word' id='word_1_305' title='bbox 228 4606 288 4670; x_wconf 91' lang='lat' dir='ltr'>per</span> <span class='ocrx_word' id='word_1_306' title='bbox 316 4585 534 4649; x_wconf 88' lang='lat' dir='ltr'>interventum</span> <span class='ocrx_word' id='word_1_307' title='bbox 557 4584 675 4650; x_wconf 91' lang='lat' dir='ltr'>dilecte</span> <span class='ocrx_word' id='word_1_308' title='bbox 704 4587 852 4672; x_wconf 86' lang='lat' dir='ltr'>coniugis</span> <span class='ocrx_word' id='word_1_309' title='bbox 882 4597 992 4651; x_wconf 88' lang='lat' dir='ltr'>nostre</span> <span class='ocrx_word' id='word_1_310' title='bbox 1017 4585 1221 4673; x_wconf 78' lang='lat' dir='ltr'>Cimegunde</span> <span class='ocrx_word' id='word_1_311' title='bbox 1245 4587 1399 4652; x_wconf 90' lang='lat' dir='ltr'>videlicet</span> <span class='ocrx_word' id='word_1_312' title='bbox 1428 4588 1541 4671; x_wconf 87' lang='lat' dir='ltr'>regine</span> <span class='ocrx_word' id='word_1_313' title='bbox 1571 4599 1682 4652; x_wconf 90' lang='lat' dir='ltr'>nostra</span> <span class='ocrx_word' id='word_1_314' title='bbox 1712 4587 1746 4651; x_wconf 93' lang='lat' dir='ltr'>id</span> <span class='ocrx_word' id='word_1_315' title='bbox 1774 4587 1880 4651; x_wconf 89' lang='lat' dir='ltr'>denuo</span> 
     </span>
     <span class='ocr_line' id='line_1_33' title="bbox 228 4690 1881 4780; baseline 0.002 -26"><span class='ocrx_word' id='word_1_316' title='bbox 228 4690 298 4755; x_wconf 82' lang='lat' dir='ltr'>fieri</span> <span class='ocrx_word' id='word_1_317' title='bbox 320 4692 549 4757; x_wconf 89' lang='lat' dir='ltr'>munificencia</span> <span class='ocrx_word' id='word_1_318' title='bbox 572 4693 711 4779; x_wconf 84' lang='lat' dir='ltr'>supplex</span> <span class='ocrx_word' id='word_1_319' title='bbox 735 4696 871 4780; x_wconf 87' lang='lat' dir='ltr'>rogavit.</span> <span class='ocrx_word' id='word_1_320' title='bbox 912 4692 1014 4759; x_wconf 82' lang='lat' dir='ltr'>Cuius</span> <span class='ocrx_word' id='word_1_321' title='bbox 1033 4710 1086 4775; x_wconf 80' lang='lat' dir='ltr'>piis</span> <span class='ocrx_word' id='word_1_322' title='bbox 1107 4709 1291 4776; x_wconf 76' lang='lat' dir='ltr'>peticionibus</span> <span class='ocrx_word' id='word_1_323' title='bbox 1310 4710 1496 4759; x_wconf 69' lang='lat' dir='ltr'>mencientes</span> <span class='ocrx_word' id='word_1_324' title='bbox 1516 4693 1653 4759; x_wconf 89' lang='lat' dir='ltr'>cenobio</span> <span class='ocrx_word' id='word_1_325' title='bbox 1673 4695 1719 4758; x_wconf 93' lang='lat' dir='ltr'>illi</span> <span class='ocrx_word' id='word_1_326' title='bbox 1739 4709 1773 4758; x_wconf 83' lang='lat' dir='ltr'>ed</span> <span class='ocrx_word' id='word_1_327' title='bbox 1795 4706 1881 4773; x_wconf 78' lang='lat' dir='ltr'>legem</span> 
     </span>
     <span class='ocr_line' id='line_1_34' title="bbox 229 4812 1881 4881; baseline 0.002 -20"><span class='ocrx_word' id='word_1_328' title='bbox 229 4820 256 4862; x_wconf 84' lang='lat' dir='ltr'>et</span> <span class='ocrx_word' id='word_1_329' title='bbox 275 4813 309 4862; x_wconf 85' lang='lat' dir='ltr'>ad</span> <span class='ocrx_word' id='word_1_330' title='bbox 328 4812 482 4878; x_wconf 83' lang='lat' dir='ltr'>regularem</span> <span class='ocrx_word' id='word_1_331' title='bbox 501 4814 623 4865; x_wconf 87' lang='lat' dir='ltr'>ordinem</span> <span class='ocrx_word' id='word_1_332' title='bbox 643 4823 798 4865; x_wconf 88' lang='lat' dir='ltr'>ceterorum</span> <span class='ocrx_word' id='word_1_333' title='bbox 817 4818 1044 4867; x_wconf 87' lang='lat' dir='ltr'>monasteriorum</span> <span class='ocrx_word' id='word_1_334' title='bbox 1063 4818 1091 4867; x_wconf 91' lang='lat' dir='ltr'>in</span> <span class='ocrx_word' id='word_1_335' title='bbox 1110 4822 1204 4868; x_wconf 84' lang='lat' dir='ltr'>nostro</span> <span class='ocrx_word' id='word_1_336' title='bbox 1224 4832 1308 4879; x_wconf 88' lang='lat' dir='ltr'>regno</span> <span class='ocrx_word' id='word_1_337' title='bbox 1322 4816 1494 4881; x_wconf 85' lang='lat' dir='ltr'>degencium,</span> <span class='ocrx_word' id='word_1_338' title='bbox 1514 4815 1622 4866; x_wconf 84' lang='lat' dir='ltr'>seilicet</span> <span class='ocrx_word' id='word_1_339' title='bbox 1635 4815 1881 4877; x_wconf 84' lang='lat' dir='ltr'>Quiddelinburch,</span> 
     </span>
     <span class='ocr_line' id='line_1_35' title="bbox 184 4918 1880 4988; baseline 0.002 -19"><span class='ocrx_word' id='word_1_340' title='bbox 184 4934 210 4974; x_wconf 76' lang='lat' dir='ltr'>aa</span> <span class='ocrx_word' id='word_1_341' title='bbox 228 4918 457 4985; x_wconf 80' lang='lat' dir='ltr'>Gauderesbeym,</span> <span class='ocrx_word' id='word_1_342' title='bbox 482 4922 596 4971; x_wconf 80' lang='lat' dir='ltr'>Asuithe</span> <span class='ocrx_word' id='word_1_343' title='bbox 621 4920 775 4972; x_wconf 86' lang='lat' dir='ltr'>libertatem</span> <span class='ocrx_word' id='word_1_344' title='bbox 795 4923 919 4973; x_wconf 87' lang='lat' dir='ltr'>dedimus</span> <span class='ocrx_word' id='word_1_345' title='bbox 939 4932 967 4973; x_wconf 90' lang='lat' dir='ltr'>et</span> <span class='ocrx_word' id='word_1_346' title='bbox 985 4925 1020 4973; x_wconf 89' lang='lat' dir='ltr'>ab</span> <span class='ocrx_word' id='word_1_347' title='bbox 1040 4926 1113 4975; x_wconf 89' lang='lat' dir='ltr'>omni</span> <span class='ocrx_word' id='word_1_348' title='bbox 1134 4923 1326 4988; x_wconf 86' lang='lat' dir='ltr'>inquietudine</span> <span class='ocrx_word' id='word_1_349' title='bbox 1351 4923 1485 4974; x_wconf 86' lang='lat' dir='ltr'>secularis</span> <span class='ocrx_word' id='word_1_350' title='bbox 1505 4924 1684 4974; x_wconf 87' lang='lat' dir='ltr'>districtionis</span> <span class='ocrx_word' id='word_1_351' title='bbox 1704 4924 1770 4987; x_wconf 87' lang='lat' dir='ltr'>iugo</span> <span class='ocrx_word' id='word_1_352' title='bbox 1791 4922 1880 4973; x_wconf 85' lang='lat' dir='ltr'>absol-</span> 
     </span>
     <span class='ocr_line' id='line_1_36' title="bbox 228 5013 1882 5095; baseline 0.002 -19"><span class='ocrx_word' id='word_1_353' title='bbox 228 5028 324 5087; x_wconf 81' lang='lat' dir='ltr'>vimus,</span> <span class='ocrx_word' id='word_1_354' title='bbox 346 5044 380 5077; x_wconf 86' lang='lat' dir='ltr'>ea</span> <span class='ocrx_word' id='word_1_355' title='bbox 398 5028 508 5079; x_wconf 88' lang='lat' dir='ltr'>racione</span> <span class='ocrx_word' id='word_1_356' title='bbox 528 5036 559 5078; x_wconf 88' lang='lat' dir='ltr'>ut</span> <span class='ocrx_word' id='word_1_357' title='bbox 577 5027 670 5079; x_wconf 88' lang='lat' dir='ltr'>nullus</span> <span class='ocrx_word' id='word_1_358' title='bbox 690 5031 837 5095; x_wconf 82' lang='lat' dir='ltr'>episcopus</span> <span class='ocrx_word' id='word_1_359' title='bbox 857 5046 949 5081; x_wconf 84' lang='lat' dir='ltr'>comes</span> <span class='ocrx_word' id='word_1_360' title='bbox 969 5032 1053 5082; x_wconf 85' lang='lat' dir='ltr'>iudex</span> <span class='ocrx_word' id='word_1_361' title='bbox 1073 5039 1122 5082; x_wconf 90' lang='lat' dir='ltr'>aut</span> <span class='ocrx_word' id='word_1_362' title='bbox 1141 5031 1293 5081; x_wconf 88' lang='lat' dir='ltr'>advocatus</span> <span class='ocrx_word' id='word_1_363' title='bbox 1311 5031 1340 5079; x_wconf 85' lang='lat' dir='ltr'>in</span> <span class='ocrx_word' id='word_1_364' title='bbox 1359 5030 1528 5095; x_wconf 86' lang='lat' dir='ltr'>exequendis</span> <span class='ocrx_word' id='word_1_365' title='bbox 1547 5031 1638 5080; x_wconf 88' lang='lat' dir='ltr'>causis</span> <span class='ocrx_word' id='word_1_366' title='bbox 1662 5013 1717 5080; x_wconf 70' lang='lat' dir='ltr'>ido</span> <span class='ocrx_word' id='word_1_367' title='bbox 1741 5036 1789 5080; x_wconf 89' lang='lat' dir='ltr'>aut</span> <span class='ocrx_word' id='word_1_368' title='bbox 1806 5028 1882 5079; x_wconf 88' lang='lat' dir='ltr'>illius</span> 
     </span>
     <span class='ocr_line' id='line_1_37' title="bbox 230 5133 1883 5204; baseline 0.001 -21"><span class='ocrx_word' id='word_1_369' title='bbox 230 5133 282 5185; x_wconf 89' lang='lat' dir='ltr'>loci</span> <span class='ocrx_word' id='word_1_370' title='bbox 308 5151 403 5185; x_wconf 85' lang='lat' dir='ltr'>servos</span> <span class='ocrx_word' id='word_1_371' title='bbox 428 5136 561 5203; x_wconf 87' lang='lat' dir='ltr'>stringere</span> <span class='ocrx_word' id='word_1_372' title='bbox 582 5135 625 5187; x_wconf 86' lang='lat' dir='ltr'>vel</span> <span class='ocrx_word' id='word_1_373' title='bbox 649 5135 763 5202; x_wconf 87' lang='lat' dir='ltr'>aliquod</span> <span class='ocrx_word' id='word_1_374' title='bbox 785 5138 933 5188; x_wconf 88' lang='lat' dir='ltr'>servicium</span> <span class='ocrx_word' id='word_1_375' title='bbox 959 5140 1023 5190; x_wconf 89' lang='lat' dir='ltr'>inde</span> <span class='ocrx_word' id='word_1_376' title='bbox 1043 5140 1152 5204; x_wconf 83' lang='lat' dir='ltr'>exigere</span> <span class='ocrx_word' id='word_1_377' title='bbox 1180 5145 1228 5189; x_wconf 83' lang='lat' dir='ltr'>aut</span> <span class='ocrx_word' id='word_1_378' title='bbox 1253 5137 1384 5203; x_wconf 91' lang='lat' dir='ltr'>placitum</span> <span class='ocrx_word' id='word_1_379' title='bbox 1411 5139 1439 5187; x_wconf 92' lang='lat' dir='ltr'>in</span> <span class='ocrx_word' id='word_1_380' title='bbox 1465 5144 1613 5188; x_wconf 89' lang='lat' dir='ltr'>memorate</span> <span class='ocrx_word' id='word_1_381' title='bbox 1637 5137 1755 5188; x_wconf 86' lang='lat' dir='ltr'>ecclesie</span> <span class='ocrx_word' id='word_1_382' title='bbox 1781 5137 1883 5202; x_wconf 85' lang='lat' dir='ltr'>prediis</span> 
     </span>
     <span class='ocr_line' id='line_1_38' title="bbox 229 5242 1884 5311; baseline 0.001 -20"><span class='ocrx_word' id='word_1_383' title='bbox 229 5258 310 5308; x_wconf 87' lang='lat' dir='ltr'>agere</span> <span class='ocrx_word' id='word_1_384' title='bbox 336 5242 456 5307; x_wconf 87' lang='lat' dir='ltr'>aliquam</span> <span class='ocrx_word' id='word_1_385' title='bbox 483 5250 648 5309; x_wconf 86' lang='lat' dir='ltr'>potestatem</span> <span class='ocrx_word' id='word_1_386' title='bbox 674 5245 802 5303; x_wconf 86' lang='lat' dir='ltr'>habeant,</span> <span class='ocrx_word' id='word_1_387' title='bbox 828 5245 882 5295; x_wconf 89' lang='lat' dir='ltr'>nisi</span> <span class='ocrx_word' id='word_1_388' title='bbox 902 5261 955 5310; x_wconf 89' lang='lat' dir='ltr'>que</span> <span class='ocrx_word' id='word_1_389' title='bbox 975 5247 1069 5297; x_wconf 68' lang='lat' dir='ltr'>dimna</span> <span class='ocrx_word' id='word_1_390' title='bbox 1087 5254 1151 5296; x_wconf 88' lang='lat' dir='ltr'>sunt</span> <span class='ocrx_word' id='word_1_391' title='bbox 1170 5253 1198 5295; x_wconf 89' lang='lat' dir='ltr'>et</span> <span class='ocrx_word' id='word_1_392' title='bbox 1217 5252 1350 5310; x_wconf 83' lang='lat' dir='ltr'>quantum</span> <span class='ocrx_word' id='word_1_393' title='bbox 1369 5246 1456 5310; x_wconf 86' lang='lat' dir='ltr'>ipsius</span> <span class='ocrx_word' id='word_1_394' title='bbox 1478 5242 1531 5294; x_wconf 89' lang='lat' dir='ltr'>loci</span> <span class='ocrx_word' id='word_1_395' title='bbox 1551 5245 1690 5296; x_wconf 87' lang='lat' dir='ltr'>abbatisse</span> <span class='ocrx_word' id='word_1_396' title='bbox 1710 5244 1828 5311; x_wconf 85' lang='lat' dir='ltr'>placeat,</span> <span class='ocrx_word' id='word_1_397' title='bbox 1856 5252 1884 5293; x_wconf 92' lang='lat' dir='ltr'>et</span> 
     </span>
    </p>
   </div>
   <div class='ocr_carea' id='block_1_12' title="bbox 229 5349 1883 5417">
    <p class='ocr_par' dir='ltr' id='par_1_14' title="bbox 229 5349 1883 5417">
     <span class='ocr_line' id='line_1_39' title="bbox 229 5349 1883 5417; baseline 0 -18"><span class='ocrx_word' id='word_1_398' title='bbox 229 5356 260 5399; x_wconf 90' lang='lat' dir='ltr'>ut</span> <span class='ocrx_word' id='word_1_399' title='bbox 283 5366 391 5401; x_wconf 87' lang='lat' dir='ltr'>sorores</span> <span class='ocrx_word' id='word_1_400' title='bbox 417 5357 511 5402; x_wconf 87' lang='lat' dir='ltr'>sancte</span> <span class='ocrx_word' id='word_1_401' title='bbox 534 5353 761 5416; x_wconf 83' lang='lat' dir='ltr'>congregacionis</span> <span class='ocrx_word' id='word_1_402' title='bbox 787 5353 856 5402; x_wconf 88' lang='lat' dir='ltr'>inibi</span> <span class='ocrx_word' id='word_1_403' title='bbox 879 5353 933 5404; x_wconf 88' lang='lat' dir='ltr'>deo</span> <span class='ocrx_word' id='word_1_404' title='bbox 957 5353 1107 5403; x_wconf 82' lang='lat' dir='ltr'>militantes</span> <span class='ocrx_word' id='word_1_405' title='bbox 1134 5354 1162 5403; x_wconf 87' lang='lat' dir='ltr'>iu</span> <span class='ocrx_word' id='word_1_406' title='bbox 1186 5353 1280 5402; x_wconf 83' lang='lat' dir='ltr'>futura</span> <span class='ocrx_word' id='word_1_407' title='bbox 1305 5360 1430 5417; x_wconf 85' lang='lat' dir='ltr'>tempora</span> <span class='ocrx_word' id='word_1_408' title='bbox 1455 5353 1484 5401; x_wconf 87' lang='lat' dir='ltr'>iu</span> <span class='ocrx_word' id='word_1_409' title='bbox 1511 5349 1598 5402; x_wconf 88' lang='lat' dir='ltr'>libero</span> <span class='ocrx_word' id='word_1_410' title='bbox 1622 5352 1736 5402; x_wconf 85' lang='lat' dir='ltr'>arbitrio</span> <span class='ocrx_word' id='word_1_411' title='bbox 1755 5351 1883 5410; x_wconf 80' lang='lat' dir='ltr'>babeant,</span> 
     </span>
    </p>
   </div>
   <div class='ocr_carea' id='block_1_13' title="bbox 184 5520 1026 5863">
    <p class='ocr_par' dir='ltr' id='par_1_15' title="bbox 184 5520 1026 5863">
     <span class='ocr_line' id='line_1_40' title="bbox 184 5520 1026 5592; baseline 0.001 -15"><span class='ocrx_word' id='word_1_412' title='bbox 184 5540 211 5577; x_wconf 75' lang='lat' dir='ltr'>to</span> <span class='ocrx_word' id='word_1_413' title='bbox 257 5520 317 5578; x_wconf 64' lang='grc' dir='ltr'>ΒΨ.</span> <span class='ocrx_word' id='word_1_414' title='bbox 335 5524 486 5589; x_wconf 55' lang='lat' dir='ltr'>remandes,</span> <span class='ocrx_word' id='word_1_415' title='bbox 521 5525 637 5576; x_wconf 67' lang='lat' dir='ltr'>moa</span> <span class='ocrx_word' id='word_1_416' title='bbox 665 5542 700 5577; x_wconf 78' lang='lat' dir='ltr'>zu</span> <span class='ocrx_word' id='word_1_417' title='bbox 730 5525 780 5578; x_wconf 71' lang='lat' dir='ltr'>dea</span> <span class='ocrx_word' id='word_1_418' title='bbox 810 5526 1026 5592; x_wconf 72' lang='lat' dir='ltr'>voranpeheadcn</span> 
     </span>
     <span class='ocr_line' id='line_1_41' title="bbox 335 5595 1026 5663; baseline 0.006 -17"><span class='ocrx_word' id='word_1_419' title='bbox 335 5596 439 5646; x_wconf 77' lang='lat' dir='ltr'>Nemea</span> <span class='ocrx_word' id='word_1_420' title='bbox 455 5595 570 5661; x_wconf 62' lang='lat' dir='ltr'>peteres</span> <span class='ocrx_word' id='word_1_421' title='bbox 648 5596 677 5663; x_wconf 93' lang='lat' dir='ltr'>h)</span> <span class='ocrx_word' id='word_1_422' title='bbox 701 5600 727 5649; x_wconf 73' lang='lat' dir='ltr'><strong><em>A</em></strong></span> <span class='ocrx_word' id='word_1_423' title='bbox 805 5596 825 5663; x_wconf 79' lang='lat' dir='ltr'>i)</span> <span class='ocrx_word' id='word_1_424' title='bbox 846 5600 876 5648; x_wconf 79' lang='lat' dir='ltr'>in</span> <span class='ocrx_word' id='word_1_425' title='bbox 894 5599 943 5649; x_wconf 70' lang='lat' dir='ltr'>des·</span> <span class='ocrx_word' id='word_1_426' title='bbox 960 5598 1026 5650; x_wconf 78' lang='lat' dir='ltr'>acels</span> 
     </span>
     <span class='ocr_line' id='line_1_42' title="bbox 334 5666 1025 5730; baseline 0.006 -13"><span class='ocrx_word' id='word_1_427' title='bbox 334 5667 549 5730; x_wconf 67' lang='lat' dir='ltr'>uaccr‘fdlocbten</span> <span class='ocrx_word' id='word_1_428' title='bbox 570 5666 698 5721; x_wconf 73' lang='lat' dir='ltr'>Urlvsade</span> <span class='ocrx_word' id='word_1_429' title='bbox 716 5669 765 5719; x_wconf 78' lang='lat' dir='ltr'>bot</span> <span class='ocrx_word' id='word_1_430' title='bbox 782 5669 830 5719; x_wconf 77' lang='lat' dir='ltr'>der</span> <span class='ocrx_word' id='word_1_431' title='bbox 848 5668 959 5721; x_wconf 77' lang='lat' dir='ltr'>Scbluea</span> <span class='ocrx_word' id='word_1_432' title='bbox 977 5686 1025 5721; x_wconf 82' lang='lat' dir='ltr'>von</span> 
     </span>
     <span class='ocr_line' id='line_1_43' title="bbox 334 5735 1026 5805; baseline 0.003 -15"><span class='ocrx_word' id='word_1_433' title='bbox 334 5735 438 5791; x_wconf 87' lang='lat' dir='ltr'>firmius</span> <span class='ocrx_word' id='word_1_434' title='bbox 465 5737 599 5791; x_wconf 87' lang='lat' dir='ltr'>habeatnr</span> <span class='ocrx_word' id='word_1_435' title='bbox 625 5756 662 5791; x_wconf 80' lang='lat' dir='ltr'>aa</span> <span class='ocrx_word' id='word_1_436' title='bbox 682 5739 830 5805; x_wconf 73' lang='lat' dir='ltr'>Jedeafalle</span> <span class='ocrx_word' id='word_1_437' title='bbox 855 5756 885 5792; x_wconf 87' lang='lat' dir='ltr'>so</span> <span class='ocrx_word' id='word_1_438' title='bbox 910 5741 1026 5805; x_wconf 70' lang='lat' dir='ltr'>pelautct</span> 
     </span>
     <span class='ocr_line' id='line_1_44' title="bbox 335 5809 554 5863; baseline 0.014 -3"><span class='ocrx_word' id='word_1_439' title='bbox 335 5812 383 5861; x_wconf 76' lang='lat' dir='ltr'>wie</span> <span class='ocrx_word' id='word_1_440' title='bbox 400 5811 430 5860; x_wconf 75' lang='lat' dir='ltr'>in</span> <span class='ocrx_word' id='word_1_441' title='bbox 449 5809 484 5863; x_wconf 88' lang='lat' dir='ltr'>D.</span> <span class='ocrx_word' id='word_1_442' title='bbox 498 5811 554 5863; x_wconf 71' lang='lat'>39⁶.</span> 
     </span>
    </p>
   </div>
   <div class='ocr_carea' id='block_1_14' title="bbox 184 5894 1829 5967">
    <p class='ocr_par' dir='ltr' id='par_1_16' title="bbox 184 5894 1829 5967">
     <span class='ocr_line' id='line_1_45' title="bbox 184 5894 1829 5967; baseline 0.001 -14"><span class='ocrx_word' id='word_1_443' title='bbox 184 5913 211 5953; x_wconf 68' lang='lat' dir='ltr'>ab</span> <span class='ocrx_word' id='word_1_444' title='bbox 316 5894 362 5951; x_wconf 74' lang='lat' dir='ltr'>lb.</span> <span class='ocrx_word' id='word_1_445' title='bbox 388 5896 535 5967; x_wconf 74' lang='lat' dir='ltr'>[Bresslau]</span> <span class='ocrx_word' id='word_1_446' title='bbox 590 5900 617 5967; x_wconf 89' lang='lat' dir='ltr'>a)</span> <span class='ocrx_word' id='word_1_447' title='bbox 635 5899 686 5951; x_wconf 76' lang='lat' dir='ltr'>dae</span> <span class='ocrx_word' id='word_1_448' title='bbox 703 5898 989 5965; x_wconf 66' lang='lat' dir='ltr'>Askarzunqoeeasen</span> <span class='ocrx_word' id='word_1_449' title='bbox 1008 5900 1073 5953; x_wconf 67' lang='lat' dir='ltr'>tiber</span> <span class='ocrx_word' id='word_1_450' title='bbox 1091 5900 1149 5952; x_wconf 57' lang='lat' dir='ltr'>mm</span> <span class='ocrx_word' id='word_1_451' title='bbox 1166 5902 1273 5952; x_wconf 62' lang='lat' dir='ltr'>meten</span> <span class='ocrx_word' id='word_1_452' title='bbox 1292 5917 1307 5953; x_wconf 90' lang='lat' dir='ltr'>e</span> <span class='ocrx_word' id='word_1_453' title='bbox 1326 5901 1394 5963; x_wconf 79' lang='lat' dir='ltr'>fehlt</span> <span class='ocrx_word' id='word_1_454' title='bbox 1412 5901 1442 5951; x_wconf 66' lang='grc' dir='ltr'>ἐπ</span> <span class='ocrx_word' id='word_1_455' title='bbox 1462 5899 1486 5950; x_wconf 89' lang='grc' dir='ltr'><em>Β</em></span> <span class='ocrx_word' id='word_1_456' title='bbox 1567 5899 1597 5966; x_wconf 85' lang='lat' dir='ltr'>b)</span> <span class='ocrx_word' id='word_1_457' title='bbox 1615 5899 1654 5963; x_wconf 87' lang='lat' dir='ltr'>B;</span> <span class='ocrx_word' id='word_1_458' title='bbox 1673 5897 1746 5951; x_wconf 87' lang='lat' dir='ltr'>idern</span> <span class='ocrx_word' id='word_1_459' title='bbox 1770 5899 1829 5954; x_wconf 64' lang='lat' dir='ltr'>VU-</span> 
     </span>
    </p>
   </div>
   <div class='ocr_carea' id='block_1_15' title="bbox 0 0 2409 6516">
    <p class='ocr_par' dir='ltr' id='par_1_17' title="bbox 0 0 2409 6516">
     <span class='ocr_line' id='line_1_46' title="bbox 0 0 2409 6516; baseline 0 0"><span class='ocrx_word' id='word_1_460' title='bbox 0 0 2409 6516; x_wconf 95' lang='lat' dir='ltr'> </span> 
     </span>
    </p>
   </div>
  </div>
 </body>
</html>
