<?xml version="1.0" encoding="UTF-8"?>
<!DOCTYPE html PUBLIC "-//W3C//DTD XHTML 1.0 Transitional//EN"
    "http://www.w3.org/TR/xhtml1/DTD/xhtml1-transitional.dtd">
<html xmlns="http://www.w3.org/1999/xhtml" xml:lang="en" lang="en">
 <head>
  <title>
</title>
<meta http-equiv="Content-Type" content="text/html;charset=utf-8" />
  <meta name='ocr-system' content='tesseract 3.04.00' />
  <meta name='ocr-capabilities' content='ocr_page ocr_carea ocr_par ocr_line ocrx_word'/>
</head>
<body>
  <div class='ocr_page' id='page_1' title='image "./monumentagerman01gescgoog_0042.png"; bbox 0 0 4800 6516; ppageno 0'>
   <div class='ocr_carea' id='block_1_1' title="bbox 801 494 1843 558">
    <p class='ocr_par' dir='ltr' id='par_1_1' title="bbox 801 494 1843 558">
     <span class='ocr_line' id='line_1_1' title="bbox 801 494 1843 558; baseline -0.002 0"><span class='ocrx_word' id='word_1_1' title='bbox 801 501 1038 558; x_wconf 87' lang='lat' dir='ltr'>HEINRICH</span> <span class='ocrx_word' id='word_1_2' title='bbox 1060 502 1097 556; x_wconf 92' lang='grc' dir='ltr'>Π.</span> <span class='ocrx_word' id='word_1_3' title='bbox 1141 500 1236 558; x_wconf 84' lang='grc'>1002.</span> <span class='ocrx_word' id='word_1_4' title='bbox 1825 494 1843 556; x_wconf 87' lang='lat' dir='ltr'>&#39;l</span> 
     </span>
    </p>
   </div>
   <div class='ocr_carea' id='block_1_2' title="bbox 152 686 1846 1845">
    <p class='ocr_par' dir='ltr' id='par_1_2' title="bbox 194 686 1845 1097">
     <span class='ocr_line' id='line_1_2' title="bbox 194 686 1845 777; baseline -0.002 -22"><span class='ocrx_word' id='word_1_5' title='bbox 194 695 285 755; x_wconf 85' lang='lat' dir='ltr'>tum¹</span> <span class='ocrx_word' id='word_1_6' title='bbox 307 690 501 777; x_wconf 81' lang='lat' dir='ltr'><strong>potestative</strong></span> <span class='ocrx_word' id='word_1_7' title='bbox 524 689 699 754; x_wconf 89' lang='lat' dir='ltr'>tenendam</span> <span class='ocrx_word' id='word_1_8' title='bbox 723 690 953 771; x_wconf 80' lang='lat' dir='ltr'>concessimus,</span> <span class='ocrx_word' id='word_1_9' title='bbox 985 712 1060 754; x_wconf 92' lang='lat' dir='ltr'>cum</span> <span class='ocrx_word' id='word_1_10' title='bbox 1082 687 1232 754; x_wconf 86' lang='lat' dir='ltr'>omnibus</span> <span class='ocrx_word' id='word_1_11' title='bbox 1256 688 1363 752; x_wconf 90' lang='lat' dir='ltr'>eidem</span> <span class='ocrx_word' id='word_1_12' title='bbox 1391 686 1523 752; x_wconf 80' lang='lat' dir='ltr'><strong>abbatie</strong></span> <span class='ocrx_word' id='word_1_13' title='bbox 1546 687 1783 775; x_wconf 88' lang='lat' dir='ltr'>pertinentibus</span> <span class='ocrx_word' id='word_1_14' title='bbox 1810 689 1845 752; x_wconf 93' lang='lat' dir='ltr'>in</span> 
     </span>
     <span class='ocr_line' id='line_1_3' title="bbox 195 793 1844 884; baseline -0.001 -23"><span class='ocrx_word' id='word_1_15' title='bbox 195 795 454 884; x_wconf 89' lang='lat' dir='ltr'>quibuscumque</span> <span class='ocrx_word' id='word_1_16' title='bbox 477 796 563 860; x_wconf 86' lang='lat' dir='ltr'>villis</span> <span class='ocrx_word' id='word_1_17' title='bbox 586 795 640 861; x_wconf 87' lang='lat' dir='ltr'>vel</span> <span class='ocrx_word' id='word_1_18' title='bbox 662 797 757 883; x_wconf 81' lang='lat' dir='ltr'>pagis</span> <span class='ocrx_word' id='word_1_19' title='bbox 781 797 850 860; x_wconf 86' lang='lat' dir='ltr'>sive</span> <span class='ocrx_word' id='word_1_20' title='bbox 874 797 1027 861; x_wconf 89' lang='lat' dir='ltr'>teritoriis</span> <span class='ocrx_word' id='word_1_21' title='bbox 1051 806 1084 860; x_wconf 86' lang='lat' dir='ltr'>et</span> <span class='ocrx_word' id='word_1_22' title='bbox 1107 794 1324 877; x_wconf 88' lang='lat' dir='ltr'>comitatibus,</span> <span class='ocrx_word' id='word_1_23' title='bbox 1349 795 1384 860; x_wconf 94' lang='lat' dir='ltr'>id</span> <span class='ocrx_word' id='word_1_24' title='bbox 1407 807 1457 859; x_wconf 85' lang='lat' dir='ltr'>est</span> <span class='ocrx_word' id='word_1_25' title='bbox 1479 793 1654 860; x_wconf 88' lang='lat' dir='ltr'>mobilibus</span> <span class='ocrx_word' id='word_1_26' title='bbox 1677 806 1710 859; x_wconf 94' lang='lat' dir='ltr'>et</span> <span class='ocrx_word' id='word_1_27' title='bbox 1732 797 1844 860; x_wconf 90' lang='lat' dir='ltr'>immo·</span> 
     </span>
     <span class='ocr_line' id='line_1_4' title="bbox 194 899 1844 989; baseline -0.001 -22"><span class='ocrx_word' id='word_1_28' title='bbox 194 902 313 968; x_wconf 94' lang='lat' dir='ltr'>bilibus</span> <span class='ocrx_word' id='word_1_29' title='bbox 333 905 437 968; x_wconf 87' lang='lat' dir='ltr'>servis</span> <span class='ocrx_word' id='word_1_30' title='bbox 456 914 489 968; x_wconf 90' lang='lat' dir='ltr'>et</span> <span class='ocrx_word' id='word_1_31' title='bbox 507 902 634 968; x_wconf 88' lang='lat' dir='ltr'>ancillis</span> <span class='ocrx_word' id='word_1_32' title='bbox 653 904 804 989; x_wconf 82' lang='lat' dir='ltr'>ingenuis</span> <span class='ocrx_word' id='word_1_33' title='bbox 823 914 856 967; x_wconf 89' lang='lat' dir='ltr'>et</span> <span class='ocrx_word' id='word_1_34' title='bbox 874 902 1029 967; x_wconf 85' lang='lat' dir='ltr'>fiscalinis</span> <span class='ocrx_word' id='word_1_35' title='bbox 1048 904 1133 967; x_wconf 87' lang='lat' dir='ltr'>areis</span> <span class='ocrx_word' id='word_1_36' title='bbox 1153 901 1311 967; x_wconf 87' lang='lat' dir='ltr'>aedificiis</span> <span class='ocrx_word' id='word_1_37' title='bbox 1330 902 1417 988; x_wconf 89' lang='lat' dir='ltr'>agris</span> <span class='ocrx_word' id='word_1_38' title='bbox 1436 903 1532 966; x_wconf 87' lang='lat' dir='ltr'>terris</span> <span class='ocrx_word' id='word_1_39' title='bbox 1550 899 1644 966; x_wconf 87' lang='lat' dir='ltr'>cultis</span> <span class='ocrx_word' id='word_1_40' title='bbox 1664 913 1696 966; x_wconf 90' lang='lat' dir='ltr'>et</span> <span class='ocrx_word' id='word_1_41' title='bbox 1714 901 1844 967; x_wconf 89' lang='lat' dir='ltr'>incultis</span> 
     </span>
     <span class='ocr_line' id='line_1_5' title="bbox 195 1007 1844 1097; baseline 0 -24"><span class='ocrx_word' id='word_1_42' title='bbox 195 1010 295 1096; x_wconf 90' lang='lat' dir='ltr'>pratis</span> <span class='ocrx_word' id='word_1_43' title='bbox 325 1011 457 1097; x_wconf 78' lang='lat' dir='ltr'>pascuis</span> <span class='ocrx_word' id='word_1_44' title='bbox 488 1011 558 1074; x_wconf 88' lang='lat' dir='ltr'>sive</span> <span class='ocrx_word' id='word_1_45' title='bbox 589 1010 794 1097; x_wconf 81' lang='lat' dir='ltr'>compascuis</span> <span class='ocrx_word' id='word_1_46' title='bbox 824 1009 914 1073; x_wconf 88' lang='lat' dir='ltr'>silvis</span> <span class='ocrx_word' id='word_1_47' title='bbox 944 1009 1072 1074; x_wconf 86' lang='lat' dir='ltr'>forestis</span> <span class='ocrx_word' id='word_1_48' title='bbox 1096 1007 1324 1074; x_wconf 85' lang='lat' dir='ltr'>venationibus</span> <span class='ocrx_word' id='word_1_49' title='bbox 1347 1010 1451 1073; x_wconf 91' lang='lat' dir='ltr'>vineis</span> <span class='ocrx_word' id='word_1_50' title='bbox 1475 1009 1593 1073; x_wconf 89' lang='lat' dir='ltr'>vinctis</span> <span class='ocrx_word' id='word_1_51' title='bbox 1624 1010 1717 1095; x_wconf 86' lang='lat' dir='ltr'>aquis</span> <span class='ocrx_word' id='word_1_52' title='bbox 1745 1031 1844 1096; x_wconf 90' lang='lat' dir='ltr'>aqua·</span> 
     </span>
    </p>

    <p class='ocr_par' dir='ltr' id='par_1_3' title="bbox 158 1114 1846 1630">
     <span class='ocr_line' id='line_1_6' title="bbox 158 1114 1845 1206; baseline -0.001 -25"><span class='ocrx_word' id='word_1_53' title='bbox 158 1142 173 1181; x_wconf 85' lang='lat' dir='ltr'>s</span> <span class='ocrx_word' id='word_1_54' title='bbox 195 1139 331 1204; x_wconf 86' lang='lat' dir='ltr'>rumque</span> <span class='ocrx_word' id='word_1_55' title='bbox 355 1115 548 1181; x_wconf 82' lang='lat' dir='ltr'>decursibus</span> <span class='ocrx_word' id='word_1_56' title='bbox 571 1114 807 1203; x_wconf 89' lang='lat' dir='ltr'>piscationibus</span> <span class='ocrx_word' id='word_1_57' title='bbox 830 1115 1025 1181; x_wconf 88' lang='lat' dir='ltr'>molendinis</span> <span class='ocrx_word' id='word_1_58' title='bbox 1040 1118 1103 1180; x_wconf 91' lang='lat' dir='ltr'>viis</span> <span class='ocrx_word' id='word_1_59' title='bbox 1127 1128 1160 1180; x_wconf 91' lang='lat' dir='ltr'>et</span> <span class='ocrx_word' id='word_1_60' title='bbox 1183 1117 1280 1179; x_wconf 88' lang='lat' dir='ltr'>inviis</span> <span class='ocrx_word' id='word_1_61' title='bbox 1304 1114 1447 1181; x_wconf 87' lang='lat' dir='ltr'>exitibus</span> <span class='ocrx_word' id='word_1_62' title='bbox 1473 1128 1505 1181; x_wconf 88' lang='lat' dir='ltr'>et</span> <span class='ocrx_word' id='word_1_63' title='bbox 1527 1114 1686 1180; x_wconf 84' lang='lat' dir='ltr'>reditibus</span> <span class='ocrx_word' id='word_1_64' title='bbox 1710 1117 1845 1206; x_wconf 68' lang='lat' dir='ltr'>quesitis</span> 
     </span>
     <span class='ocr_line' id='line_1_7' title="bbox 196 1221 1843 1313; baseline -0.001 -26"><span class='ocrx_word' id='word_1_65' title='bbox 196 1233 229 1288; x_wconf 90' lang='lat' dir='ltr'>et</span> <span class='ocrx_word' id='word_1_66' title='bbox 251 1223 453 1309; x_wconf 86' lang='lat' dir='ltr'>inquirendis</span> <span class='ocrx_word' id='word_1_67' title='bbox 477 1246 516 1288; x_wconf 88' lang='lat' dir='ltr'>ac</span> <span class='ocrx_word' id='word_1_68' title='bbox 541 1225 658 1311; x_wconf 74' lang='lat' dir='ltr'>ceteris</span> <span class='ocrx_word' id='word_1_69' title='bbox 682 1246 746 1313; x_wconf 72' lang='lat' dir='ltr'>quq</span> <span class='ocrx_word' id='word_1_70' title='bbox 771 1222 917 1310; x_wconf 87' lang='lat' dir='ltr'>quolibet</span> <span class='ocrx_word' id='word_1_71' title='bbox 938 1223 1035 1288; x_wconf 91' lang='lat' dir='ltr'>modo</span> <span class='ocrx_word' id='word_1_72' title='bbox 1058 1224 1170 1287; x_wconf 88' lang='lat' dir='ltr'>vocari</span> <span class='ocrx_word' id='word_1_73' title='bbox 1193 1233 1330 1309; x_wconf 88' lang='lat' dir='ltr'>possunt</span> <span class='ocrx_word' id='word_1_74' title='bbox 1352 1222 1556 1309; x_wconf 88' lang='lat' dir='ltr'>appendiciis</span> <span class='ocrx_word' id='word_1_75' title='bbox 1586 1234 1619 1287; x_wconf 85' lang='lat' dir='ltr'>et</span> <span class='ocrx_word' id='word_1_76' title='bbox 1642 1221 1843 1305; x_wconf 90' lang='lat' dir='ltr'>utensilibus,</span> 
     </span>
     <span class='ocr_line' id='line_1_8' title="bbox 195 1328 1846 1417; baseline 0 -23"><span class='ocrx_word' id='word_1_77' title='bbox 195 1352 234 1395; x_wconf 90' lang='lat' dir='ltr'>eo</span> <span class='ocrx_word' id='word_1_78' title='bbox 257 1342 370 1394; x_wconf 87' lang='lat' dir='ltr'>tenore</span> <span class='ocrx_word' id='word_1_79' title='bbox 390 1332 565 1417; x_wconf 87' lang='lat' dir='ltr'>quatinus²</span> <span class='ocrx_word' id='word_1_80' title='bbox 586 1331 754 1417; x_wconf 88' lang='lat' dir='ltr'>praefatus</span> <span class='ocrx_word' id='word_1_81' title='bbox 778 1329 975 1394; x_wconf 83' lang='lat' dir='ltr'>venerabilis</span> <span class='ocrx_word' id='word_1_82' title='bbox 999 1331 1133 1395; x_wconf 90' lang='lat' dir='ltr'>antistes</span> <span class='ocrx_word' id='word_1_83' title='bbox 1149 1330 1325 1395; x_wconf 89' lang='lat' dir='ltr'>Heinricus</span> <span class='ocrx_word' id='word_1_84' title='bbox 1348 1328 1485 1394; x_wconf 92' lang='lat' dir='ltr'>liberam</span> <span class='ocrx_word' id='word_1_85' title='bbox 1509 1328 1549 1394; x_wconf 91' lang='lat' dir='ltr'>de</span> <span class='ocrx_word' id='word_1_86' title='bbox 1574 1329 1689 1393; x_wconf 90' lang='lat' dir='ltr'>eadem</span> <span class='ocrx_word' id='word_1_87' title='bbox 1713 1328 1846 1394; x_wconf 83' lang='lat' dir='ltr'>abbatia</span> 
     </span>
     <span class='ocr_line' id='line_1_9' title="bbox 195 1434 1845 1524; baseline 0 -23"><span class='ocrx_word' id='word_1_88' title='bbox 195 1435 346 1501; x_wconf 89' lang='lat' dir='ltr'>omnibus</span> <span class='ocrx_word' id='word_1_89' title='bbox 369 1436 486 1501; x_wconf 89' lang='lat' dir='ltr'>diebus</span> <span class='ocrx_word' id='word_1_90' title='bbox 509 1438 597 1502; x_wconf 89' lang='lat' dir='ltr'>vitae</span> <span class='ocrx_word' id='word_1_91' title='bbox 622 1460 701 1501; x_wconf 90' lang='lat' dir='ltr'>suae</span> <span class='ocrx_word' id='word_1_92' title='bbox 724 1435 845 1501; x_wconf 85' lang='lat' dir='ltr'>habeat</span> <span class='ocrx_word' id='word_1_93' title='bbox 867 1448 1062 1524; x_wconf 86' lang='lat' dir='ltr'>potestatem</span> <span class='ocrx_word' id='word_1_94' title='bbox 1090 1460 1151 1500; x_wconf 90' lang='lat' dir='ltr'>usu</span> <span class='ocrx_word' id='word_1_95' title='bbox 1174 1437 1351 1501; x_wconf 75' lang='lat' dir='ltr'>stuctuarm</span> <span class='ocrx_word' id='word_1_96' title='bbox 1375 1434 1585 1523; x_wconf 81' lang='lat' dir='ltr'>possidendib</span> <span class='ocrx_word' id='word_1_97' title='bbox 1612 1435 1666 1500; x_wconf 87' lang='lat' dir='ltr'>vel</span> <span class='ocrx_word' id='word_1_98' title='bbox 1689 1437 1845 1523; x_wconf 90' lang='lat' dir='ltr'>quicquid</span> 
     </span>
     <span class='ocr_line' id='line_1_10' title="bbox 195 1541 1844 1630; baseline 0.001 -24"><span class='ocrx_word' id='word_1_99' title='bbox 195 1541 258 1607; x_wconf 84' lang='lat' dir='ltr'>sibi</span> <span class='ocrx_word' id='word_1_100' title='bbox 281 1566 340 1629; x_wconf 91' lang='lat' dir='ltr'>pro</span> <span class='ocrx_word' id='word_1_101' title='bbox 364 1565 422 1608; x_wconf 91' lang='lat' dir='ltr'>suo</span> <span class='ocrx_word' id='word_1_102' title='bbox 446 1544 639 1630; x_wconf 89' lang='lat' dir='ltr'>compendio</span> <span class='ocrx_word' id='word_1_103' title='bbox 663 1543 764 1609; x_wconf 88' lang='lat' dir='ltr'>libeat</span> <span class='ocrx_word' id='word_1_104' title='bbox 787 1543 941 1609; x_wconf 83' lang='lat' dir='ltr'>faciendi.</span> <span class='ocrx_word' id='word_1_105' title='bbox 986 1545 1031 1608; x_wconf 86' lang='lat' dir='ltr'>Et</span> <span class='ocrx_word' id='word_1_106' title='bbox 1053 1556 1089 1608; x_wconf 91' lang='lat' dir='ltr'>ut</span> <span class='ocrx_word' id='word_1_107' title='bbox 1111 1543 1192 1608; x_wconf 91' lang='lat' dir='ltr'>haec</span> <span class='ocrx_word' id='word_1_108' title='bbox 1215 1555 1345 1608; x_wconf 88' lang='lat' dir='ltr'>nostrae</span> <span class='ocrx_word' id='word_1_109' title='bbox 1369 1543 1552 1608; x_wconf 82' lang='lat' dir='ltr'>traditionis</span> <span class='ocrx_word' id='word_1_110' title='bbox 1580 1544 1757 1607; x_wconf 88' lang='lat' dir='ltr'>auctoritas</span> <span class='ocrx_word' id='word_1_111' title='bbox 1781 1554 1844 1608; x_wconf 86' lang='lat' dir='ltr'>sta·</span> 
     </span>
    </p>

    <p class='ocr_par' dir='ltr' id='par_1_4' title="bbox 152 1649 1846 1845">
     <span class='ocr_line' id='line_1_11' title="bbox 152 1649 1846 1739; baseline 0.001 -25"><span class='ocrx_word' id='word_1_112' title='bbox 152 1676 177 1714; x_wconf 88' lang='grc' dir='ltr'>ιο</span> <span class='ocrx_word' id='word_1_113' title='bbox 195 1649 269 1715; x_wconf 91' lang='lat' dir='ltr'>bilis</span> <span class='ocrx_word' id='word_1_114' title='bbox 293 1662 326 1714; x_wconf 87' lang='lat' dir='ltr'>et</span> <span class='ocrx_word' id='word_1_115' title='bbox 347 1651 540 1716; x_wconf 90' lang='lat' dir='ltr'>inconvulsa</span> <span class='ocrx_word' id='word_1_116' title='bbox 561 1664 762 1739; x_wconf 90' lang='lat' dir='ltr'>permaneat,</span> <span class='ocrx_word' id='word_1_117' title='bbox 786 1652 871 1717; x_wconf 93' lang='lat' dir='ltr'>hanc</span> <span class='ocrx_word' id='word_1_118' title='bbox 894 1652 1062 1738; x_wconf 88' lang='lat' dir='ltr'>praecepti</span> <span class='ocrx_word' id='word_1_119' title='bbox 1085 1652 1239 1737; x_wconf 83' lang='lat' dir='ltr'>paginam</span> <span class='ocrx_word' id='word_1_120' title='bbox 1262 1650 1339 1714; x_wconf 90' lang='lat' dir='ltr'>inde</span> <span class='ocrx_word' id='word_1_121' title='bbox 1359 1651 1577 1737; x_wconf 84' lang='lat' dir='ltr'>conscriptam</span> <span class='ocrx_word' id='word_1_122' title='bbox 1596 1673 1695 1714; x_wconf 91' lang='lat' dir='ltr'>manu</span> <span class='ocrx_word' id='word_1_123' title='bbox 1712 1652 1846 1737; x_wconf 90' lang='lat' dir='ltr'>propria</span> 
     </span>
     <span class='ocr_line' id='line_1_12' title="bbox 195 1756 1214 1845; baseline 0.001 -24"><span class='ocrx_word' id='word_1_124' title='bbox 195 1756 384 1822; x_wconf 90' lang='lat' dir='ltr'>roborantes</span> <span class='ocrx_word' id='word_1_125' title='bbox 409 1758 506 1844; x_wconf 92' lang='lat' dir='ltr'>sigilli</span> <span class='ocrx_word' id='word_1_126' title='bbox 529 1760 629 1823; x_wconf 83' lang='lat' dir='ltr'>nostri</span> <span class='ocrx_word' id='word_1_127' title='bbox 654 1760 856 1845; x_wconf 90' lang='lat' dir='ltr'>inpressione</span> <span class='ocrx_word' id='word_1_128' title='bbox 879 1759 1029 1845; x_wconf 91' lang='lat' dir='ltr'>insigniri</span> <span class='ocrx_word' id='word_1_129' title='bbox 1051 1758 1214 1822; x_wconf 88' lang='lat' dir='ltr'>iussimus.</span> 
     </span>
    </p>
   </div>
   <div class='ocr_carea' id='block_1_3' title="bbox 301 1898 1801 2131">
    <p class='ocr_par' dir='ltr' id='par_1_5' title="bbox 301 1898 1801 2131">
     <span class='ocr_line' id='line_1_13' title="bbox 301 1898 1292 1988; baseline -0.001 -24"><span class='ocrx_word' id='word_1_130' title='bbox 301 1899 319 1988; x_wconf 62' lang='grc' dir='ltr'>ξ</span> <span class='ocrx_word' id='word_1_131' title='bbox 343 1900 499 1986; x_wconf 71' lang='lat' dir='ltr'>Signum⁰</span> <span class='ocrx_word' id='word_1_132' title='bbox 528 1899 639 1965; x_wconf 88' lang='lat' dir='ltr'>domni</span> <span class='ocrx_word' id='word_1_133' title='bbox 661 1901 811 1966; x_wconf 86' lang='lat' dir='ltr'>Heinrici</span> <span class='ocrx_word' id='word_1_134' title='bbox 836 1908 900 1981; x_wconf 85' lang='grc' dir='ltr'>(Μ.)</span> <span class='ocrx_word' id='word_1_135' title='bbox 924 1902 1011 1986; x_wconf 90' lang='lat' dir='ltr'>regis</span> <span class='ocrx_word' id='word_1_136' title='bbox 1034 1901 1250 1964; x_wconf 85' lang='lat' dir='ltr'>invictissimi.</span> <span class='ocrx_word' id='word_1_137' title='bbox 1274 1898 1292 1988; x_wconf 61' lang='grc' dir='ltr'>ξ</span> 
     </span>
     <span class='ocr_line' id='line_1_14' title="bbox 302 2040 1801 2131; baseline 0.001 -25"><span class='ocrx_word' id='word_1_138' title='bbox 302 2040 530 2130; x_wconf 60' lang='lat' dir='ltr'>{Egilbertus</span> <span class='ocrx_word' id='word_1_139' title='bbox 554 2041 768 2106; x_wconf 85' lang='lat' dir='ltr'>cancellarius</span> <span class='ocrx_word' id='word_1_140' title='bbox 792 2045 865 2107; x_wconf 86' lang='lat' dir='ltr'>vice</span> <span class='ocrx_word' id='word_1_141' title='bbox 888 2042 1054 2129; x_wconf 89' lang='lat' dir='ltr'>Uuilligisi</span> <span class='ocrx_word' id='word_1_142' title='bbox 1077 2042 1331 2130; x_wconf 88' lang='lat' dir='ltr'>archicapellani</span> <span class='ocrx_word' id='word_1_143' title='bbox 1355 2065 1463 2129; x_wconf 89' lang='lat' dir='ltr'>recog.</span> <span class='ocrx_word' id='word_1_144' title='bbox 1486 2040 1504 2131; x_wconf 56' lang='grc' dir='ltr'><strong>ᾖ</strong></span> <span class='ocrx_word' id='word_1_145' title='bbox 1676 2051 1732 2123; x_wconf 83' lang='lat' dir='ltr'>(SI.</span> <span class='ocrx_word' id='word_1_146' title='bbox 1758 2050 1801 2123; x_wconf 83' lang='lat'>2.)</span> 
     </span>
    </p>
   </div>
   <div class='ocr_carea' id='block_1_4' title="bbox 153 2182 1845 2378">
    <p class='ocr_par' dir='ltr' id='par_1_6' title="bbox 153 2182 1845 2378">
     <span class='ocr_line' id='line_1_15' title="bbox 303 2182 1845 2269; baseline 0.003 -22"><span class='ocrx_word' id='word_1_147' title='bbox 303 2183 392 2248; x_wconf 88' lang='lat' dir='ltr'>Data</span> <span class='ocrx_word' id='word_1_148' title='bbox 423 2198 473 2247; x_wconf 86' lang='lat' dir='ltr'>VI.</span> <span class='ocrx_word' id='word_1_149' title='bbox 503 2183 547 2247; x_wconf 92' lang='lat' dir='ltr'>id.</span> <span class='ocrx_word' id='word_1_150' title='bbox 578 2182 633 2248; x_wconf 89' lang='lat' dir='ltr'>iul.</span> <span class='ocrx_word' id='word_1_151' title='bbox 664 2206 750 2249; x_wconf 92' lang='lat' dir='ltr'>anno</span> <span class='ocrx_word' id='word_1_152' title='bbox 781 2184 963 2250; x_wconf 89' lang='lat' dir='ltr'>dominicae</span> <span class='ocrx_word' id='word_1_153' title='bbox 994 2186 1227 2250; x_wconf 90' lang='lat' dir='ltr'>incarnationis</span> <span class='ocrx_word' id='word_1_154' title='bbox 1250 2199 1327 2268; x_wconf 81' lang='lat' dir='ltr'>Mil,</span> <span class='ocrx_word' id='word_1_155' title='bbox 1357 2184 1535 2249; x_wconf 89' lang='lat' dir='ltr'>indictione</span> <span class='ocrx_word' id='word_1_156' title='bbox 1559 2199 1621 2269; x_wconf 81' lang='lat' dir='ltr'>xv,</span> <span class='ocrx_word' id='word_1_157' title='bbox 1652 2208 1737 2251; x_wconf 90' lang='lat' dir='ltr'>anno</span> <span class='ocrx_word' id='word_1_158' title='bbox 1767 2208 1845 2251; x_wconf 86' lang='lat' dir='ltr'>vero</span> 
     </span>
     <span class='ocr_line' id='line_1_16' title="bbox 153 2288 1029 2378; baseline 0.005 -27"><span class='ocrx_word' id='word_1_159' title='bbox 153 2313 179 2352; x_wconf 82' lang='lat' dir='ltr'>rs</span> <span class='ocrx_word' id='word_1_160' title='bbox 197 2288 308 2353; x_wconf 89' lang='lat' dir='ltr'>domni</span> <span class='ocrx_word' id='word_1_161' title='bbox 331 2289 480 2354; x_wconf 90' lang='lat' dir='ltr'>Heinrici</span> <span class='ocrx_word' id='word_1_162' title='bbox 503 2291 590 2376; x_wconf 88' lang='lat' dir='ltr'>regis</span> <span class='ocrx_word' id='word_1_163' title='bbox 613 2305 643 2373; x_wconf 80' lang='lat'>13</span> <span class='ocrx_word' id='word_1_164' title='bbox 668 2303 778 2355; x_wconf 90' lang='lat' dir='ltr'>actum</span> <span class='ocrx_word' id='word_1_165' title='bbox 800 2290 1029 2378; x_wconf 88' lang='lat' dir='ltr'>Babenberge.</span> 
     </span>
    </p>
   </div>
   <div class='ocr_carea' id='block_1_5' title="bbox 268 2503 1731 2592">
    <p class='ocr_par' dir='ltr' id='par_1_7' title="bbox 268 2503 1731 2592">
     <span class='ocr_line' id='line_1_17' title="bbox 268 2503 1731 2592; baseline 0.003 -25"><span class='ocrx_word' id='word_1_166' title='bbox 268 2503 314 2572; x_wconf 66' lang='lat' dir='ltr'>bl.</span> <span class='ocrx_word' id='word_1_167' title='bbox 348 2510 377 2581; x_wconf 92' lang='lat' dir='ltr'>l)</span> <span class='ocrx_word' id='word_1_168' title='bbox 401 2555 408 2567; x_wconf 93' lang='lat'>.</span> <span class='ocrx_word' id='word_1_169' title='bbox 428 2554 435 2566; x_wconf 92' lang='lat'>.</span> <span class='ocrx_word' id='word_1_170' title='bbox 455 2554 462 2567; x_wconf 94' lang='lat'>.</span> <span class='ocrx_word' id='word_1_171' title='bbox 481 2524 658 2584; x_wconf 81' lang='lat' dir='ltr'>praeceptum</span> <span class='ocrx_word' id='word_1_172' title='bbox 682 2505 819 2591; x_wconf 90' lang='lat' dir='ltr'>perenni</span> <span class='ocrx_word' id='word_1_173' title='bbox 842 2506 911 2569; x_wconf 89' lang='lat' dir='ltr'>iure</span> <span class='ocrx_word' id='word_1_174' title='bbox 934 2506 970 2568; x_wconf 92' lang='lat' dir='ltr'>in</span> <span class='ocrx_word' id='word_1_175' title='bbox 992 2506 1159 2592; x_wconf 88' lang='lat' dir='ltr'>proprium</span> <span class='ocrx_word' id='word_1_176' title='bbox 1183 2504 1417 2591; x_wconf 85' lang='lat' dir='ltr'>delegavimus,</span> <span class='ocrx_word' id='word_1_177' title='bbox 1441 2536 1504 2570; x_wconf 85' lang='lat' dir='ltr'>eum</span> <span class='ocrx_word' id='word_1_178' title='bbox 1524 2522 1650 2571; x_wconf 87' lang='lat' dir='ltr'>omnibus</span> <span class='ocrx_word' id='word_1_179' title='bbox 1670 2557 1677 2571; x_wconf 91' lang='lat'>.</span> <span class='ocrx_word' id='word_1_180' title='bbox 1697 2557 1731 2571; x_wconf 90' lang='lat'>..</span> 
     </span>
    </p>
   </div>
   <div class='ocr_carea' id='block_1_6' title="bbox 263 2610 1846 2879">
    <p class='ocr_par' dir='ltr' id='par_1_8' title="bbox 263 2610 1846 2879">
     <span class='ocr_line' id='line_1_18' title="bbox 263 2610 1845 2699; baseline 0.003 -26"><span class='ocrx_word' id='word_1_181' title='bbox 263 2610 309 2680; x_wconf 68' lang='lat'>5⁶.</span> <span class='ocrx_word' id='word_1_182' title='bbox 342 2617 372 2690; x_wconf 81' lang='grc'>2)</span> <span class='ocrx_word' id='word_1_183' title='bbox 397 2627 607 2690; x_wconf 86' lang='lat' dir='ltr'>...quatinus</span> <span class='ocrx_word' id='word_1_184' title='bbox 626 2625 766 2692; x_wconf 82' lang='lat' dir='ltr'>praefatus</span> <span class='ocrx_word' id='word_1_185' title='bbox 786 2624 952 2677; x_wconf 86' lang='lat' dir='ltr'>venerabilis</span> <span class='ocrx_word' id='word_1_186' title='bbox 971 2628 1086 2677; x_wconf 86' lang='lat' dir='ltr'>antistes</span> <span class='ocrx_word' id='word_1_187' title='bbox 1105 2627 1255 2676; x_wconf 87' lang='lat' dir='ltr'>Heinricus</span> <span class='ocrx_word' id='word_1_188' title='bbox 1279 2634 1456 2699; x_wconf 81' lang='lat' dir='ltr'>omnesque</span> <span class='ocrx_word' id='word_1_189' title='bbox 1475 2614 1526 2677; x_wconf 84' lang='lat' dir='ltr'>sul</span> <span class='ocrx_word' id='word_1_190' title='bbox 1544 2635 1750 2678; x_wconf 76' lang='lat' dir='ltr'>successores</span> <span class='ocrx_word' id='word_1_191' title='bbox 1769 2637 1845 2679; x_wconf 79' lang='lat' dir='ltr'>ean·</span> 
     </span>
     <span class='ocr_line' id='line_1_19' title="bbox 401 2698 1846 2789; baseline 0.003 -25"><span class='ocrx_word' id='word_1_192' title='bbox 401 2699 475 2764; x_wconf 91' lang='lat' dir='ltr'>dem</span> <span class='ocrx_word' id='word_1_193' title='bbox 503 2698 670 2764; x_wconf 90' lang='lat' dir='ltr'>abbatiam</span> <span class='ocrx_word' id='word_1_194' title='bbox 698 2702 731 2764; x_wconf 91' lang='lat' dir='ltr'>in</span> <span class='ocrx_word' id='word_1_195' title='bbox 758 2712 952 2787; x_wconf 86' lang='lat' dir='ltr'>perpetuum</span> <span class='ocrx_word' id='word_1_196' title='bbox 974 2702 1169 2788; x_wconf 89' lang='lat' dir='ltr'>potestative</span> <span class='ocrx_word' id='word_1_197' title='bbox 1193 2701 1384 2788; x_wconf 89' lang='lat' dir='ltr'>possideant</span> <span class='ocrx_word' id='word_1_198' title='bbox 1406 2712 1540 2767; x_wconf 84' lang='lat' dir='ltr'>teneant</span> <span class='ocrx_word' id='word_1_199' title='bbox 1563 2714 1596 2767; x_wconf 91' lang='lat' dir='ltr'>et</span> <span class='ocrx_word' id='word_1_200' title='bbox 1618 2703 1775 2789; x_wconf 91' lang='lat' dir='ltr'>quicquid</span> <span class='ocrx_word' id='word_1_201' title='bbox 1798 2705 1846 2768; x_wconf 90' lang='lat' dir='ltr'>eis</span> 
     </span>
     <span class='ocr_line' id='line_1_20' title="bbox 399 2788 1845 2879; baseline 0.003 -26"><span class='ocrx_word' id='word_1_202' title='bbox 399 2788 559 2875; x_wconf 87' lang='lat' dir='ltr'>placuerit</span> <span class='ocrx_word' id='word_1_203' title='bbox 581 2789 625 2854; x_wconf 92' lang='lat' dir='ltr'>ad</span> <span class='ocrx_word' id='word_1_204' title='bbox 647 2789 818 2855; x_wconf 89' lang='lat' dir='ltr'>utilitatem</span> <span class='ocrx_word' id='word_1_205' title='bbox 842 2812 921 2854; x_wconf 85' lang='lat' dir='ltr'>suae</span> <span class='ocrx_word' id='word_1_206' title='bbox 944 2790 1084 2879; x_wconf 73' lang='lat' dir='ltr'>ecclesie</span> <span class='ocrx_word' id='word_1_207' title='bbox 1109 2791 1183 2855; x_wconf 90' lang='lat' dir='ltr'>inde</span> <span class='ocrx_word' id='word_1_208' title='bbox 1208 2791 1341 2873; x_wconf 87' lang='lat' dir='ltr'>faciant,</span> <span class='ocrx_word' id='word_1_209' title='bbox 1368 2801 1479 2855; x_wconf 88' lang='lat' dir='ltr'>nostra</span> <span class='ocrx_word' id='word_1_210' title='bbox 1501 2803 1750 2878; x_wconf 86' lang='lat' dir='ltr'>nostrorumque</span> <span class='ocrx_word' id='word_1_211' title='bbox 1774 2816 1845 2858; x_wconf 90' lang='lat' dir='ltr'>suc·</span> 
     </span>
    </p>
   </div>
   <div class='ocr_carea' id='block_1_7' title="bbox 400 2879 1843 3043">
    <p class='ocr_par' dir='ltr' id='par_1_9' title="bbox 400 2879 1843 3043">
     <span class='ocr_line' id='line_1_21' title="bbox 401 2879 1843 2967; baseline 0.003 -25"><span class='ocrx_word' id='word_1_212' title='bbox 401 2900 566 2943; x_wconf 86' lang='lat' dir='ltr'>cessurum</span> <span class='ocrx_word' id='word_1_213' title='bbox 590 2891 623 2944; x_wconf 89' lang='lat' dir='ltr'>et</span> <span class='ocrx_word' id='word_1_214' title='bbox 646 2881 788 2944; x_wconf 91' lang='lat' dir='ltr'>omnium</span> <span class='ocrx_word' id='word_1_215' title='bbox 818 2879 1002 2944; x_wconf 83' lang='lat' dir='ltr'>mortalium</span> <span class='ocrx_word' id='word_1_216' title='bbox 1027 2880 1283 2945; x_wconf 87' lang='lat' dir='ltr'>contradictione</span> <span class='ocrx_word' id='word_1_217' title='bbox 1312 2880 1562 2967; x_wconf 89' lang='lat' dir='ltr'>inperpetuum</span> <span class='ocrx_word' id='word_1_218' title='bbox 1589 2881 1685 2967; x_wconf 90' lang='lat' dir='ltr'>longe</span> <span class='ocrx_word' id='word_1_219' title='bbox 1709 2894 1843 2947; x_wconf 89' lang='lat' dir='ltr'>remota.</span> 
     </span>
     <span class='ocr_line' id='line_1_22' title="bbox 400 2973 634 3043; baseline 0.017 -21"><span class='ocrx_word' id='word_1_220' title='bbox 400 2973 436 3023; x_wconf 82' lang='lat' dir='ltr'>Et</span> <span class='ocrx_word' id='word_1_221' title='bbox 455 2980 486 3023; x_wconf 92' lang='lat' dir='ltr'>nt</span> <span class='ocrx_word' id='word_1_222' title='bbox 503 2973 554 3043; x_wconf 65' lang='lat' dir='ltr'>hqc</span> <span class='ocrx_word' id='word_1_223' title='bbox 573 3010 580 3024; x_wconf 92' lang='lat'>.</span> <span class='ocrx_word' id='word_1_224' title='bbox 599 3008 634 3026; x_wconf 79' lang='grc'>..</span> 
     </span>
    </p>
   </div>
   <div class='ocr_carea' id='block_1_8' title="bbox 1003 3217 1040 3303">
    <p class='ocr_par' dir='ltr' id='par_1_10' title="bbox 1003 3217 1040 3303">
     <span class='ocr_line' id='line_1_23' title="bbox 1003 3217 1040 3303; baseline -0.135 0"><span class='ocrx_word' id='word_1_225' title='bbox 1003 3217 1040 3303; x_wconf 84' lang='grc'>6.</span> 
     </span>
    </p>
   </div>
   <div class='ocr_carea' id='block_1_9' title="bbox 199 3374 1799 3585">
    <p class='ocr_par' dir='ltr' id='par_1_11' title="bbox 199 3374 1799 3585">
     <span class='ocr_line' id='line_1_24' title="bbox 199 3374 1776 3482; baseline 0.005 -35"><span class='ocrx_word' id='word_1_226' title='bbox 199 3374 374 3451; x_wconf 72' lang='lat' dir='ltr'>Heinrich</span> <span class='ocrx_word' id='word_1_227' title='bbox 399 3376 545 3451; x_wconf 80' lang='lat' dir='ltr'>scbcaltt</span> <span class='ocrx_word' id='word_1_228' title='bbox 568 3378 649 3452; x_wconf 74' lang='lat' dir='ltr'>dan</span> <span class='ocrx_word' id='word_1_229' title='bbox 674 3378 821 3453; x_wconf 72' lang='lat' dir='ltr'>Kbster</span> <span class='ocrx_word' id='word_1_230' title='bbox 846 3378 1123 3454; x_wconf 73' lang='lat' dir='ltr'>Mederaltor&#39;cb</span> <span class='ocrx_word' id='word_1_231' title='bbox 1149 3381 1228 3454; x_wconf 83' lang='lat' dir='ltr'>eine</span> <span class='ocrx_word' id='word_1_232' title='bbox 1252 3377 1439 3477; x_wconf 82' lang='lat' dir='ltr'>Hofstc&#39;itte</span> <span class='ocrx_word' id='word_1_233' title='bbox 1462 3405 1507 3455; x_wconf 82' lang='lat' dir='ltr'>zu</span> <span class='ocrx_word' id='word_1_234' title='bbox 1531 3380 1776 3482; x_wconf 68' lang='lat' dir='ltr'>Reqerubary.</span> 
     </span>
     <span class='ocr_line' id='line_1_25' title="bbox 1400 3509 1799 3585; baseline 0.01 -18"><span class='ocrx_word' id='word_1_235' title='bbox 1400 3509 1545 3585; x_wconf 56' lang='lat' dir='ltr'>namtas</span> <span class='ocrx_word' id='word_1_236' title='bbox 1569 3511 1649 3572; x_wconf 83' lang='lat'><em>1002</em></span> <span class='ocrx_word' id='word_1_237' title='bbox 1671 3511 1737 3571; x_wconf 64' lang='lat' dir='ltr'>Jus·</span> <span class='ocrx_word' id='word_1_238' title='bbox 1754 3512 1799 3571; x_wconf 83' lang='lat' dir='ltr'>ra.</span> 
     </span>
    </p>
   </div>
   <div class='ocr_carea' id='block_1_10' title="bbox 150 3628 1204 3715">
    <p class='ocr_par' dir='ltr' id='par_1_12' title="bbox 150 3628 1204 3715">
     <span class='ocr_line' id='line_1_26' title="bbox 150 3628 1204 3715; baseline 0.007 -29"><span class='ocrx_word' id='word_1_239' title='bbox 150 3648 198 3715; x_wconf 35' lang='lat' dir='ltr'>ss,</span> <span class='ocrx_word' id='word_1_240' title='bbox 304 3628 548 3705; x_wconf 72' lang='lat' dir='ltr'>Oriqirmldiplom</span> <span class='ocrx_word' id='word_1_241' title='bbox 569 3632 611 3691; x_wconf 79' lang='lat' dir='ltr'>im</span> <span class='ocrx_word' id='word_1_242' title='bbox 632 3631 660 3691; x_wconf 70' lang='lat' dir='ltr'>lt.</span> <span class='ocrx_word' id='word_1_243' title='bbox 685 3631 891 3692; x_wconf 69' lang='lat' dir='ltr'>Rembsarcbiv</span> <span class='ocrx_word' id='word_1_244' title='bbox 912 3652 948 3693; x_wconf 77' lang='lat' dir='ltr'>ru</span> <span class='ocrx_word' id='word_1_245' title='bbox 970 3633 1112 3692; x_wconf 72' lang='lat' dir='ltr'>Muacbeu</span> <span class='ocrx_word' id='word_1_246' title='bbox 1136 3632 1204 3701; x_wconf 78' lang='lat' dir='ltr'>(A).</span> 
     </span>
    </p>
   </div>
   <div class='ocr_carea' id='block_1_11' title="bbox 301 3771 1846 4284">
    <p class='ocr_par' dir='ltr' id='par_1_13' title="bbox 301 3771 1846 4284">
     <span class='ocr_line' id='line_1_27' title="bbox 304 3771 1843 3853; baseline 0.007 -23"><span class='ocrx_word' id='word_1_247' title='bbox 304 3771 422 3831; x_wconf 79' lang='lat' dir='ltr'>Gretser</span> <span class='ocrx_word' id='word_1_248' title='bbox 443 3771 517 3832; x_wconf 81' lang='lat' dir='ltr'>Diui</span> <span class='ocrx_word' id='word_1_249' title='bbox 539 3774 761 3849; x_wconf 75' lang='lat' dir='ltr'>Bomberqeusea</span> <span class='ocrx_word' id='word_1_250' title='bbox 784 3776 824 3833; x_wconf 85' lang='lat'>65</span> <span class='ocrx_word' id='word_1_251' title='bbox 845 3777 915 3834; x_wconf 71' lang='lat'>22⁰1</span> <span class='ocrx_word' id='word_1_252' title='bbox 942 3794 995 3835; x_wconf 79' lang='lat' dir='ltr'>oue</span> <span class='ocrx_word' id='word_1_253' title='bbox 1017 3776 1169 3849; x_wconf 70' lang='lat' dir='ltr'>Abschrift</span> <span class='ocrx_word' id='word_1_254' title='bbox 1192 3798 1234 3824; x_wconf 93' lang='lat'>=</span> <span class='ocrx_word' id='word_1_255' title='bbox 1257 3777 1493 3837; x_wconf 79' lang='lat' dir='ltr'>Haud-Gemold</span> <span class='ocrx_word' id='word_1_256' title='bbox 1515 3777 1638 3853; x_wconf 80' lang='lat' dir='ltr'>Metrop.</span> <span class='ocrx_word' id='word_1_257' title='bbox 1664 3777 1769 3839; x_wconf 69' lang='lat' dir='ltr'>Soliti.</span> <span class='ocrx_word' id='word_1_258' title='bbox 1800 3781 1843 3842; x_wconf 81' lang='lat' dir='ltr'>od.</span> 
     </span>
     <span class='ocr_line' id='line_1_28' title="bbox 301 3878 1846 3958; baseline 0.007 -20"><span class='ocrx_word' id='word_1_259' title='bbox 301 3878 382 3939; x_wconf 81' lang='lat' dir='ltr'>Mon.</span> <span class='ocrx_word' id='word_1_260' title='bbox 405 3881 437 3951; x_wconf 87' lang='grc'>2,</span> <span class='ocrx_word' id='word_1_261' title='bbox 456 3882 496 3939; x_wconf 91' lang='grc'>21</span> <span class='ocrx_word' id='word_1_262' title='bbox 520 3883 552 3939; x_wconf 86' lang='lat' dir='ltr'>rr⁰</span> <span class='ocrx_word' id='word_1_263' title='bbox 568 3881 607 3939; x_wconf 84' lang='lat'>18</span> <span class='ocrx_word' id='word_1_264' title='bbox 634 3901 675 3928; x_wconf 96' lang='lat'><strong><em>=</em></strong></span> <span class='ocrx_word' id='word_1_265' title='bbox 698 3881 934 3942; x_wconf 76' lang='lat' dir='ltr'>Hand-Gauold</span> <span class='ocrx_word' id='word_1_266' title='bbox 959 3882 1083 3958; x_wconf 80' lang='lat' dir='ltr'>Metrop.</span> <span class='ocrx_word' id='word_1_267' title='bbox 1113 3882 1217 3943; x_wconf 70' lang='lat' dir='ltr'>Salac.</span> <span class='ocrx_word' id='word_1_268' title='bbox 1248 3884 1291 3945; x_wconf 81' lang='lat' dir='ltr'>od.</span> <span class='ocrx_word' id='word_1_269' title='bbox 1321 3884 1391 3944; x_wconf 80' lang='lat' dir='ltr'>Rat.</span> <span class='ocrx_word' id='word_1_270' title='bbox 1422 3887 1514 3954; x_wconf 85' lang='lat'>2,15</span> <span class='ocrx_word' id='word_1_271' title='bbox 1539 3888 1572 3944; x_wconf 84' lang='lat' dir='ltr'>u⁰</span> <span class='ocrx_word' id='word_1_272' title='bbox 1588 3887 1628 3944; x_wconf 83' lang='lat'>18</span> <span class='ocrx_word' id='word_1_273' title='bbox 1655 3907 1697 3933; x_wconf 95' lang='lat'><strong><em>=</em></strong></span> <span class='ocrx_word' id='word_1_274' title='bbox 1725 3887 1846 3949; x_wconf 78' lang='lat' dir='ltr'>Leibnia</span> 
     </span>
     <span class='ocr_line' id='line_1_29' title="bbox 301 3985 1842 4067; baseline 0.007 -23"><span class='ocrx_word' id='word_1_275' title='bbox 301 3985 377 4045; x_wconf 77' lang='lat' dir='ltr'>Arra.</span> <span class='ocrx_word' id='word_1_276' title='bbox 402 3988 431 4056; x_wconf 83' lang='lat'>3,</span> <span class='ocrx_word' id='word_1_277' title='bbox 450 3989 523 4057; x_wconf 89' lang='grc'><em>809,</em></span> <span class='ocrx_word' id='word_1_278' title='bbox 546 4008 588 4034; x_wconf 95' lang='lat'><strong><em>=</em></strong></span> <span class='ocrx_word' id='word_1_279' title='bbox 611 3987 750 4063; x_wconf 64' lang='grc' dir='ltr'>Ειιάειιήφ</span> <span class='ocrx_word' id='word_1_280' title='bbox 772 3987 825 4048; x_wconf 85' lang='lat' dir='ltr'>SS.</span> <span class='ocrx_word' id='word_1_281' title='bbox 854 4008 912 4048; x_wconf 82' lang='lat' dir='ltr'>rer.</span> <span class='ocrx_word' id='word_1_282' title='bbox 936 3990 1090 4065; x_wconf 75' lang='lat' dir='ltr'>Bamberq.</span> <span class='ocrx_word' id='word_1_283' title='bbox 1115 3993 1143 4062; x_wconf 88' lang='lat'>1,</span> <span class='ocrx_word' id='word_1_284' title='bbox 1159 3993 1219 4049; x_wconf 89' lang='grc'>329</span> <span class='ocrx_word' id='word_1_285' title='bbox 1241 3993 1274 4049; x_wconf 84' lang='lat' dir='ltr'>rr⁰</span> <span class='ocrx_word' id='word_1_286' title='bbox 1289 3992 1319 4061; x_wconf 85' lang='lat'>1,</span> <span class='ocrx_word' id='word_1_287' title='bbox 1343 4012 1385 4038; x_wconf 95' lang='lat'><strong><em>=</em></strong></span> <span class='ocrx_word' id='word_1_288' title='bbox 1410 3991 1528 4051; x_wconf 66' lang='lat' dir='ltr'>Gremer</span> <span class='ocrx_word' id='word_1_289' title='bbox 1550 3993 1603 4067; x_wconf 80' lang='lat' dir='ltr'>Op.</span> <span class='ocrx_word' id='word_1_290' title='bbox 1622 3995 1671 4064; x_wconf 86' lang='lat'>10,</span> <span class='ocrx_word' id='word_1_291' title='bbox 1687 3996 1748 4054; x_wconf 82' lang='lat'>556</span> <span class='ocrx_word' id='word_1_292' title='bbox 1767 3998 1800 4055; x_wconf 84' lang='lat' dir='ltr'>rr⁰</span> <span class='ocrx_word' id='word_1_293' title='bbox 1814 3998 1842 4055; x_wconf 92' lang='lat'>1.</span> 
     </span>
     <span class='ocr_line' id='line_1_30' title="bbox 301 4092 1845 4173; baseline 0.007 -22"><span class='ocrx_word' id='word_1_294' title='bbox 301 4120 346 4131; x_wconf 88' lang='lat'><em>-</em></span> <span class='ocrx_word' id='word_1_295' title='bbox 368 4092 448 4153; x_wconf 81' lang='lat' dir='ltr'>Mon.</span> <span class='ocrx_word' id='word_1_296' title='bbox 468 4095 562 4154; x_wconf 83' lang='lat' dir='ltr'>Boica</span> <span class='ocrx_word' id='word_1_297' title='bbox 581 4096 628 4165; x_wconf 88' lang='lat'>11,</span> <span class='ocrx_word' id='word_1_298' title='bbox 645 4096 704 4155; x_wconf 84' lang='lat'>132</span> <span class='ocrx_word' id='word_1_299' title='bbox 722 4098 754 4154; x_wconf 79' lang='lat' dir='ltr'>rr⁰</span> <span class='ocrx_word' id='word_1_300' title='bbox 768 4097 808 4157; x_wconf 88' lang='grc'>21</span> <span class='ocrx_word' id='word_1_301' title='bbox 831 4096 906 4155; x_wconf 71' lang='lat' dir='ltr'>wohl</span> <span class='ocrx_word' id='word_1_302' title='bbox 919 4115 973 4156; x_wconf 73' lang='lat' dir='ltr'>aua</span> <span class='ocrx_word' id='word_1_303' title='bbox 988 4098 1139 4169; x_wconf 72' lang='lat' dir='ltr'>Absclrrift</span> <span class='ocrx_word' id='word_1_304' title='bbox 1155 4097 1214 4165; x_wconf 86' lang='lat' dir='ltr'>(b).</span> <span class='ocrx_word' id='word_1_305' title='bbox 1238 4127 1282 4136; x_wconf 93' lang='lat'>-</span> <span class='ocrx_word' id='word_1_306' title='bbox 1305 4097 1382 4158; x_wconf 72' lang='lat' dir='ltr'>Rau</span> <span class='ocrx_word' id='word_1_307' title='bbox 1399 4097 1462 4159; x_wconf 80' lang='lat'>01).</span> <span class='ocrx_word' id='word_1_308' title='bbox 1479 4099 1594 4160; x_wconf 72' lang='lat' dir='ltr'>Romo.</span> <span class='ocrx_word' id='word_1_309' title='bbox 1612 4102 1640 4173; x_wconf 86' lang='lat'>1,</span> <span class='ocrx_word' id='word_1_310' title='bbox 1658 4103 1716 4160; x_wconf 88' lang='lat'>115</span> <span class='ocrx_word' id='word_1_311' title='bbox 1737 4105 1770 4161; x_wconf 58' lang='grc' dir='ltr'>πο</span> <span class='ocrx_word' id='word_1_312' title='bbox 1784 4105 1845 4164; x_wconf 90' lang='grc'>123</span> 
     </span>
     <span class='ocr_line' id='line_1_31' title="bbox 302 4199 1842 4284; baseline 0.009 -28"><span class='ocrx_word' id='word_1_313' title='bbox 302 4216 355 4256; x_wconf 75' lang='lat' dir='ltr'>aru</span> <span class='ocrx_word' id='word_1_314' title='bbox 377 4199 428 4258; x_wconf 81' lang='lat' dir='ltr'>Ab</span> <span class='ocrx_word' id='word_1_315' title='bbox 452 4221 494 4246; x_wconf 96' lang='lat'><strong><em>=</em></strong></span> <span class='ocrx_word' id='word_1_316' title='bbox 516 4200 616 4275; x_wconf 75' lang='lat' dir='ltr'>Mipue</span> <span class='ocrx_word' id='word_1_317' title='bbox 637 4200 751 4262; x_wconf 77' lang='lat' dir='ltr'>Patrol.</span> <span class='ocrx_word' id='word_1_318' title='bbox 776 4204 845 4273; x_wconf 72' lang='lat'>110,</span> <span class='ocrx_word' id='word_1_319' title='bbox 864 4205 925 4262; x_wconf 89' lang='grc'>239</span> <span class='ocrx_word' id='word_1_320' title='bbox 947 4206 980 4262; x_wconf 79' lang='lat' dir='ltr'>rr⁰</span> <span class='ocrx_word' id='word_1_321' title='bbox 994 4205 1024 4263; x_wconf 82' lang='lat'>2.</span> <span class='ocrx_word' id='word_1_322' title='bbox 1048 4234 1092 4242; x_wconf 94' lang='lat'><strong>—</strong></span> <span class='ocrx_word' id='word_1_323' title='bbox 1114 4205 1242 4264; x_wconf 71' lang='lat' dir='ltr'>Burma-</span> <span class='ocrx_word' id='word_1_324' title='bbox 1264 4204 1335 4281; x_wconf 75' lang='lat' dir='ltr'>Req.</span> <span class='ocrx_word' id='word_1_325' title='bbox 1359 4208 1428 4266; x_wconf 90' lang='grc'><em>896.</em></span> <span class='ocrx_word' id='word_1_326' title='bbox 1453 4236 1498 4245; x_wconf 92' lang='lat'><em>-</em></span> <span class='ocrx_word' id='word_1_327' title='bbox 1521 4206 1645 4282; x_wconf 70' lang='lat' dir='ltr'>Stamps</span> <span class='ocrx_word' id='word_1_328' title='bbox 1663 4207 1734 4284; x_wconf 68' lang='lat' dir='ltr'>Rq.</span> <span class='ocrx_word' id='word_1_329' title='bbox 1756 4212 1842 4271; x_wconf 89' lang='lat'><strong><em>1311.</em></strong></span> 
     </span>
    </p>
   </div>
   <div class='ocr_carea' id='block_1_12' title="bbox 300 4348 1844 5056">
    <p class='ocr_par' dir='ltr' id='par_1_14' title="bbox 300 4348 1844 5056">
     <span class='ocr_line' id='line_1_32' title="bbox 302 4348 1844 4439; baseline 0.01 -31"><span class='ocrx_word' id='word_1_330' title='bbox 302 4348 449 4410; x_wconf 79' lang='lat' dir='ltr'>Nacbdem</span> <span class='ocrx_word' id='word_1_331' title='bbox 463 4352 523 4411; x_wconf 87' lang='grc' dir='ltr'>ΕΒ</span> <span class='ocrx_word' id='word_1_332' title='bbox 540 4353 594 4412; x_wconf 84' lang='lat' dir='ltr'>das</span> <span class='ocrx_word' id='word_1_333' title='bbox 608 4354 898 4429; x_wconf 70' lang='lat' dir='ltr'>Diaponqaprotokoll</span> <span class='ocrx_word' id='word_1_334' title='bbox 919 4357 979 4423; x_wconf 75' lang='lat' dir='ltr'>aad</span> <span class='ocrx_word' id='word_1_335' title='bbox 996 4357 1043 4415; x_wconf 82' lang='lat' dir='ltr'>die</span> <span class='ocrx_word' id='word_1_336' title='bbox 1057 4356 1361 4429; x_wconf 76' lang='lat' dir='ltr'>Publicatiorusomel</span> <span class='ocrx_word' id='word_1_337' title='bbox 1381 4360 1558 4434; x_wconf 76' lang='lat' dir='ltr'>pesobrieberr</span> <span class='ocrx_word' id='word_1_338' title='bbox 1577 4361 1665 4432; x_wconf 67' lang='lat' dir='ltr'>botta</span> <span class='ocrx_word' id='word_1_339' title='bbox 1689 4365 1770 4439; x_wconf 76' lang='lat' dir='ltr'>sr&#39;r&#39;qte</span> <span class='ocrx_word' id='word_1_340' title='bbox 1787 4362 1844 4422; x_wconf 80' lang='grc' dir='ltr'>ΕΑ</span> 
     </span>
     <span class='ocr_line' id='line_1_33' title="bbox 302 4455 1844 4542; baseline 0.008 -26"><span class='ocrx_word' id='word_1_341' title='bbox 302 4455 356 4515; x_wconf 82' lang='lat' dir='ltr'>deo</span> <span class='ocrx_word' id='word_1_342' title='bbox 377 4476 484 4532; x_wconf 73' lang='lat' dir='ltr'>qaam</span> <span class='ocrx_word' id='word_1_343' title='bbox 508 4458 628 4519; x_wconf 67' lang='lat' dir='ltr'>marm</span> <span class='ocrx_word' id='word_1_344' title='bbox 649 4479 704 4519; x_wconf 83' lang='lat' dir='ltr'>von</span> <span class='ocrx_word' id='word_1_345' title='bbox 726 4463 860 4537; x_wconf 87' lang='lat' dir='ltr'>qualiter</span> <span class='ocrx_word' id='word_1_346' title='bbox 882 4480 940 4521; x_wconf 93' lang='lat' dir='ltr'>nos</span> <span class='ocrx_word' id='word_1_347' title='bbox 963 4465 1049 4539; x_wconf 89' lang='lat' dir='ltr'>piam</span> <span class='ocrx_word' id='word_1_348' title='bbox 1072 4464 1115 4522; x_wconf 78' lang='lat' dir='ltr'>bis</span> <span class='ocrx_word' id='word_1_349' title='bbox 1137 4465 1275 4540; x_wconf 84' lang='lat' dir='ltr'>imagine</span> <span class='ocrx_word' id='word_1_350' title='bbox 1297 4466 1458 4537; x_wconf 88' lang='lat' dir='ltr'>iussimus,</span> <span class='ocrx_word' id='word_1_351' title='bbox 1481 4467 1536 4527; x_wconf 81' lang='lat' dir='ltr'>dea</span> <span class='ocrx_word' id='word_1_352' title='bbox 1557 4487 1590 4527; x_wconf 84' lang='lat' dir='ltr'>er</span> <span class='ocrx_word' id='word_1_353' title='bbox 1610 4469 1696 4528; x_wconf 80' lang='lat' dir='ltr'>scibat</span> <span class='ocrx_word' id='word_1_354' title='bbox 1717 4472 1844 4542; x_wconf 57' lang='lat' dir='ltr'>vosmet</span> 
     </span>
     <span class='ocr_line' id='line_1_34' title="bbox 301 4562 1843 4653; baseline 0.009 -31"><span class='ocrx_word' id='word_1_355' title='bbox 301 4562 362 4635; x_wconf 73' lang='lat' dir='ltr'>aar,</span> <span class='ocrx_word' id='word_1_356' title='bbox 384 4565 480 4636; x_wconf 74' lang='lat' dir='ltr'>biara,</span> <span class='ocrx_word' id='word_1_357' title='bbox 503 4568 624 4638; x_wconf 72' lang='lat' dir='ltr'>wmaaf</span> <span class='ocrx_word' id='word_1_358' title='bbox 642 4568 794 4627; x_wconf 61' lang='lat' dir='ltr'>ammaum</span> <span class='ocrx_word' id='word_1_359' title='bbox 809 4568 869 4627; x_wconf 81' lang='grc' dir='ltr'>ΕΒ</span> <span class='ocrx_word' id='word_1_360' title='bbox 890 4570 944 4629; x_wconf 83' lang='lat' dir='ltr'>das</span> <span class='ocrx_word' id='word_1_361' title='bbox 958 4568 999 4628; x_wconf 91' lang='lat' dir='ltr'>D.</span> <span class='ocrx_word' id='word_1_362' title='bbox 1023 4570 1113 4629; x_wconf 75' lang='lat' dir='ltr'>duret</span> <span class='ocrx_word' id='word_1_363' title='bbox 1129 4570 1312 4647; x_wconf 71' lang='lat' dir='ltr'>Eintraqunq</span> <span class='ocrx_word' id='word_1_364' title='bbox 1329 4572 1381 4632; x_wconf 77' lang='lat' dir='ltr'>der</span> <span class='ocrx_word' id='word_1_365' title='bbox 1396 4572 1637 4645; x_wconf 70' lang='lat' dir='ltr'>Scblasssormela</span> <span class='ocrx_word' id='word_1_366' title='bbox 1656 4605 1700 4615; x_wconf 90' lang='lat'><em>-</em></span> <span class='ocrx_word' id='word_1_367' title='bbox 1720 4576 1843 4653; x_wconf 67' lang='lat' dir='ltr'>Keripa-</span> 
     </span>
     <span class='ocr_line' id='line_1_35' title="bbox 302 4672 1844 4753; baseline 0.009 -23"><span class='ocrx_word' id='word_1_368' title='bbox 302 4672 362 4731; x_wconf 82' lang='lat' dir='ltr'>oud</span> <span class='ocrx_word' id='word_1_369' title='bbox 376 4672 696 4746; x_wconf 70' lang='lat' dir='ltr'>Karzleruuterscbrist</span> <span class='ocrx_word' id='word_1_370' title='bbox 717 4676 795 4735; x_wconf 76' lang='lat' dir='ltr'>nebat</span> <span class='ocrx_word' id='word_1_371' title='bbox 816 4675 981 4752; x_wconf 75' lang='lat' dir='ltr'>Datiemup</span> <span class='ocrx_word' id='word_1_372' title='bbox 1003 4706 1048 4715; x_wconf 94' lang='lat'>-</span> <span class='ocrx_word' id='word_1_373' title='bbox 1070 4678 1326 4753; x_wconf 63' lang='lat' dir='ltr'>vauollstdndipta</span> <span class='ocrx_word' id='word_1_374' title='bbox 1369 4679 1521 4750; x_wconf 71' lang='lat' dir='ltr'>Hosstlttte</span> <span class='ocrx_word' id='word_1_375' title='bbox 1542 4682 1602 4741; x_wconf 81' lang='lat' dir='ltr'>aad</span> <span class='ocrx_word' id='word_1_376' title='bbox 1620 4682 1757 4743; x_wconf 76' lang='lat' dir='ltr'>Uriamde</span> <span class='ocrx_word' id='word_1_377' title='bbox 1777 4684 1844 4743; x_wconf 81' lang='lat' dir='ltr'>siud</span> 
     </span>
     <span class='ocr_line' id='line_1_36' title="bbox 303 4779 1844 4868; baseline 0.008 -30"><span class='ocrx_word' id='word_1_378' title='bbox 303 4779 382 4838; x_wconf 79' lang='grc'><em>1485</em></span> <span class='ocrx_word' id='word_1_379' title='bbox 410 4798 464 4839; x_wconf 75' lang='lat' dir='ltr'>aras</span> <span class='ocrx_word' id='word_1_380' title='bbox 485 4780 547 4840; x_wconf 75' lang='lat' dir='ltr'>dam</span> <span class='ocrx_word' id='word_1_381' title='bbox 570 4780 669 4840; x_wconf 82' lang='lat' dir='ltr'>Besitz</span> <span class='ocrx_word' id='word_1_382' title='bbox 694 4800 748 4841; x_wconf 81' lang='lat' dir='ltr'>voa</span> <span class='ocrx_word' id='word_1_383' title='bbox 770 4782 987 4843; x_wconf 77' lang='lat' dir='ltr'>Nicderultoioir</span> <span class='ocrx_word' id='word_1_384' title='bbox 1016 4785 1048 4843; x_wconf 83' lang='lat' dir='ltr'>io</span> <span class='ocrx_word' id='word_1_385' title='bbox 1070 4785 1123 4843; x_wconf 81' lang='lat' dir='ltr'>den</span> <span class='ocrx_word' id='word_1_386' title='bbox 1145 4785 1194 4844; x_wconf 81' lang='lat' dir='ltr'>des</span> <span class='ocrx_word' id='word_1_387' title='bbox 1216 4784 1349 4845; x_wconf 79' lang='lat' dir='ltr'>Klosters</span> <span class='ocrx_word' id='word_1_388' title='bbox 1374 4786 1576 4849; x_wconf 65' lang='lat' dir='ltr'>obermunster</span> <span class='ocrx_word' id='word_1_389' title='bbox 1603 4807 1639 4849; x_wconf 81' lang='lat' dir='ltr'>za</span> <span class='ocrx_word' id='word_1_390' title='bbox 1661 4789 1844 4868; x_wconf 74' lang='lat' dir='ltr'>Bepaubarq</span> 
     </span>
     <span class='ocr_line' id='line_1_37' title="bbox 302 4887 1844 4964; baseline 0.008 -19"><span class='ocrx_word' id='word_1_391' title='bbox 302 4887 520 4963; x_wconf 73' lang='lat' dir='ltr'>riberqepauqen,</span> <span class='ocrx_word' id='word_1_392' title='bbox 552 4888 605 4963; x_wconf 76' lang='lat' dir='ltr'>vql.</span> <span class='ocrx_word' id='word_1_393' title='bbox 634 4887 711 4948; x_wconf 83' lang='lat' dir='ltr'>Ricd</span> <span class='ocrx_word' id='word_1_394' title='bbox 735 4888 798 4948; x_wconf 82' lang='lat' dir='ltr'>OD.</span> <span class='ocrx_word' id='word_1_395' title='bbox 824 4890 937 4949; x_wconf 71' lang='lat' dir='ltr'>suist.</span> <span class='ocrx_word' id='word_1_396' title='bbox 963 4893 1088 4964; x_wconf 86' lang='lat'>1,115,·</span> <span class='ocrx_word' id='word_1_397' title='bbox 1116 4892 1206 4951; x_wconf 79' lang='lat' dir='ltr'>daber</span> <span class='ocrx_word' id='word_1_398' title='bbox 1234 4893 1368 4952; x_wconf 79' lang='lat' dir='ltr'>erkllirea</span> <span class='ocrx_word' id='word_1_399' title='bbox 1397 4894 1458 4954; x_wconf 76' lang='lat' dir='ltr'>sich</span> <span class='ocrx_word' id='word_1_400' title='bbox 1487 4895 1534 4955; x_wconf 82' lang='lat' dir='ltr'>die</span> <span class='ocrx_word' id='word_1_401' title='bbox 1562 4914 1615 4955; x_wconf 77' lang='lat' dir='ltr'>aus</span> <span class='ocrx_word' id='word_1_402' title='bbox 1641 4897 1844 4958; x_wconf 68' lang='lat' dir='ltr'>Obermr&#39;luster</span> 
     </span>
     <span class='ocr_line' id='line_1_38' title="bbox 300 4994 1192 5056; baseline 0.004 -3"><span class='ocrx_word' id='word_1_403' title='bbox 300 4995 490 5054; x_wconf 70' lang='lat' dir='ltr'>dommardeu</span> <span class='ocrx_word' id='word_1_404' title='bbox 513 4994 754 5056; x_wconf 74' lang='lat' dir='ltr'>Dorsualnotizcn</span> <span class='ocrx_word' id='word_1_405' title='bbox 775 4997 824 5056; x_wconf 80' lang='lat' dir='ltr'>des</span> <span class='ocrx_word' id='word_1_406' title='bbox 845 4996 886 5055; x_wconf 91' lang='lat' dir='ltr'>D.</span> <span class='ocrx_word' id='word_1_407' title='bbox 1175 5012 1192 5033; x_wconf 51' lang='lat'>¹⁴</span> 
     </span>
    </p>
   </div>
   <div class='ocr_carea' id='block_1_13' title="bbox 149 5179 1843 5592">
    <p class='ocr_par' dir='ltr' id='par_1_15' title="bbox 149 5179 1843 5592">
     <span class='ocr_line' id='line_1_39' title="bbox 302 5179 1843 5270; baseline 0.009 -27"><span class='ocrx_word' id='word_1_408' title='bbox 302 5188 360 5260; x_wconf 84' lang='lat' dir='ltr'>(C.)</span> <span class='ocrx_word' id='word_1_409' title='bbox 383 5179 401 5270; x_wconf 64' lang='lat' dir='ltr'>li</span> <span class='ocrx_word' id='word_1_410' title='bbox 423 5181 462 5244; x_wconf 88' lang='lat' dir='ltr'>ln</span> <span class='ocrx_word' id='word_1_411' title='bbox 485 5183 616 5246; x_wconf 88' lang='lat' dir='ltr'>nomine</span> <span class='ocrx_word' id='word_1_412' title='bbox 647 5194 780 5247; x_wconf 86' lang='lat' dir='ltr'>sanctae</span> <span class='ocrx_word' id='word_1_413' title='bbox 812 5195 844 5248; x_wconf 88' lang='lat' dir='ltr'>et</span> <span class='ocrx_word' id='word_1_414' title='bbox 865 5183 1055 5248; x_wconf 87' lang='lat' dir='ltr'>individuae</span> <span class='ocrx_word' id='word_1_415' title='bbox 1079 5186 1243 5249; x_wconf 88' lang='lat' dir='ltr'>trinitatis.</span> <span class='ocrx_word' id='word_1_416' title='bbox 1288 5186 1464 5252; x_wconf 88' lang='lat' dir='ltr'>Heinricus</span> <span class='ocrx_word' id='word_1_417' title='bbox 1487 5188 1601 5254; x_wconf 91' lang='lat' dir='ltr'>divina</span> <span class='ocrx_word' id='word_1_418' title='bbox 1623 5189 1754 5256; x_wconf 84' lang='lat' dir='ltr'>favente</span> <span class='ocrx_word' id='word_1_419' title='bbox 1779 5192 1843 5257; x_wconf 89' lang='lat' dir='ltr'>cle·</span> 
     </span>
     <span class='ocr_line' id='line_1_40' title="bbox 194 5288 1842 5383; baseline 0.008 -32"><span class='ocrx_word' id='word_1_420' title='bbox 194 5288 317 5352; x_wconf 91' lang='lat' dir='ltr'>mentia</span> <span class='ocrx_word' id='word_1_421' title='bbox 346 5311 416 5352; x_wconf 82' lang='lat' dir='ltr'>rex.</span> <span class='ocrx_word' id='word_1_422' title='bbox 524 5289 645 5354; x_wconf 91' lang='lat' dir='ltr'>Notum</span> <span class='ocrx_word' id='word_1_423' title='bbox 676 5291 718 5354; x_wconf 93' lang='lat' dir='ltr'>sit</span> <span class='ocrx_word' id='word_1_424' title='bbox 747 5289 897 5354; x_wconf 90' lang='lat' dir='ltr'>omnibus</span> <span class='ocrx_word' id='word_1_425' title='bbox 927 5288 1078 5355; x_wconf 86' lang='lat' dir='ltr'>fidelibus</span> <span class='ocrx_word' id='word_1_426' title='bbox 1108 5294 1226 5356; x_wconf 88' lang='lat' dir='ltr'>nostris</span> <span class='ocrx_word' id='word_1_427' title='bbox 1256 5292 1483 5379; x_wconf 86' lang='lat' dir='ltr'>praesentibus</span> <span class='ocrx_word' id='word_1_428' title='bbox 1511 5296 1636 5362; x_wconf 88' lang='lat' dir='ltr'>scilicet</span> <span class='ocrx_word' id='word_1_429' title='bbox 1659 5309 1692 5363; x_wconf 91' lang='lat' dir='ltr'>et</span> <span class='ocrx_word' id='word_1_430' title='bbox 1715 5298 1842 5383; x_wconf 88' lang='lat' dir='ltr'>futuris,</span> 
     </span>
     <span class='ocr_line' id='line_1_41' title="bbox 149 5393 1843 5488; baseline 0.007 -30"><span class='ocrx_word' id='word_1_431' title='bbox 149 5421 177 5459; x_wconf 85' lang='lat' dir='ltr'>ro</span> <span class='ocrx_word' id='word_1_432' title='bbox 195 5394 335 5480; x_wconf 87' lang='lat' dir='ltr'>qualiter</span> <span class='ocrx_word' id='word_1_433' title='bbox 357 5418 416 5460; x_wconf 91' lang='lat' dir='ltr'>nos</span> <span class='ocrx_word' id='word_1_434' title='bbox 439 5397 528 5482; x_wconf 88' lang='lat' dir='ltr'>piam</span> <span class='ocrx_word' id='word_1_435' title='bbox 550 5393 567 5485; x_wconf 57' lang='grc' dir='ltr'><strong>ᾖ</strong></span> <span class='ocrx_word' id='word_1_436' title='bbox 592 5395 782 5462; x_wconf 85' lang='lat' dir='ltr'>Godehardi</span> <span class='ocrx_word' id='word_1_437' title='bbox 805 5396 933 5463; x_wconf 87' lang='lat' dir='ltr'>abbatis</span> <span class='ocrx_word' id='word_1_438' title='bbox 956 5397 1162 5463; x_wconf 87' lang='lat' dir='ltr'>intendentes</span> <span class='ocrx_word' id='word_1_439' title='bbox 1185 5400 1386 5486; x_wconf 87' lang='lat' dir='ltr'>petitionem,</span> <span class='ocrx_word' id='word_1_440' title='bbox 1411 5404 1489 5488; x_wconf 92' lang='lat' dir='ltr'>quia</span> <span class='ocrx_word' id='word_1_441' title='bbox 1506 5402 1601 5468; x_wconf 92' lang='lat' dir='ltr'>nobis</span> <span class='ocrx_word' id='word_1_442' title='bbox 1619 5404 1760 5470; x_wconf 87' lang='lat' dir='ltr'>fideliter</span> <span class='ocrx_word' id='word_1_443' title='bbox 1777 5428 1843 5470; x_wconf 89' lang='lat' dir='ltr'>ser·</span> 
     </span>
     <span class='ocr_line' id='line_1_42' title="bbox 195 5502 1843 5592; baseline 0.008 -28"><span class='ocrx_word' id='word_1_444' title='bbox 195 5502 277 5566; x_wconf 83' lang='lat' dir='ltr'>vivit</span> <span class='ocrx_word' id='word_1_445' title='bbox 307 5512 340 5566; x_wconf 89' lang='lat' dir='ltr'>ct</span> <span class='ocrx_word' id='word_1_446' title='bbox 369 5502 487 5588; x_wconf 88' lang='lat' dir='ltr'>dignus</span> <span class='ocrx_word' id='word_1_447' title='bbox 518 5526 614 5591; x_wconf 91' lang='lat' dir='ltr'>quem</span> <span class='ocrx_word' id='word_1_448' title='bbox 644 5504 916 5570; x_wconf 87' lang='lat' dir='ltr'>beneficiaremur</span> <span class='ocrx_word' id='word_1_449' title='bbox 944 5504 1040 5589; x_wconf 66' lang='lat' dir='ltr'>min,</span> <span class='ocrx_word' id='word_1_450' title='bbox 1071 5506 1236 5592; x_wconf 92' lang='lat' dir='ltr'>quandam</span> <span class='ocrx_word' id='word_1_451' title='bbox 1265 5509 1368 5573; x_wconf 87' lang='lat' dir='ltr'>nostri</span> <span class='ocrx_word' id='word_1_452' title='bbox 1391 5510 1470 5574; x_wconf 88' lang='lat' dir='ltr'>iuris</span> <span class='ocrx_word' id='word_1_453' title='bbox 1494 5532 1604 5575; x_wconf 90' lang='lat' dir='ltr'>aream</span> <span class='ocrx_word' id='word_1_454' title='bbox 1627 5511 1712 5576; x_wconf 88' lang='lat' dir='ltr'>infra</span> <span class='ocrx_word' id='word_1_455' title='bbox 1733 5535 1843 5577; x_wconf 89' lang='lat' dir='ltr'>muros</span> 
     </span>
    </p>
   </div>
   <div class='ocr_carea' id='block_1_14' title="bbox 289 5715 1841 5948">
    <p class='ocr_par' dir='ltr' id='par_1_16' title="bbox 289 5715 1841 5948">
     <span class='ocr_line' id='line_1_43' title="bbox 289 5715 1841 5793; baseline 0.005 -21"><span class='ocrx_word' id='word_1_456' title='bbox 289 5715 332 5772; x_wconf 71' lang='lat'>5⁰.</span> <span class='ocrx_word' id='word_1_457' title='bbox 356 5716 386 5784; x_wconf 86' lang='lat' dir='ltr'>b)</span> <span class='ocrx_word' id='word_1_458' title='bbox 407 5718 472 5769; x_wconf 72' lang='lat' dir='ltr'>ster</span> <span class='ocrx_word' id='word_1_459' title='bbox 495 5716 551 5770; x_wconf 78' lang='lat' dir='ltr'>said</span> <span class='ocrx_word' id='word_1_460' title='bbox 571 5720 616 5771; x_wconf 73' lang='lat' dir='ltr'>aia</span> <span class='ocrx_word' id='word_1_461' title='bbox 633 5718 725 5771; x_wconf 71' lang='lat' dir='ltr'>mnes</span> <span class='ocrx_word' id='word_1_462' title='bbox 746 5721 902 5773; x_wconf 64' lang='lat' dir='ltr'>amodes</span> <span class='ocrx_word' id='word_1_463' title='bbox 991 5722 1018 5786; x_wconf 85' lang='lat' dir='ltr'>o)</span> <span class='ocrx_word' id='word_1_464' title='bbox 1043 5736 1092 5773; x_wconf 79' lang='lat' dir='ltr'>vor</span> <span class='ocrx_word' id='word_1_465' title='bbox 1115 5720 1223 5790; x_wconf 83' lang='lat' dir='ltr'>signum</span> <span class='ocrx_word' id='word_1_466' title='bbox 1247 5724 1358 5786; x_wconf 66' lang='lat' dir='ltr'>Rasum·</span> <span class='ocrx_word' id='word_1_467' title='bbox 1382 5739 1409 5777; x_wconf 74' lang='lat' dir='ltr'>es</span> <span class='ocrx_word' id='word_1_468' title='bbox 1428 5723 1528 5778; x_wconf 65' lang='lat' dir='ltr'>amor</span> <span class='ocrx_word' id='word_1_469' title='bbox 1551 5726 1743 5793; x_wconf 64' lang='lat' dir='ltr'>crepo-arrolas</span> <span class='ocrx_word' id='word_1_470' title='bbox 1767 5727 1841 5780; x_wconf 64' lang='lat' dir='ltr'>boob</span> 
     </span>
     <span class='ocr_line' id='line_1_44' title="bbox 352 5789 1287 5861; baseline 0.011 -20"><span class='ocrx_word' id='word_1_471' title='bbox 352 5789 459 5856; x_wconf 57' lang='lat' dir='ltr'>siblios</span> <span class='ocrx_word' id='word_1_472' title='bbox 475 5805 589 5856; x_wconf 68' lang='lat' dir='ltr'>gamen</span> <span class='ocrx_word' id='word_1_473' title='bbox 605 5807 641 5841; x_wconf 72' lang='lat' dir='ltr'>au</span> <span class='ocrx_word' id='word_1_474' title='bbox 657 5792 723 5857; x_wconf 74' lang='lat' dir='ltr'>sein,</span> <span class='ocrx_word' id='word_1_475' title='bbox 742 5791 786 5843; x_wconf 77' lang='lat' dir='ltr'>dr&#39;a</span> <span class='ocrx_word' id='word_1_476' title='bbox 803 5792 982 5858; x_wconf 66' lang='lat' dir='ltr'>simmae</span> <span class='ocrx_word' id='word_1_477' title='bbox 998 5792 1082 5846; x_wconf 72' lang='lat' dir='ltr'>ludher</span> <span class='ocrx_word' id='word_1_478' title='bbox 1099 5810 1135 5845; x_wconf 79' lang='lat' dir='ltr'>zu</span> <span class='ocrx_word' id='word_1_479' title='bbox 1153 5794 1287 5861; x_wconf 66' lang='lat' dir='ltr'>bociam.</span> 
     </span>
     <span class='ocr_line' id='line_1_45' title="bbox 299 5875 860 5948; baseline 0.002 -16"><span class='ocrx_word' id='word_1_480' title='bbox 299 5875 328 5932; x_wconf 74' lang='grc'>6.</span> <span class='ocrx_word' id='word_1_481' title='bbox 352 5875 499 5948; x_wconf 74' lang='lat' dir='ltr'>[Bremlau]</span> <span class='ocrx_word' id='word_1_482' title='bbox 553 5877 579 5947; x_wconf 87' lang='lat' dir='ltr'>a)</span> <span class='ocrx_word' id='word_1_483' title='bbox 598 5878 649 5932; x_wconf 79' lang='lat' dir='ltr'>das</span> <span class='ocrx_word' id='word_1_484' title='bbox 665 5884 678 5931; x_wconf 90' lang='lat' dir='ltr'>t</span> <span class='ocrx_word' id='word_1_485' title='bbox 694 5879 752 5944; x_wconf 70' lang='lat' dir='ltr'>avt*</span> <span class='ocrx_word' id='word_1_486' title='bbox 766 5880 860 5933; x_wconf 72' lang='lat' dir='ltr'>amr</span> 
     </span>
    </p>
   </div>
   <div class='ocr_carea' id='block_1_15' title="bbox 0 0 2405 6516">
    <p class='ocr_par' dir='ltr' id='par_1_17' title="bbox 0 0 2405 6516">
     <span class='ocr_line' id='line_1_46' title="bbox 0 0 2405 6516; baseline 0 0"><span class='ocrx_word' id='word_1_487' title='bbox 0 0 2405 6516; x_wconf 95' lang='lat' dir='ltr'> </span> 
     </span>
    </p>
   </div>
  </div>
 </body>
</html>
