4836 6492
1114 274 1574 334 KAISERURKUNDEN.

1304 459 1401 547 484.

521 622 702 698 Heinrich
725 620 873 697 retente
896 621 963 696 der
988 622 1241 722 biscbbflicbea
1267 623 1405 699 Kircbe
1429 649 1475 698 za
1500 622 1717 697 Padarborrr
1742 622 1810 696 das
1838 619 1915 699 Gat
1937 620 2067 699 Steini.

1652 778 1823 838 Pederbora
1846 779 1926 839 1023
1943 778 2063 838 Jaruar
2081 777 2129 838 14.

633 938 878 1014 Ortpiaaldiplom
906 940 948 998 im
976 939 1005 998 lt.
1029 937 1230 999 Sarabarcltiv
1257 958 1294 1000 aa
1315 939 1449 1000 Mdaster
1472 938 1545 1007 (A).
1569 968 1614 978 -
1640 938 1797 1013 Rescripta
1820 939 2043 1014 parliamenta
2064 938 2177 998 Padar-

629 1047 779 1106 barnersis
800 1046 932 1106 ecclesiae
953 1064 1008 1106 aus
1029 1046 1081 1105 der
1102 1046 1189 1106 Mitte
1210 1047 1260 1106 des
1284 1047 1329 1107 14.
1346 1046 1402 1107 Jb.
1421 1065 1455 1121 p.
1473 1048 1514 1106 60
1536 1046 1641 1105 ebeada
1664 1046 1735 1113 (B).
2199 1064 2214 1104 s

630 1188 746 1265 Ausaep
776 1189 808 1247 ia
840 1189 892 1249 der
918 1189 986 1248 Vita
1013 1187 1181 1248 Meinwmi
1210 1207 1274 1263 cap.
1298 1190 1357 1248 189
1387 1189 1430 1248 bet
1459 1189 1583 1248 Brower
1612 1187 1717 1248 Sidera
1746 1190 1787 1247 66
1814 1189 1875 1248 aad
1902 1189 1934 1248 ia
1962 1187 2043 1248 Mon.
2077 1189 2175 1248 Germ.

632 1293 686 1355 SS.
715 1297 854 1366 11,151.
900 1324 946 1335 -
991 1295 1215 1371 (serratas)
1250 1296 1330 1356 Mor.
1366 1295 1491 1355 Puderb.
1526 1295 1569 1355 ed.
1605 1293 1651 1354 Π.
1687 1296 1745 1354 181
1775 1295 1824 1355 cit.
1862 1324 1907 1334 -
1944 1294 2065 1355 Sabatra
2097 1296 2175 1356 Asa.

631 1402 758 1463 Padarb.
778 1403 821 1463 ed.
841 1402 869 1462 1.
889 1404 919 1473 1,
933 1403 992 1462 451
1010 1402 1086 1463 wall
1101 1422 1155 1462 ares
1172 1403 1325 1475 Absclrift
1343 1424 1385 1451 =
1404 1401 1503 1478 Duaip
1520 1401 1588 1461 BA,
1611 1403 1677 1472 17⁶,
1693 1402 1754 1461 712
1775 1404 1809 1461 a⁰
1824 1403 1873 1473 31,
1896 1423 1938 1449 =
1959 1400 2080 1462 863606
2097 1403 2175 1463 dan.

632 1509 757 1570 Paderb.
777 1511 821 1570 ed.
841 1509 889 1569 Π.
909 1512 937 1580 1,
954 1511 1022 1569 309.
1039 1539 1085 1549 -
1102 1509 1225 1570 Erbard
1242 1508 1306 1570 01).
1330 1511 1432 1581 Westt‘.
1451 1511 1480 1580 1,
1495 1511 1539 1569 82
1556 1511 1589 1568 a⁰
1604 1509 1664 1568 104
1680 1527 1733 1569 ares
1750 1509 1778 1567 A
1798 1531 1840 1557 =
1858 1509 1958 1585 fiscpac
1974 1509 2089 1569 Patrol.
2106 1511 2176 1582 140,

632 1618 693 1676 377
714 1619 747 1676 o⁰
769 1617 836 1678 134.
866 1646 911 1655 -
938 1616 1239 1692 warrens-Philippi
1266 1618 1369 1688 Wests.
1401 1616 1471 1677 ΚΠ.
1494 1618 1527 1687 2,
1550 1617 1609 1675 192
1638 1618 1671 1675 a⁰
1689 1618 1749 1677 160
1770 1635 1824 1677 ares
1845 1617 1912 1676 AB.
1938 1646 1980 1654 -
2002 1617 2178 1677 Facsimile·
2196 1636 2223 1675 ra

631 1724 790 1800 Fragment
818 1724 849 1783 ia
879 1723 1018 1783 Zeitscbr.
1051 1727 1105 1795 fiir
1132 1724 1234 1795 Westf.
1268 1724 1367 1783 Garat.
1392 1724 1431 1782 34
1460 1725 1493 1783 a⁰
1513 1725 1541 1783 1.
1565 1752 1610 1762 -
1639 1723 1766 1783 Bdltmer
1787 1723 1860 1800 Rea.
1877 1724 1965 1784 1237.
1990 1753 2034 1763 -
2057 1722 2182 1800 Stampf

631 1830 703 1907 Rea.
720 1832 811 1892 1800.

638 1974 771 2045 Verfasst
791 1973 852 2033 aad
872 1974 1049 2049 parchstebea
1070 1992 1126 2033 ooo
1146 1972 1213 2033 GB.
1233 2002 1276 2013 -
1295 1973 1379 2032 Nacb
1402 1973 1454 2032 der
1471 1971 1660 2048 Darstelluap
1682 1973 1735 2032 der
1753 1973 1821 2032 Vita
1838 1973 2005 2034 Meiawerci
2027 1992 2090 2049 cap.
2106 1976 2175 2035 181.

633 2082 695 2141 182
725 2081 783 2147 (wo
813 2081 882 2140 aher
910 2082 1086 2140 Hohunseli
1115 2081 1169 2139 mit
1197 2081 1261 2139 dem
1289 2085 1348 2140 erat
1377 2079 1459 2139 1027
1484 2098 1539 2139 voa
1567 2080 1694 2140 Koarad
1715 2079 1761 2140 Π.
1792 2081 1883 2141 durch
1911 2081 1965 2140 dus
1993 2080 2034 2141 D.
2059 2080 2183 2157 Straapf

633 2187 706 2262 Rea.
726 2188 803 2246 1934
831 2188 1012 2263 pescbealctea
1034 2187 1159 2248 arurae
1185 2187 1362 2247 mahar
1384 2188 1433 2257 ist,
1469 2187 1525 2261 apl.
1545 2186 1667 2246 Eriard
1688 2186 1760 2263 Beq.
1783 2187 1916 2259 Westsal.
1933 2188 2007 2255 916)
2032 2197 2110 2248 aare
2130 2190 2178 2249 die
2196 2206 2223 2246 rs

634 2293 801 2369 Sobeakaap
822 2313 878 2355 ooo
900 2295 1001 2354 Steini
1022 2295 1082 2354 aad
1103 2296 1280 2353 Hohunseli
1301 2293 1391 2369 pleiclt
1413 2294 1486 2353 auci
1508 2294 1561 2352 der
1577 2294 1714 2366 Aalmnft
1735 2294 1784 2354 des
1801 2294 1925 2354 Kaisers
1946 2295 1978 2354 in
1996 2294 2177 2367 Paderborrr,

632 2403 694 2462 also
712 2402 787 2462 wohl
804 2402 889 2462 sebon
907 2420 960 2461 eor
975 2401 1044 2461 oder
1057 2420 1093 2461 aa
1114 2401 1314 2460 Weibaacletea
1330 2402 1411 2461 1022
1428 2401 1544 2476 molat.
1583 2400 1666 2461 Doclt
1683 2400 1835 2476 usterlieqt
1848 2401 1896 2461 die
1911 2400 2178 2478 oacwaraiqkat

632 2510 726 2570 dieser
748 2509 912 2569 Aaekdotea
934 2510 1019 2568 schoa
1041 2509 1096 2568 mit
1118 2507 1277 2568 thclrst'cltt
1298 2510 1358 2579 aas
1370 2508 1437 2582 jere
1463 2507 1701 2583 Verwecbeelanq,
1730 2508 1809 2568 dara
1837 2508 1907 2567 aber
1928 2509 2001 2569 auch
2026 2510 2177 2585 dawopm,

632 2617 698 2676 weil
726 2616 779 2675 der
800 2616 953 2692 Bioprapb
982 2616 1029 2676 die
1058 2615 1225 2691 &anana
1253 2632 1309 2674 voa
1331 2615 1456 2674 Erraitte
1486 2615 1526 2682 (l.
1549 2616 1741 2682 Hohunseli)
1772 2615 1862 2674 durch
1889 2604 2098 2690 medcbaap
2126 2616 2179 2676 der

633 2723 736 2783 bereits
758 2723 980 2798 artsqesertt'ptea
1006 2722 1143 2782 Urlraode
1163 2722 1294 2796 ersolpan
1317 2721 1399 2792 idest,
1421 2726 1533 2781 arastes
1556 2721 1717 2793 Bedeaken,
1746 2722 1785 2781 da
1806 2722 1884 2781 diere
1904 2723 1983 2782 dana
2004 2723 2083 2782 aicit
2105 2723 2178 2783 uolt
2196 2744 2224 2783 eo

632 2849 697 2890 vom
720 2831 767 2890 14.
787 2830 907 2891 Jaaaar
928 2829 1035 2889 delicet
1057 2830 1119 2889 sein
1141 2829 1252 2888 boante.
1272 2857 1315 2866 -
1339 2828 1403 2887 Zur
1420 2828 1591 2904 Erkldmap
1613 2829 1665 2888 der
1685 2828 1856 2888 Ortsaamen
1879 2829 1911 2888 ia
1933 2828 2007 2888 DD.
2023 2830 2093 2889 484.
2118 2831 2179 2889 485

634 2939 690 3013 apl.
717 2938 841 3014 Wipaad
863 2937 973 2996 Archiv
996 2938 1027 3006 6,
1042 2937 1119 3008 ma,-
1147 2935 1280 2994 Ledebar
1301 2935 1411 2995 Archiv
1434 2936 1482 3006 13,
1497 2935 1559 2994 243
1573 2935 1625 3009 0.,-
1654 2954 1702 2994 am
1724 2936 2018 2996 wabrsclteialicltstea
2040 2937 2179 2997 macine

633 3062 688 3104 aaa
709 3044 756 3103 die
773 3043 909 3118 Deutanp
930 3061 986 3102 vor
1004 3042 1103 3101 Steini
1126 3043 1186 3114 aas
1205 3041 1319 3102 Steiaen
1342 3042 1386 3102 bei
1402 3042 1576 3102 Heormerde
1599 3042 1672 3108 (Kr.
1689 3042 1826 3113 Hamm),
1848 3062 1903 3102 voa
1925 3045 2101 3103 Hohnnseli
2123 3048 2184 3116 aas

635 3151 745 3211 Honsel
767 3151 811 3211 bei
833 3149 1039 3209 Ladeascltet'd.

636 3318 693 3406 (c.)
711 3316 729 3406 ᾖ
743 3318 784 3383 ln
798 3319 929 3383 nomine
945 3327 1077 3383 sanctae
1094 3328 1127 3383 et
1141 3317 1330 3382 individuae
1346 3318 1510 3382 trinitatis.
1542 3317 1718 3383 Heinricus
1733 3317 1846 3384 divina
1861 3318 1991 3384 favente
2008 3319 2180 3385 clementia
2196 3349 2225 3390 aa

527 3429 748 3493 Romanorum
770 3427 949 3513 imperator
970 3436 1136 3512 augustus.
1245 3424 1282 3491 Si
1304 3423 1554 3513 vener[abil]ia⁸
1577 3424 1811 3491 aecclesiarum
1840 3426 1893 3491 dei
1915 3426 1989 3492 loca
2011 3426 2117 3492 ditare
2140 3450 2180 3493 ac

528 3533 704 3600 sublimare
735 3532 964 3615 studuerimus,
994 3530 1088 3597 nobis
1118 3529 1152 3596 id
1175 3533 1369 3619 animaeque
1399 3542 1529 3597 nostrae
1559 3531 1703 3598 remedio
1735 3543 1972 3620 parentumque
1996 3546 2179 3599 nostrorum

528 3665 590 3707 nec
614 3664 680 3707 non
701 3642 795 3727 regni
817 3640 921 3705 nostri
940 3638 958 3729 ᾗ
981 3640 1079 3704 statui
1101 3639 1305 3727 profuturum
1328 3661 1400 3704 esse
1423 3640 1555 3704 minime
1579 3638 1775 3705 dubitamus.
1822 3640 2031 3728 Quapropter
2052 3643 2181 3707 noverit

530 3750 674 3815 omnium
698 3747 820 3814 Christi
843 3746 988 3811 fidelium
1010 3758 1257 3833 nostrorumque
1280 3746 1486 3829 universitas,
1515 3745 1680 3835 quali[t]er
1702 3770 1761 3811 nos
1785 3748 1995 3835 inspicientes
2016 3750 2180 3814 interven-

529 3869 598 3922 tum
622 3856 852 3921 dilectissimae
876 3854 1023 3940 coniugis
1046 3866 1176 3919 nostrae
1200 3852 1416 3940 Cvnigvndae
1445 3854 1662 3940 imperatricis
1684 3866 1843 3942 augustae
1865 3856 1996 3920 assidue
2019 3857 2180 3921 monentis
2197 3885 2225 3925 so

526 3974 626 4051 atque
651 3959 890 4028 incessabiliter
911 3959 1005 4027 nobis
1028 3962 1062 4025 in
1085 3962 1274 4026 memoriam
1298 3959 1494 4042 reducentis,
1519 3960 1607 4047 quod
1628 3962 1859 4027 Meinuuercue
1877 3961 2180 4028 Paderbrunnensis

529 4071 709 4136 aecclesiae
732 4068 930 4134 venerabilis
959 4069 1132 4156 episcopus
1161 4068 1234 4155 plus
1265 4069 1402 4133 caeteris
1429 4066 1580 4133 fidelibus
1603 4069 1721 4133 nostris
1743 4070 1778 4132 in
1801 4070 1957 4134 servitute
1980 4082 2091 4136 nostra
2112 4070 2181 4157 iugi

530 4178 710 4243 devocione
734 4176 874 4258 sudavit,
898 4176 1006 4240 eidem
1028 4173 1318 4240 Paderbrunnensi
1340 4175 1521 4240 aecclesiae
1545 4177 1578 4239 in
1601 4175 1757 4240 honorem
1780 4187 1913 4241 sanctae
1937 4176 1991 4241 dei
2013 4178 2181 4262 genitricis

528 4284 653 4350 Mariae
684 4285 854 4370 sanctique
877 4282 1004 4347 Kiliani
1032 4283 1174 4346 martiris
1203 4304 1265 4347 nec
1295 4304 1361 4346 non
1390 4283 1530 4368 preciosi
1555 4282 1749 4348 confessoris
1772 4281 1899 4347 Liborii
1922 4282 2103 4366 dedicatae,
2128 4286 2182 4348 cui

528 4391 617 4456 idem
656 4389 750 4456 nobis
792 4390 929 4456 dilectus
970 4390 1106 4454 antistes
1146 4411 1279 4476 preesse
1320 4388 1467 4472 videtur,
1509 4388 1674 4475 quoddam
1714 4389 1864 4477 predium
1898 4401 2043 4455 nostrum
2077 4390 2180 4457 Steini
2198 4417 2226 4458 aa

530 4499 654 4564 dictum
684 4498 781 4562 situm
810 4499 845 4561 in
874 4518 960 4585 pago
983 4496 1167 4561 Westfalon
1197 4497 1231 4559 in
1262 4497 1418 4561 comitatu
1446 4518 1525 4561 vero
1548 4495 1754 4560 Bernhardib
1778 4498 1904 4561 comitis
1934 4520 2009 4562 cum
2032 4497 2180 4563 omnibus

530 4603 676 4671 eiusdem
700 4604 806 4691 predii
830 4604 1044 4691 pertinentiis,
1067 4603 1162 4668 terris
1185 4601 1339 4667 videlicet
1366 4601 1487 4691 cullti]s
1518 4614 1551 4666 et
1579 4602 1708 4668 incultis
1739 4603 1905 4669 curtificiis
1935 4606 2020 4669 areis
2043 4604 2180 4669 edificiis

529 4712 701 4799 mancipiis
725 4710 906 4800 utrius[que
930 4710 1042 4799 sexu]s
1064 4711 1166 4797 pratis
1189 4711 1321 4797 pascuis
1337 4709 1427 4774 silvis
1442 4707 1671 4774 venationibus
1692 4712 1785 4797 aquis
1801 4734 2024 4798 aquarumque
2041 4711 2180 4801 dec[u]r-

531 4816 621 4883 sibus
645 4818 879 4905 piscationibus
896 4817 1090 4882 molendinis
1105 4817 1168 4880 viis
1192 4827 1225 4881 et
1239 4817 1336 4880 inviis
1359 4814 1501 4881 exitibus
1525 4828 1558 4881 et
1579 4816 1738 4882 reditibus
1754 4819 1888 4904 quesitis
1903 4818 1957 4883 vel
1979 4818 2182 4906 inquirendis

529 4927 712 5014 ceterisque
737 4924 886 4991 omnibus
910 4947 994 5012 quae
1011 4924 1314 5011 quomodocumque
1338 4923 1403 4987 dici
1428 4924 1497 4987 sire
1521 4923 1619 4988 scribi
1643 4937 1699 4989 aut
1721 4926 1882 4990 nominari
1904 4937 2040 5013 possunt
2062 4926 2180 4991 utilita—
2197 4953 2226 4993 eo

529 5032 616 5098 tibus
646 5032 689 5098 ad
719 5034 826 5119 ipsum
856 5032 1004 5119 predium
1036 5029 1283 5118 pertinentibus,
1306 5030 1474 5118 perhanc
1497 5042 1639 5095 nostram
1664 5031 1866 5118 imperialem
1888 5034 2042 5119 paginam
2066 5055 2181 5098 conce·

529 5141 636 5205 dimus
667 5152 764 5227 atque
797 5138 953 5225 largimur
984 5148 1018 5202 et
1047 5137 1088 5203 de
1112 5149 1221 5203 nostro
1245 5139 1315 5202 iure
1339 5160 1378 5201 ac
1401 5136 1545 5202 dominio
1569 5139 1603 5202 in
1627 5140 1696 5202 eius
1719 5140 1769 5203 ius
1794 5151 1826 5204 et
1849 5140 2027 5205 dominium
2051 5141 2181 5205 omnino

529 5246 801 5329 tranfundimus0,
826 5269 866 5311 ea
888 5244 1043 5311 videlicet
1072 5246 1197 5310 ratione
1228 5255 1263 5309 ut
1289 5244 1456 5331 predictus
1479 5244 1524 5309 M.
1549 5246 1722 5332 episcopus
1745 5244 1874 5333 sibique
1897 5245 2047 5334 posthinc
2069 5269 2181 5312 succe-

529 5353 644 5419 dentes
667 5354 804 5419 liberam
827 5352 971 5418 habeant
994 5353 1035 5418 de
1059 5353 1175 5418 eodem
1207 5352 1322 5439 predio
1347 5352 1481 5438 eiusque
1511 5353 1714 5440 pertinentiis
1737 5364 1932 5440 potestatem
1955 5353 2111 5441 quicquid
2134 5354 2181 5418 eis

600 5565 664 5624 484.
689 5566 900 5693 [Bmillfiaay
919 5569 989 5709 drap
1003 5569 1065 5692 qud
1081 5570 1125 5621 dic
1142 5567 1282 5634 folcradae
1300 5566 1504 5634 Erpaazuayca
1522 5582 1574 5619 aaa
1592 5566 1617 5618 B
1690 5566 1720 5635 b)
1740 5583 1755 5621 e
1773 5569 1830 5632 aas
1844 5567 1951 5635 Rasum
1971 5582 1998 5620 ea
2015 5583 2075 5619 soor
2091 5573 2182 5621 rueret
2198 5584 2226 5624 eo

688 5657 704 5692 r
719 5656 777 5706 pasc
957 5656 973 5692 c
