4836 6504
514 444 582 508 212
1116 447 1581 506 KAISERUBKUNDEN.

625 645 730 706 omns
751 645 917 705 venosa
943 644 993 715 et,
1022 663 1072 703 om
1100 644 1191 704 stae
1212 644 1342 705 Nam
1363 630 1460 704 ‚aaa
1482 644 1530 703 so
1552 643 1693 703 [saroa
1714 643 1763 703 sa
1783 644 1817 703 a
1839 642 1894 702 ses
1915 642 1989 702 no.
2007 645 2177 703 177-180

623 752 786 812 aethnico
813 751 1003 811 Boihaemi
1031 751 1086 810 mit
1115 750 1179 810 dem
1207 751 1240 810 itt
1262 750 1303 810 D.
1321 752 1379 810 181
1409 770 1448 810 os
1470 750 1616 825 Bomberp
1637 750 1820 825 pmchmkten
1845 749 1916 809 Orte
1936 768 1973 808 zu
1995 749 2176 822 inensem

622 860 679 933 opi.
695 858 794 918 Erben
816 877 844 917 a.
861 878 890 917 o.
910 857 944 917 0.

624 1032 683 1106 (C.)
706 1023 724 1115 ᾖ
745 1026 786 1090 In
808 1026 939 1090 nomine
963 1035 1097 1089 sanctae
1121 1036 1155 1090 et
1176 1024 1367 1090 individuae
1390 1026 1554 1090 trinitatis.
1597 1024 1775 1089 Heinricus
1804 1023 1918 1088 divina
1947 1023 2077 1089 favente
2107 1023 2172 1089 cle·

516 1134 640 1198 mentia
668 1156 738 1197 rex.
854 1131 1010 1197 Omnium
1038 1131 1185 1196 fidelium
1213 1142 1397 1196 nostromm
1426 1142 1494 1196 tam
1523 1131 1724 1218 presentium
1754 1152 1853 1217 quam
1882 1142 1916 1195 et
1944 1131 2126 1195 futurorum
2155 1128 2214 1217 {s

517 1241 646 1304 noverit
675 1238 846 1321 industria,
877 1237 1018 1323 qualiter
1047 1238 1133 1302 inter
1162 1260 1222 1302 nos
1252 1248 1286 1302 et
1305 1237 1507 1323 Willigisum
1529 1238 1741 1323 hlogontinae
1772 1236 1860 1301 sedis
1890 1236 2173 1324 archiepiscopum

516 1347 683 1412 communi
705 1345 921 1409 unanimitate
946 1345 1099 1408 convenit
1123 1343 1288 1430 quoddam
1312 1343 1422 1408 facere
1442 1342 1669 1409 concambium
1690 1355 1800 1408 nostro
1821 1344 1896 1408 usui
1920 1365 2109 1429 congruum,
2132 1365 2172 1406 eo

517 1452 674 1519 videlicet
696 1460 794 1537 paeto
812 1462 849 1515 ut
871 1473 931 1515 nos
951 1463 1105 1516 aecclesiae
1124 1466 1214 1516 sancti
1233 1465 1367 1531 Stephani
1385 1465 1588 1531 protomartiris
1607 1464 1680 1516 infra
1697 1480 1805 1516 murum
1823 1449 2033 1536 Mogontinae
2052 1465 2173 1515 civitatis

518 1578 694 1625 constructae
713 1573 743 1622 in
761 1572 972 1637 stipendiarium
991 1577 1019 1621 ct
1038 1587 1174 1622 annonam
1192 1572 1323 1622 fratribus
1342 1571 1394 1621 deo
1421 1571 1523 1622 ibidem
1542 1571 1727 1622 servientibus
1752 1587 1832 1622 omne
1857 1570 1991 1637 predium,
2017 1572 2090 1635 quod
2112 1577 2173 1619 nos

518 1663 691 1729 habuimus
720 1665 756 1728 in
784 1663 857 1728 loco
887 1662 1082 1727 Thielleiclri
1113 1663 1218 1745 dicto,
1249 1673 1283 1728 et
1312 1663 1469 1750 quicquid
1500 1663 1544 1728 ad
1575 1662 1665 1727 illam
1698 1672 1824 1728 curtem
1853 1664 1994 1749 pertinet
2022 1664 2057 1726 in
2086 1684 2172 1749 pago
2193 1686 2223 1724 ro

517 1771 765 1857 Phimihgouue
787 1770 822 1833 in
845 1771 1001 1834 comitatu
1019 1769 1181 1834 Friderici
1200 1770 1339 1850 comitis,
1362 1792 1422 1856 per
1440 1769 1569 1834 kartam
1592 1779 1737 1834 nostram
1755 1792 1815 1856 pro
1838 1769 1896 1834 tali
1919 1770 2171 1834 commutatione

518 1877 733 1959 traderemus,
765 1877 918 1962 quatinus
947 1898 1007 1940 nos
1037 1898 1098 1962 per
1126 1875 1323 1940 advocatum
1353 1878 1456 1962 ipsius
1479 1875 1661 1941 aecclesiae
1684 1876 1850 1941 Ezzonem
1873 1877 2024 1941 comitem
2048 1886 2171 1940 curtem

519 1998 734 2049 Buocbinehahc
750 1998 937 2047 nominatam
956 2006 1031 2047 cum
1050 1980 1201 2047 omnibus
1220 1983 1291 2046 eius
1309 1983 1513 2068 pertinentiis
1531 1998 1561 2047 in
1577 2013 1650 2063 pago
1666 1997 1841 2063 Bangenos·
1859 2009 1877 2041 a
1895 1999 1924 2047 in
1941 1999 2074 2049 comitatu
2090 1996 2173 2047 Adai-

519 2106 591 2156 hsrti
610 2105 719 2155 comitis
744 2091 907 2154 iacentem
929 2088 974 2153 ad
995 2088 1191 2153 aecclesiam
1214 2090 1319 2154 sancti
1337 2090 1427 2154 Petri
1450 2090 1608 2175 principis
1627 2089 1847 2176 apostolorum
1870 2091 2040 2176 sanctique
2059 2088 2172 2153 Georii

519 2198 662 2262 martiris
686 2194 807 2261 Christi
829 2194 1047 2281 Babenberge
1071 2205 1292 2262 constructam
1317 2211 1346 2260 in
1371 2211 1512 2276 proprium
1535 2197 1784 2283 susciperemus.
1827 2196 1924 2262 Unde
1947 2219 2006 2282 pro
2030 2218 2172 2261 commu-
2192 2216 2221 2256 is

519 2304 642 2369 tatione
659 2304 808 2390 superius
824 2303 991 2367 nominata
1007 2301 1095 2365 idem
1109 2301 1260 2388 predium
1272 2301 1453 2367 Thieuiehe
1469 2322 1580 2367 nostrae
1593 2318 1809 2383 potestatione
1821 2319 2007 2383 mancipatum
2020 2316 2172 2368 aecclesiae

519 2425 611 2475 sancti
629 2423 761 2489 Stephani
780 2423 979 2489 protomartiris
1002 2422 1074 2472 inira
1097 2437 1204 2473 murum
1225 2408 1437 2494 Mogontinae
1461 2424 1583 2474 civitatis
1602 2430 1778 2476 constructae
1798 2421 1831 2474 et
1853 2425 1982 2475 iratribus
2001 2424 2053 2475 deo
2071 2424 2172 2474 ibidem

519 2532 704 2582 servientibus
728 2547 790 2580 com
814 2516 902 2580 omni
925 2528 1066 2580 utilitate
1088 2528 1232 2580 aecclesiis
1255 2530 1483 2581 decimationibus
1500 2544 1518 2576 a
1539 2532 1682 2596 utriusque
1704 2548 1785 2582 sexus
1808 2533 1951 2598 mancipiis
1970 2533 2041 2581 arcis
2060 2531 2173 2582 edificiis

519 2639 607 2706 pratis
626 2638 729 2704 campis
747 2638 859 2703 pascuis
878 2637 958 2687 terris
978 2638 1066 2687 eciam
1086 2635 1169 2687 cultis
1188 2642 1216 2687 et
1232 2636 1345 2687 incultis
1362 2636 1439 2687 silvis
1457 2639 1585 2702 omnique
1603 2637 1731 2689 silvatica
1748 2638 1868 2689 utilitate
1888 2640 1966 2703 aquis
1985 2653 2173 2703 aquarumque

520 2745 683 2797 decursibus
708 2744 907 2811 piscationibus
933 2742 1097 2794 molendinis
1121 2755 1138 2789 s
1162 2744 1214 2793 viis
1240 2750 1268 2793 et
1292 2745 1374 2794 inviis
1400 2745 1519 2794 exitibus
1545 2750 1573 2795 et
1595 2746 1729 2795 reditibus
1752 2746 1868 2810 quesitis
1886 2744 1930 2796 vel
1951 2746 2040 2795 adhuc
2060 2760 2172 2809 quomo-
2192 2749 2220 2789 w

521 2850 627 2903 delibet
645 2850 819 2917 acquirendis
843 2862 860 2896 s
884 2866 947 2899 cum
972 2852 1046 2901 omni
1071 2851 1230 2915 integritate
1256 2850 1426 2901 donavimus.
1472 2851 1509 2901 Et
1533 2858 1565 2902 ut
1589 2852 1671 2903 huius
1696 2850 1798 2917 regalis
1823 2858 1934 2903 nostrae
1959 2852 2173 2917 mancipationis

521 2959 674 3008 auotoritas
692 2957 769 3007 firma
793 2955 901 3007 stabilis
927 2961 955 3006 ct
979 2955 1145 3006 inconvulsa
1170 2955 1368 3022 perpetualiter
1393 2958 1536 3017 consistat,
1562 2958 1616 3007 hoc
1642 2953 1821 3027 preceptumb
1841 2960 1979 3008 conscribi
1998 2958 2127 3008 iussimus
2146 2968 2173 3007 et

518 3063 604 3130 sigilli
622 3065 709 3114 nostri
728 3064 906 3129 impressione
919 3075 941 3107 a
960 3063 1119 3113 roboratum
1137 3061 1225 3127 regali
1244 3076 1262 3109 a
1279 3078 1361 3113 manu
1380 3070 1474 3114 nostra
1491 3065 1589 3114 subtus
1607 3063 1783 3115 firmavimus.

627 3180 646 3271 ᾗ
669 3182 806 3268 Signum
829 3182 940 3246 domni
962 3182 1110 3247 Heimici
1134 3189 1199 3262 (M.)
1222 3183 1310 3267 regis
1332 3182 1547 3248 invictissimi.
1571 3180 1589 3271 ξ

628 3322 646 3413 ξ
668 3323 879 3389 Eberhardus
903 3324 1076 3410 episcopus
1099 3334 1132 3387 et
1155 3322 1369 3388 cancellarius
1386 3325 1460 3388 vice
1479 3323 1644 3410 Uuilligisi
1663 3324 1918 3411 archicapellani
1936 3326 2138 3412 conscripsit
2157 3323 2177 3414 ξ
2195 3353 2224 3392 ss

2024 3440 2069 3496 ss.
2086 3439 2129 3511 a.)

629 3537 753 3601 Datum
775 3551 834 3601 XV.
857 3536 924 3601 kal.
947 3537 1029 3600 iunii
1052 3558 1137 3600 anno
1160 3535 1323 3625 dominice
1352 3537 1586 3601 incarnationis
1613 3537 1783 3602 millesimo
1804 3552 1881 3621 VIII,
1911 3442 2088 3602 indictione
2114 3537 2176 3627 [V1,

521 3665 609 3709 auno
631 3654 740 3708 autem
756 3658 804 3707 vl.
828 3641 954 3731 regnil⁶
976 3642 1126 3707 Heinrici
1149 3643 1236 3727 regis
1260 3642 1409 3725 secundi3
1438 3656 1547 3707 actum
1569 3643 1750 3730 Mogontie3
1779 3643 1919 3709 feliciter
1940 3667 2047 3709 amen

1304 3941 1395 4028 178.

520 4105 700 4181 Heius-tet
724 4106 915 4204 iibertrd'pt
938 4106 979 4176 io
1004 4103 1118 4203 Folpe
1144 4104 1240 4176 anm
1271 4103 1449 4177 Toutelas
1479 4105 1546 4177 mit
1569 4103 1649 4177 deta
1675 4102 1901 4203 Erebischof
1925 4103 2078 4204 Willipis
2101 4132 2178 4179 von
2194 4144 2224 4184 a>

520 4225 649 4299 Maior
684 4224 755 4297 den
779 4223 956 4297 Bessum
991 4222 1057 4296 der
1081 4221 1219 4296 Kirche
1253 4223 1315 4297 des
1347 4222 1380 4295 lt.
1403 4220 1567 4320 Stephon
1592 4223 1746 4297 doselbst
1766 4222 1845 4319 fiir
1871 4222 1942 4297 den
1966 4249 2038 4297 eon
2064 4224 2177 4298 iham

521 4344 773 4443 obpetretenen
799 4340 890 4439 Hos
907 4340 1151 4415 Biicltenboch
1176 4343 1254 4415 san
1281 4338 1357 4418 θαι
1379 4368 1423 4414 zo
1448 4341 1728 4415 Mederoltmeo.

1781 4488 1884 4547 Maias
1899 4490 1980 4549 1008
1994 4487 2062 4547 Mai
2077 4490 2127 4547 18.

631 4655 876 4729 Ots'pinoldiplom
897 4655 939 4713 im
960 4656 1069 4730 prosali.
1088 4653 1288 4716 Stoatsarchiu
1309 4675 1345 4716 ru
1367 4656 1543 4716 Donttstadt
1566 4657 1638 4725 (A).

629 4797 751 4857 Ioannis
773 4795 827 4857 SS.
848 4796 978 4873 Mopont.
999 4800 1032 4868 2,
1046 4799 1107 4856 516
1129 4815 1182 4856 oto
1204 4797 1231 4855 A
1251 4818 1293 4844 =
1318 4798 1512 4873 (Heyherqcr)
1535 4797 1756 4869 Leodahoheit,
1773 4801 1859 4872 prob.
1884 4803 1916 4859 o⁰
1931 4802 1970 4859 13
1988 4822 2031 4848 =
2049 4800 2177 4861 Kreaer
2194 4826 2224 4866 ss

632 4905 713 4980 Orio.
735 4904 824 4964 Naso.
843 4905 949 4975 2,101
974 4906 1006 4962 o⁰
1021 4905 1071 4962 70.
1095 4934 1139 4942 -
1162 4904 1290 4963 Bdhmer
1311 4903 1382 4979 Rep.
1401 4907 1488 4965 1033.
1512 4934 1557 4943 -
1580 4904 1704 4978 Stumpf
1723 4904 1794 4979 Rep.
1812 4907 1898 4965 1491.

632 5047 694 5122 Vpl.
713 5046 760 5105 die
779 5045 1005 5121 Verbemerltunp
1026 5064 1062 5105 zu
1084 5044 1125 5104 D.
1143 5047 1211 5104 177.

628 5216 684 5302 (C.)
707 5212 725 5303 ξ
747 5214 787 5278 In
810 5215 940 5279 nomine
965 5224 1098 5279 sanctae
1129 5223 1162 5276 et
1191 5212 1382 5278 individuae
1412 5215 1575 5278 trinitatis
1621 5215 1797 5280 Heinricus
1820 5215 1933 5281 divina
1955 5216 2085 5282 favente
2109 5216 2173 5281 cle-

519 5322 643 5386 mentia
671 5345 741 5386 rex.
851 5321 1006 5386 Omnium
1036 5331 1219 5384 nostrorum
1249 5320 1415 5384 fidelium⁸
1444 5332 1512 5384 tam
1541 5322 1741 5410 presentium
1772 5344 1870 5407 quam
1892 5320 1910 5410 ξ
1933 5334 1967 5387 et
1992 5323 2173 5388 intimorum

519 5429 649 5492 noverit
666 5427 837 5509 industria,
861 5427 1001 5514 qualiter
1019 5428 1105 5490 inter
1123 5448 1181 5490 nos
1201 5435 1234 5490 et
1248 5426 1459 5513 Vvilligisum
1478 5440 1611 5492 sanctae
1626 5427 1869 5514 lllogonciensis
1889 5428 2049 5495 aeclesiae
2068 5430 2173 5495 archi—
2192 5456 2225 5494 so

591 5624 655 5679 177.
682 5622 818 5692 [Bresslau
864 5623 891 5689 a)
910 5638 956 5673 ons
972 5624 1079 5674 metten
1099 5639 1117 5673 u
1134 5622 1424 5676 sanemarium·
1487 5622 1516 5691 b)
1535 5625 1561 5677 Δ
1629 5624 1654 5691 c)
1671 5623 1713 5675 dte
1730 5624 1902 5691 Erpdneunp
1919 5627 1955 5676 ist
1972 5625 2058 5677 dotet
2075 5627 2176 5691 misc

680 5695 747 5747 noch
766 5709 814 5746 vor
851 5694 933 5746 adone
951 5694 1124 5757 Sctmftreete
1140 5694 1277 5759 pascam.

594 5782 656 5839 178.
681 5781 827 5852 [Breselau]
864 5786 890 5849 a)
910 5782 1038 5834 dubium·
1054 5784 1097 5835 ein
1117 5781 1267 5835 Buchstebe
1283 5785 1333 5834 mit
1349 5783 1510 5849 Ueterldnpe
1527 5783 1669 5851 mmmm,
1687 5784 1751 5836 oder
1769 5784 1843 5837 mett
1861 5783 1990 5838 wllertdet
