4836 6504
850 473 1088 530 HEINRICH
1112 475 1149 531 ll.
1177 474 1271 532 1007.

1008 658 1088 745 161.

226 822 405 896 Heinrich
430 820 575 896 seltenlct
601 821 680 894 dem
706 848 780 895 uon
804 821 878 894 itm
901 822 1148 921 pcprrt'ndeten
1166 822 1331 895 Bistltam
1353 822 1537 922 Bamberp
1564 821 1634 894 den
1663 821 1731 897 Ort
1754 824 1880 931 Kirih·

227 943 338 1014 helm-
1340 969 1610 1039 F'rnnkfnrt1007
1629 969 1788 1028 Nor-enter
1807 971 1834 1028 1.

336 1149 581 1225 Oripinnldiplom
602 1150 643 1207 im
666 1150 694 1207 lc.
715 1149 921 1208 Reicttsarcltiv
943 1166 979 1208 ru
1001 1148 1144 1207 Mincius
1168 1148 1240 1215 (A).

190 1313 204 1352 s
338 1293 511 1352 Ussermcnn
526 1292 584 1365 Dp.
601 1292 718 1361 Bamb,
732 1292 843 1366 proles.
860 1293 901 1350 29
917 1292 964 1350 cit.
982 1321 1026 1330 —
1041 1291 1121 1351 Mon.
1139 1291 1232 1349 Beira
1248 1292 1316 1360 28⁰,
1340 1291 1401 1347 385
1423 1293 1456 1348 n⁰
1466 1290 1528 1348 244
1547 1308 1601 1347 aas
1615 1290 1652 1349 A.
1669 1320 1714 1327 —
1732 1290 1878 1349 Wirtenrb.

339 1400 402 1458 ΗΒ.
422 1402 449 1469 1,
465 1400 527 1458 246
550 1402 582 1457 72⁰
596 1402 660 1458 208
682 1417 736 1457 arcs
758 1400 794 1457 A.
821 1427 862 1436 -
886 1399 1013 1457 Btbmer
1035 1398 1106 1473 Rep.
1125 1400 1215 1458 1025.
1240 1427 1284 1435 -
1307 1396 1432 1470 Stampf
1451 1397 1522 1471 Req.
1543 1397 1632 1456 1482.

334 1540 435 1600 Isdem
458 1543 515 1600 wir
536 1541 626 1600 dieses
647 1539 688 1599 D.
714 1541 759 1599 als
781 1542 875 1599 tentes
901 1541 934 1599 in
956 1541 1008 1600 der
1030 1541 1121 1599 Rern
1144 1541 1196 1600 der
1219 1538 1323 1598 Stt'tcke
1344 1539 1508 1608 dnordnen,
1539 1539 1641 1597 rrelclte
1663 1541 1723 1609 anf
1740 1541 1786 1597 ein
1808 1540 1881 1599 nnclt

334 1650 392 1707 nrt
414 1668 468 1706 von
483 1647 523 1706 D.
538 1650 596 1706 155
619 1667 673 1706 von
688 1646 782 1705 Bal
800 1648 1014 1721 torpescentes
1029 1648 1173 1721 Blcmqnct
1196 1647 1373 1721 praebriebrn
1394 1646 1471 1716 sind
1494 1647 1548 1704 soll
1570 1646 1663 1704 deurit
1685 1646 1750 1703 Ινείη
1771 1646 1882 1705 Urtiteil

334 1757 404 1813 eber
421 1757 497 1813 scine
513 1756 633 1814 relative
651 1755 898 1828 Dntsteltunpezet't
916 1755 1066 1813 imrerbsib
1079 1755 1164 1827 jener
1187 1754 1420 1813 Urlrnndenreibe
1438 1754 1591 1827 abpcqeben
1610 1754 1738 1825 n·erdea‚·
1760 1773 1789 1812 es
1810 1754 1882 1823 fehlt

334 1863 470 1920 tielnwbr
492 1882 531 1920 nn
553 1863 628 1920 allen
651 1862 899 1935 Anbattepsnlrtes
922 1862 997 1920 dices
1018 1880 1052 1919 rs
1076 1862 1246 1920 bestimmcn.
1287 1861 1452 1934 Asspcfaetllt
1474 1862 1513 1919 ist
1536 1878 1564 1919 es
1588 1880 1641 1919 von
1664 1859 1735 1930 ED,
1758 1861 1810 1919 der
1832 1861 1881 1918 da·

336 1971 379 2028 bei
402 1970 478 2028 rectit
500 1969 620 2043 sictritip
641 1969 776 2027 orbeitete
802 1969 861 2027 snei
888 1968 935 2027 die
955 1968 1085 2043 Vorlspc,
1115 1969 1200 2027 deren
1230 1987 1262 2026 er
1284 1967 1345 2026 siclt
1373 1968 1506 2037 dedicate,
1538 1968 1629 2038 freter
1658 1968 1703 2026 als
1731 1972 1810 2025 seruet
1839 1968 1880 2025 be-

335 2077 473 2135 bandelte.
519 2076 585 2133 Wir
606 2076 706 2144 haben,
729 2076 768 2134 da
790 2076 837 2134 die
858 2076 1090 2149 Tertqestsltanp
1112 2092 1226 2133 erueres
1248 2073 1289 2133 D.
1314 2075 1376 2133 ἀεννι
1400 2073 1440 2132 D.
1458 2075 1516 2131 149
1538 2093 1585 2132 om
1609 2075 1740 2134 ntcbsten
1764 2076 1881 2142 tremuit,

335 2201 396 2241 was
417 2182 471 2240 mit
493 2183 597 2240 diesem
619 2182 852 2251 tbmcinstimmt,
875 2182 966 2240 darell
981 2181 1152 2240 Petitdrsclr
1174 2182 1345 2254 berachus&
1367 2182 1438 2241 decit
1459 2182 1499 2239 iet
1522 2182 1565 2239 bei
1583 2181 1635 2239 der
1652 2181 1882 2255 Bescbcffenlteit

335 2309 389 2348 een
412 2288 452 2347 D.
470 2290 527 2347 161
551 2289 623 2348 surb
646 2289 692 2347 die
707 2289 875 2363 Benutrnnq
897 2289 976 2347 einer
998 2289 1123 2347 anderen
1143 2288 1204 2348 VU.
1229 2290 1308 2347 nicbt
1329 2289 1564 2363 mopescblossen.
1588 2317 1628 2326 —
1648 2289 1825 2346 Kirihheim
1843 2288 1883 2345 ist

335 2399 379 2455 cin
405 2396 487 2454 Tacit
510 2396 562 2455 der
583 2396 722 2469 instiges,
744 2412 798 2453 aas
819 2396 888 2453 sicci
914 2396 1003 2453 Ortca
1025 2396 1381 2469 zusammenqewacbseuen
1406 2395 1558 2454 Gentciade
1580 2395 1881 2465 Kircltentellinsfnrt,

334 2505 390 2578 cpi.
407 2504 618 2577 Bescbreiban
636 2503 685 2561 des
703 2503 852 2561 Obercmts
870 2502 1016 2575 Tttbinpes
1032 2494 1193 2576 (Stuttqart
1211 2503 1306 2569 1867)
1325 2502 1384 2561 414
1403 2502 1462 2561 ssd
1476 2502 1596 2561 Bosscrt
1614 2502 1646 2560 in
1664 2502 1879 2575 Wt‘r'rttcmberp.

340 2611 604 2685 Vierteljattrsitcste
626 2610 665 2668 N.
683 2609 720 2668 F.
738 2611 767 2677 1,
782 2612 845 2667 298
860 2609 894 2682 ff.

337 2788 394 2857 (C.)
418 2777 435 2867 ᾖ
459 2779 496 2841 ln
521 2780 651 2842 nomine
675 2790 807 2842 sanctae
831 2788 863 2841 et
886 2776 1076 2841 individuae
1100 2778 1262 2840 trinitatis,
1310 2777 1487 2842 Heinricus
1518 2776 1631 2841 divina
1660 2778 1792 2842 favente
1816 2778 1879 2842 elc-

229 2889 351 2951 mentia
374 2909 444 2949 rex.
550 2898 740 2950 saluberrimis
759 2900 844 2963 igitur
862 2901 932 2949 sacri
953 2898 1058 2963 eloquii
1078 2899 1297 2948 institutionibus
1318 2899 1458 2949 erudimur
1477 2906 1504 2948 et
1523 2898 1708 2958 admonemur,
1729 2907 1759 2948 ut
1779 2906 1881 2965 tempo-

185 3022 211 3060 νο
230 3008 299 3058 ralia
324 3007 511 3072 relinquentes
537 3009 611 3057 bona
636 3014 664 3056 et
689 3014 799 3056 terrena
820 2999 834 3071 ll
857 3012 1054 3071 postponentes
1080 3006 1225 3055 commoda
1250 3013 1363 3056 setosus
1390 3012 1417 3055 et
1441 3008 1502 3056 sine
1528 3006 1581 3056 fine
1607 3022 1734 3057 mansura
1760 3007 1789 3056 in
1814 3005 1882 3056 celis

229 3115 387 3164 studeamus
407 3114 524 3180 adipisci
543 3115 716 3165 consistoria.
754 3115 948 3179 Quapropter*
967 3129 1017 3162 nos
1044 3113 1188 3162 dominicis
1214 3113 1429 3178 optemperando
1456 3114 1628 3165 intendentes
1654 3114 1829 3163 suasionibus
1856 3122 1884 3162 et

230 3222 334 3272 deificis
353 3238 408 3271 non
426 3221 538 3271 surdum
558 3222 680 3271 auditum
693 3222 838 3286 prebentes
851 3221 1009 3285 preceptisa
1022 3220 1157 3284 quendam
1176 3226 1285 3270 nostrae
1299 3226 1430 3286 paternae
1443 3220 1604 3270 hereditatis
1619 3219 1708 3270 locum
1723 3221 1882 3271 Bsbeuberc

231 3330 334 3379 dictum
352 3330 381 3378 in
399 3329 493 3378 sedem
512 3336 540 3378 et
559 3327 667 3378 culmen
686 3329 862 3393 episcopatus
882 3326 1055 3377 sublimando
1070 3328 1244 3391 proveximus
1264 3333 1292 3376 et
1305 3327 1428 3377 Romana
1441 3328 1606 3377 anctoritate
1620 3336 1703 3390 atque
1717 3327 1882 3377 venerabilis

231 3436 355 3485 Heinriei
370 3436 602 3499 wirciburgensis
622 3436 745 3500 episcopi
765 3448 901 3484 consensu
921 3449 952 3483 ac
972 3435 1031 3499 pari
1055 3434 1248 3497 communique
1271 3434 1390 3483 omnium
1414 3435 1501 3483 nostri
1527 3434 1647 3483 fidelium
1674 3440 1729 3483 tam
1749 3436 1881 3500 arehiepi-

186 3554 213 3592 so
231 3558 377 3607 scoporum
397 3558 477 3606 qnam
496 3543 689 3606 episcoporum
708 3541 891 3605 abbatumque
910 3555 961 3589 nec
980 3556 1034 3589 non
1055 3542 1185 3590 comitum
1206 3548 1233 3590 et
1251 3540 1352 3590 ducum
1371 3539 1499 3591 consultu
1518 3540 1684 3604 decretoque
1704 3541 1881 3593 inhonorem

231 3655 342 3699 sanctae
362 3649 407 3698 dei
432 3648 573 3711 genitricis
592 3648 695 3697 Mariae
721 3656 932 3711 sanctorumque
959 3647 1146 3714 apostolorum
1172 3649 1248 3697 Petri
1274 3654 1302 3698 et
1323 3647 1408 3698 -Pauli
1437 3645 1470 3697 et
1496 3654 1644 3712 martyrum
1671 3648 1774 3697 Kiliani
1800 3658 1883 3713 atque

232 3757 326 3805 Georii
345 3754 529 3805 stabilivimus
549 3766 576 3805 et
595 3756 840 3814 corroboravimus,
861 3764 890 3803 ut
910 3762 936 3805 et
955 3756 1022 3804 inibi
1041 3762 1164 3806 nostrum
1182 3762 1380 3820 parentumque
1398 3764 1554 3805 nostrorum
1571 3768 1588 3799 s
1609 3755 1717 3805 celebre
1737 3756 1883 3806 haberetur

232 3861 390 3912 memoriale
410 3870 438 3912 et
462 3863 535 3926 iugis
560 3878 610 3927 pro
636 3862 762 3911 omnibus
789 3861 937 3929 ortodoxis
959 3862 1049 3910 lrostia
1075 3868 1241 3912 mactaretur
1266 3860 1403 3912 salutaris.
1447 3858 1588 3912 Proindeb
1606 3875 1622 3906 s
1650 3865 1770 3914 omniurn
1798 3866 1883 3913 nostri

232 3968 352 4019 fidelium
371 3976 426 4018 tarn
446 3985 557 4034 presens
577 3978 635 4019 etas
655 3984 735 4032 quam
756 3976 783 4017 et
801 3984 964 4018 successura
983 3970 1138 4033 posteritas,
1158 3971 1222 4033 qnia
1241 3985 1291 4019 nos
1310 3978 1420 4020 nostrae
1440 3970 1576 4034 quendam
1595 3973 1771 4035 proprietatis
1792 3970 1882 4020 locum

188 4085 214 4124 to
232 4061 416 4125 Kirillhelln
439 4075 541 4124 dictum
562 4077 680 4151 inpage
705 4060 926 4147 Sullcltgouue
951 4082 977 4124 ct
1000 4077 1028 4125 in
1052 4077 1184 4125 comitatu
1209 4062 1342 4125 Hesslnl
1367 4078 1475 4126 comitis
1499 4078 1580 4127 situm
1603 4079 1637 4127 ad
1662 4080 1776 4128 eandem
1799 4094 1884 4143 supra

232 4183 334 4233 dictam
352 4180 536 4247 episcopalem
553 4184 645 4232 sedem
663 4183 821 4232 liabenberc
838 4183 940 4232 dictam
957 4195 973 4226 s
992 4198 1055 4231 cum
1072 4183 1198 4232 omuibus
1213 4185 1272 4232 eins
1288 4185 1461 4248 pertinentiis
1477 4185 1535 4235 sive
1553 4185 1728 4245 adherentiis,
1745 4185 1881 4236 uidelicec

231 4291 301 4339 vicis
320 4288 393 4338 villis
412 4286 555 4339 aecclesiis
577 4290 664 4338 servia
692 4296 719 4338 et
744 4287 852 4338 ancillis
878 4291 949 4338 areis
975 4289 1108 4339 aediliciis
1133 4291 1213 4339 terris
1240 4288 1322 4339 cultis
1349 4296 1376 4339 et
1401 4289 1512 4341 incultis
1538 4293 1590 4341 viis
1616 4294 1697 4342 inviis
1717 4294 1837 4343 exitibus
1856 4305 1885 4344 et

233 4398 365 4448 reditibus
391 4397 523 4461 quaesitis
542 4396 585 4446 vel
611 4396 780 4459 inquirendis
806 4397 887 4445 rebus
914 4395 1060 4446 mobilibus
1087 4404 1114 4445 et
1138 4395 1326 4446 innnobilibus
1352 4397 1428 4447 silvis
1454 4399 1557 4462 saginis
1583 4401 1777 4450 venationibus
1804 4404 1883 4466 aquis

232 4505 431 4571 piscationibus
449 4502 529 4553 molis
548 4502 711 4553 molendinis
731 4518 763 4552 ac
783 4503 882 4551 ceteris
902 4504 1028 4553 omnibus
1054 4518 1124 4566 quae
1151 4505 1201 4552 rite
1227 4504 1310 4553 scribi
1336 4510 1384 4554 aut
1409 4503 1543 4569 appellari
1565 4514 1680 4571 possunt
1700 4507 1882 4571 quoquolibet

187 4625 213 4666 ss
232 4612 314 4661 ruodo
339 4610 513 4669 utilitatibus,
539 4610 589 4659 bac
616 4617 725 4659 nostrae
756 4610 930 4659 auctoritatis
956 4608 1107 4675 preceptali
1133 4611 1242 4675 pagiua,
1268 4618 1350 4674 prout
1375 4610 1477 4662 firmius
1502 4628 1657 4678 possumus,
1685 4615 1817 4665 donamus
1843 4633 1883 4666 ac

232 4720 442 4785 proprietamus,
468 4719 589 4766 omnium
607 4716 826 4765 contradictione
846 4724 959 4774 remota,
984 4718 1167 4781 precipientes
1184 4718 1277 4781 igitur,
1304 4724 1335 4767 nt
1353 4719 1432 4769 nobis
1452 4720 1480 4768 in
1499 4720 1551 4769 deo
1570 4718 1688 4770 dilectus
1706 4738 1771 4788 sepe
1791 4724 1882 4775 dietae

231 4827 304 4876 sedis
324 4824 498 4874 Eberhardus
525 4826 672 4889 episeopus
697 4824 795 4885 suique
821 4839 995 4874 successores
1021 4821 1134 4873 liberam
1158 4824 1255 4873 deliine
1282 4825 1401 4875 habeant
1427 4832 1591 4891 potestatem
1617 4829 1732 4879 eundem
1751 4845 1768 4874 a
1790 4830 1880 4882 locum

231 4918 415 4982 Klrlllhelm
441 4933 543 4981 dictum
569 4948 630 4981 curn
656 4932 782 4981 omuibus
808 4931 977 4996 appendiciis
1002 4932 1059 4980 suis
1085 4932 1196 4981 tenendi
1222 4933 1380 4997 possidendi
1405 4937 1591 4986 commutandi
1610 4954 1659 4987 seu
1678 4940 1809 5003 quicquid
1828 4940 1880 4989 sibi

233 5038 317 5091 libeat
336 5041 423 5089 modis
443 5041 569 5089 omuibus
587 5052 603 5083 s
625 5040 687 5088 inde
706 5038 834 5088 faciendi.
878 5041 906 5088 s'i
926 5041 988 5102 quis
1007 5040 1099 5103 igitur,
1126 5041 1198 5104 quod
1217 5041 1296 5100 absit,
1316 5042 1398 5091 huius
1417 5049 1526 5093 nostrae
1546 5044 1703 5094 donationis
1722 5047 1881 5096 munificen-

185 5160 213 5198 ιο
231 5149 297 5197 tiam
321 5133 498 5217 infringere
522 5132 575 5196 vel
601 5145 705 5197 aiolsre
731 5152 881 5211 presumat,
908 5147 935 5195 in
962 5147 1006 5195 die
1032 5146 1128 5196 iudicii
1145 5160 1162 5191 s
1190 5154 1325 5198 tormento
1351 5148 1556 5213 inextinguibili
1582 5138 1789 5202 aeternaliter
1815 5153 1881 5204 luat.

232 5255 364 5314 Quodne
385 5248 523 5312 everrintd,
550 5254 598 5304 sed
624 5255 691 5304 hacc
718 5256 829 5304 traditio
855 5261 950 5302 nostra
967 5268 983 5298 a
1005 5254 1174 5304 inviolabilis
1201 5264 1368 5320 permaneat,
1394 5258 1464 5307 banc
1491 5266 1593 5311 cartam
1612 5261 1676 5311 inde
1697 5262 1880 5325 conscriptam

230 5360 315 5425 sigilli
339 5362 425 5410 nostri
448 5362 617 5426 inpressione
641 5377 796 5425 orantique
820 5364 932 5428 propria
955 5363 1136 5411 roboratam
1161 5364 1285 5423 insigniri
1309 5365 1447 5413 iussimus.

337 5478 354 5568 ᾖ
378 5480 513 5565 Signum
537 5480 648 5544 domni
672 5481 819 5545 Heinriei
844 5490 907 5557 (Μ.)
932 5483 1019 5566 regis
1043 5482 1256 5546 invictissimi.
1281 5481 1297 5570 ᾖ

303 5676 363 5729 161.
391 5675 538 5746 [Bresslau]
575 5680 602 5743 a)
619 5680 647 5729 in
665 5678 713 5730 der
729 5678 867 5741 tt'enctuny
878 5679 1231 5746 quapropter-preceptis
1246 5680 1313 5730 side
1326 5680 1360 5732 D.
1373 5683 1421 5730 161
1440 5687 1518 5731 anter
1535 5682 1604 5732 alles
1619 5683 1679 5737 DI).
1698 5700 1754 5734 som
1777 5688 1798 5737 1.
1812 5684 1879 5739 Noe.

184 5763 211 5803 tt
390 5751 461 5800 1007
478 5749 564 5800 durcls
582 5751 625 5801 dte
642 5750 843 5813 t'arausctunp
860 5752 909 5800 der
928 5750 1098 5815 Anncnunq
1115 5752 1164 5800 det·
1181 5752 1271 5801 beulm
1290 5751 1522 5816 Partict‘piulsdtzc
1541 5754 1624 5805 allcin
1708 5754 1737 5820 b)
1754 5755 1880 5807 daltintet·

389 5819 498 5873 noverit
514 5821 681 5885 associassent
753 5834 778 5887 c)
801 5826 823 5872 A
897 5820 926 5883 d)
947 5823 995 5871 der
1012 5830 1080 5873 oste
1098 5822 1187 5872 Stricta
1205 5823 1251 5872 cies
1267 5837 1284 5873 a
1301 5825 1375 5888 imy
1393 5826 1442 5873 mu
1465 5823 1625 5889 b'ttterlllnpe
1643 5826 1771 5880 matites
