4836 6504
1125 464 1586 521 KAISERURKUNDEN.

1298 648 1389 734 200.

527 819 706 893 Heinrich
731 820 877 894 scienlrt
908 821 988 894 dein
1016 848 1086 895 von
1112 821 1184 894 ilem
1207 818 1454 919 pepriiudeten
1479 819 1644 893 Bistbum
1671 820 1854 919 Bairrberq
1880 819 1951 894 den
1980 819 2049 896 Ort
2075 818 2178 897 Gan·

527 938 726 1038 liiinlysslwf
720 966 775 1012 811·
1662 984 1834 1056 Frnulsfmt
1854 1015 1898 1024 —
1921 986 2001 1046 1009
2015 986 2082 1047 Jali
2102 988 2131 1045 6.

637 1180 881 1254 Oiiqianldipiom
903 1180 944 1238 im
966 1180 994 1239 is.
1010 1179 1218 1238 Reicbsaccliiv
1239 1198 1275 1237 zu
1297 1178 1440 1238 Heraclien
1465 1180 1536 1247 (A).

632 1339 718 1415 Luap
740 1341 811 1416 Req.
836 1340 930 1401 Boica
957 1341 985 1410 1,
1002 1341 1040 1398 61
1063 1339 1135 1414 ch.
1159 1369 1204 1378 -
1231 1339 1312 1398 lion.
1336 1339 1430 1398 Boiccc
1452 1341 1520 1409 28⁰,
1547 1340 1606 1399 401
1635 1340 1742 1397 n⁰253
1764 1358 1817 1399 arcs
1838 1343 1875 1399 A.
1899 1370 1944 1379 -
1969 1341 2181 1401 OesterrcicImr
2205 1368 2220 1406 a

633 1446 924 1522 Denkusirdiqiceilen
952 1448 980 1517 3,
1001 1449 1040 1505 81
1065 1448 1129 1505 ιι”1
1152 1464 1206 1506 nas
1227 1446 1264 1505 A.
1289 1475 1334 1485 —
1356 1446 1483 1504 Bdimer
1504 1443 1577 1520 Req.
1595 1446 1681 1505 1041.
1705 1474 1749 1484 —
1774 1444 1896 1521 Siamps
1914 1447 1985 1523 Req.
2002 1449 2093 1518 1502,
2120 1450 2181 1508 alle

633 1573 668 1612 zu
691 1556 781 1614 1008.

633 1714 702 1785 Auf
719 1716 809 1773 eincm
837 1733 892 1788 eqn
915 1713 977 1772 ΕΙ)
997 1714 1216 1789 herpericltlcien
1238 1712 1393 1787 Blanquet,
1423 1715 1484 1784 ains
1509 1713 1637 1772 welcbem
1665 1712 1758 1772 dieser
1786 1714 1840 1773 das
1864 1712 2015 1774 Cirisaoa
2044 1715 2102 1774 aad
2130 1716 2180 1775 dic

635 1820 822 1896 Siqnumzeiie
843 1822 896 1879 mit
914 1820 1115 1896 Morwpromm
1137 1821 1316 1896 ciapelrcqea
1337 1820 1425 1889 iace,
1446 1819 1624 1893 qesciriebea
1647 1838 1700 1879 son
1718 1820 1776 1880 Bn.
1790 1820 1818 1891 Ι,
1841 1820 1893 1879 der
1910 1822 1971 1880 sicis
1994 1823 2179 1881 samitielbor

635 1947 672 1986 αιι
702 1928 755 1987 das
784 1947 839 1987 coa
867 1945 921 1987 uas
947 1928 993 1986 nis
1016 1927 1078 1987 VU.
1103 1927 1265 1986 &Mucialis
1286 1925 1328 1985 D.
1345 1926 1403 1984 149
1430 1925 1499 1985 oder
1527 1945 1567 1985 an
1595 1926 1642 1985 eia
1672 1928 1838 1997 cabrones,
1868 1928 1971 1987 diesem
1999 1929 2065 1988 seir
2094 1929 2229 1996 anic-10

632 2034 775 2093 steiendes
803 2034 845 2093 D.
869 2034 1079 2108 nrrqescblossen
1107 2034 1167 2093 lac.
1198 2062 1242 2071 -
1271 2034 1335 2091 Zur
1363 2032 1528 2107 Dntierunq
1557 2034 1647 2093 dieses
1676 2033 1735 2093 unci
1762 2034 1814 2093 der
1844 2035 1993 2108 solqeadea
2021 2035 2093 2095 DD.
2117 2037 2175 2112 epi.

633 2141 673 2200 N.
690 2140 800 2200 Archiv
821 2143 874 2211 22,
895 2140 1001 2214 1491r.
1024 2142 1084 2199 167
1088 2163 1099 2214 ,·
1125 2158 1179 2200 zur
1204 2139 1459 2215 Ortsbestimmnaq
1482 2139 1591 2199 Hirsci
1614 2139 1719 2200 Jahrb.
1743 2142 1864 2210 2121.
1888 2171 1932 2180 -
1952 2141 2012 2201 Vua
2038 2142 2176 2203 Udalsicis

632 2266 688 2308 von
709 2248 854 2322 Bambery
875 2265 941 2305 zum
963 2247 1122 2306 Formantur
1144 2264 1431 2321 zusammeaqczoqen,
1460 2247 1493 2306 in
1521 2248 1597 2306 seiae
1620 2245 1787 2323 Samnduap
1816 2251 2031 2324 nuspnsommea
2061 2251 2118 2308 aad
2145 2251 2178 2308 ia

633 2355 726 2413 dieser
750 2354 861 2414 Gaetuli
883 2353 1032 2425 nseirfacls
1053 2355 1198 2430 petracii.

632 2574 691 2650 (C.)
715 2565 732 2656 ᾖ
754 2568 794 2631 Ιιι
817 2570 948 2633 nomine
972 2580 1107 2632 sanctae
1131 2578 1164 2631 et
1186 2566 1376 2631 individuae
1399 2568 1562 2631 trinitatis.
1609 2567 1785 2632 Heinricus
1812 2567 1925 2632 divina
1947 2568 2178 2655 preordinante
2199 2597 2227 2636 rs

527 2675 701 2739 clementia
723 2697 793 2738 rex.
902 2688 1124 2739 saluberrimusa
1143 2689 1229 2753 igitur
1247 2689 1319 2738 sacri
1343 2688 1446 2752 eloquii
1472 2689 1692 2738 institutionibus
1717 2688 1856 2739 erudimur
1882 2696 1910 2739 et
1935 2691 2121 2749 admonemur,
2147 2698 2180 2741 ut

527 2795 690 2862 temporalia
708 2795 894 2860 relinquentes
913 2797 987 2847 bona
1006 2803 1034 2845 et
1052 2804 1162 2846 terrena
1180 2800 1376 2862 postponentes
1396 2797 1540 2845 commoda
1558 2802 1671 2845 aeterna
1696 2802 1723 2845 et
1749 2797 1807 2846 siue
1826 2796 1880 2845 fine
1899 2812 2028 2847 mansura
2046 2798 2074 2847 in
2094 2796 2178 2848 caelis

526 2903 685 2953 studeamus
702 2895 717 2969 ξ
735 2903 850 2969 adipisci
869 2904 1042 2953 consistoria
1080 2898 1275 2968 Quapropterb
1295 2918 1345 2952 nos
1365 2902 1510 2952 dominicis
1528 2919 1583 2953 non
1602 2902 1714 2952 surdum
1734 2902 1858 2953 auditum
1876 2903 2021 2969 prebentes
2041 2907 2178 2973 preceptis

528 3016 556 3059 et
573 3009 678 3061 deificis
697 3010 934 3075 obtemperando⁰
948 3010 1121 3060 intendentes
1135 3009 1310 3060 suasionibus
1324 3009 1459 3073 quendam
1472 3018 1582 3060 nostrae
1595 3018 1726 3075 paternae
1740 3009 1899 3059 hereditatis
1914 3008 2004 3060 locum
2018 3011 2177 3062 Babenberc

527 3117 632 3167 dictum
651 3117 680 3167 in
698 3118 791 3167 sedem
811 3123 838 3167 et
857 3115 966 3166 culmen
985 3119 1161 3183 episcopatus
1174 3114 1347 3167 sublimando
1362 3117 1535 3181 proveximus
1549 3121 1577 3165 et
1589 3117 1712 3167 Romana
1726 3118 1891 3167 auctoritate
1910 3122 1993 3181 atque
2012 3117 2178 3168 venerabilis
2198 3131 2225 3170 so

528 3225 904 3291 Heinricinirciburgensis
931 3225 1055 3289 episcopi
1080 3239 1217 3275 consensu
1241 3239 1274 3273 ac
1299 3224 1360 3289 pari
1386 3224 1578 3288 communique
1603 3224 1723 3273 omnium
1748 3224 1835 3275 nostri
1860 3223 1981 3274 fidelium
2006 3230 2063 3274 tam
2088 3225 2176 3275 archi·

529 3332 720 3397 episcoporum
740 3346 821 3396 quam
840 3333 1034 3397 episcoporum
1051 3331 1236 3394 abbatumque
1254 3346 1372 3381 necnon
1387 3332 1486 3380 ducum
1500 3336 1528 3379 et
1541 3331 1670 3379 comitum
1684 3327 1813 3380 consultu
1826 3331 1992 3395 decretoque
2005 3333 2033 3381 iu
2046 3331 2178 3382 bonorem

528 3444 641 3487 sanctae
660 3438 704 3487 dei
724 3439 866 3503 genitricis
879 3438 984 3488 Mariae
1003 3444 1215 3501 sanctorumque
1235 3435 1422 3503 apostolorum
1435 3437 1512 3486 Petri
1531 3442 1559 3486 et
1571 3435 1652 3486 Pauli
1671 3453 1722 3486 nec
1740 3453 1794 3487 non
1814 3438 1953 3486 martirum
1972 3436 2076 3487 Kiliani
2096 3446 2178 3503 atque

528 3544 622 3595 Georii
641 3543 824 3595 stabilivimus
850 3556 877 3594 et
896 3545 1142 3604 corroboravimus,
1169 3549 1198 3592 ut
1224 3551 1252 3593 et
1276 3543 1344 3593 inibi
1370 3548 1492 3593 nostrum
1517 3550 1716 3608 parentumque
1742 3550 1896 3593 nostrorum
1923 3549 1951 3595 et
1969 3544 2078 3595 Ottonis
2104 3547 2177 3595 tertii

528 3650 659 3701 videlicet
677 3653 850 3718 imperatoris
870 3650 1052 3701 antecessoris
1072 3666 1104 3700 ac
1124 3651 1240 3701 senioris
1259 3651 1345 3700 nostri
1365 3649 1473 3701 celebre
1500 3651 1647 3700 baberetur
1669 3648 1827 3701 memoriale
1846 3657 1874 3700 et
1891 3652 1965 3716 iugis
1984 3667 2033 3717 pro
2052 3651 2178 3701 omnibus
2198 3663 2226 3702 m

528 3758 669 3809 ortodoxis
687 3758 779 3809 hostia
797 3764 963 3808 mactaretur
980 3756 1118 3808 salutaris.
1155 3758 1274 3807 Proinde
1300 3758 1408 3824 noverit
1431 3758 1550 3807 omnium
1569 3758 1656 3807 nostri
1674 3755 1794 3807 fidelium
1813 3764 1868 3807 tam
1889 3774 1999 3822 presens
2018 3765 2077 3807 etas
2097 3773 2178 3822 quam

528 3872 556 3915 et
579 3880 742 3916 successura
766 3866 922 3931 posteritas,
949 3866 1014 3931 quia
1039 3880 1089 3914 nos
1114 3872 1224 3915 nostrae
1251 3864 1385 3928 quendam
1411 3864 1587 3930 proprietatis
1614 3863 1704 3914 locum
1731 3847 1997 3936 Chuniggeshofd
2022 3865 2124 3915 dictum
2149 3866 2179 3915 in

527 3978 620 4039 ριιςοΘ
783 3978 810 4023 et
829 3973 858 4022 in
877 3974 1028 4023 comitatu⁰
1198 3972 1306 4021 comitis
1330 3972 1413 4021 situm
1439 3971 1474 4019 ad
1500 3971 1615 4021 eandem
1639 3987 1722 4036 supra
1748 3971 1849 4022 dictam
1876 3970 2061 4037 episcopalem
2085 3973 2178 4022 sedem

529 4081 688 4130 Babenberc
708 4080 809 4130 dictam
829 4094 884 4129 una
903 4095 965 4128 cum
984 4079 1110 4127 omnibus
1130 4078 1189 4127 eius
1209 4078 1380 4142 pertinentiis
1406 4079 1465 4128 sive
1492 4078 1666 4147 adherentiis,
1693 4078 1824 4128 videlicet
1845 4080 1915 4129 vicis
1934 4077 2008 4128 villis
2035 4078 2178 4129 aecclesiis

527 4188 612 4238 servis
631 4198 659 4237 et
677 4185 786 4237 ancillis
805 4188 878 4236 areis
897 4185 1030 4235 aedificiis
1049 4186 1127 4234 terris
1152 4183 1234 4233 cultis
1261 4190 1289 4234 et
1313 4183 1425 4235 incultis
1451 4186 1502 4235 viis
1529 4186 1611 4234 inviis
1638 4185 1756 4235 exitibus
1780 4195 1809 4235 et
1828 4186 1961 4236 reditibus
1982 4186 2114 4250 quaesitis
2133 4184 2178 4235 vel
2198 4197 2227 4236 to

527 4294 696 4358 inquirendis
709 4292 787 4342 siliis
800 4293 903 4357 saginis
916 4291 1110 4341 venationibus
1123 4292 1202 4355 aquis
1216 4292 1416 4356 piscationibus
1433 4290 1513 4341 molis
1530 4290 1693 4342 molendinis
1705 4292 1787 4343 rebus
1800 4291 1947 4342 mobilibus
1962 4300 1989 4342 et
2001 4290 2179 4342 inmobilibus

528 4417 560 4450 ac
580 4402 679 4450 ceteris
698 4399 824 4448 omnibus
844 4414 896 4467 que
923 4400 974 4448 rite
1001 4399 1085 4447 scribi
1111 4404 1159 4447 aut
1184 4396 1319 4463 appellari
1345 4404 1460 4462 possunt
1479 4397 1659 4464 quoquolibet
1682 4400 1762 4449 modo
1789 4398 1965 4458 utilitatibus,
1990 4400 2042 4449 bac
2066 4405 2178 4448 nostrae

527 4507 700 4556 auctoritatis
719 4504 888 4571 praeceptali
908 4506 1018 4569 pisina,
1037 4512 1119 4570 prout
1136 4504 1240 4554 firmius
1259 4520 1412 4569 possumus,
1439 4504 1572 4555 donamus
1598 4512 1680 4570 atque
1700 4507 1909 4571 proprietamus,
1929 4506 2050 4555 omnium
2069 4510 2177 4555 coutra-

527 4612 649 4662 dictioue
670 4618 781 4671 remota,
806 4612 990 4681 precipientes
1010 4612 1101 4676 igitur,
1128 4618 1158 4690 ut
1183 4611 1262 4662 nobis
1288 4612 1316 4660 iu
1342 4612 1395 4661 deo
1421 4611 1539 4662 dilectus
1564 4628 1629 4677 sepe
1656 4614 1727 4683 dicte
1746 4612 1819 4662 sedis
1838 4611 2013 4661 Eberhardus
2032 4612 2179 4678 episcopus

473 4732 482 4751 ·
526 4720 625 4783 suique
644 4734 818 4769 successores
838 4717 951 4767 liberam
970 4718 1070 4768 debinc
1089 4717 1207 4768 babeant
1226 4724 1391 4783 potestatem
1411 4720 1527 4768 eundem
1551 4721 1747 4785 praescriptum
1773 4718 1862 4768 locum
1886 4702 2178 4790 (ihunlnggeshofs
2198 4730 2226 4771 tt

527 4826 629 4875 dictum
649 4842 711 4875 cum
731 4826 856 4875 omnibus
875 4825 1041 4890 appenditiis
1061 4826 1117 4875 suis
1136 4825 1246 4875 tenendi
1266 4824 1425 4889 possidendi
1442 4838 1459 4869 a
1479 4841 1529 4876 seu
1555 4826 1686 4891 quicquid
1712 4826 1763 4876 sibi
1791 4823 1875 4875 libeat
1897 4826 1985 4876 modis
2004 4826 2131 4876 omnibus
2151 4828 2179 4876 in

527 4948 606 4981 *esum
632 4932 807 4998 episcopatus
832 4932 896 4981 inde
922 4931 1050 4981 faciendi.
1088 4932 1115 4981 Si
1142 4932 1203 4996 quis
1229 4932 1321 4997 igitur,
1348 4932 1421 4995 quod
1447 4932 1528 4992 absit,
1553 4933 1633 4982 buius
1659 4940 1769 4983 nostrae
1788 4931 1944 4982 donationis
1963 4932 2179 4982 munificentiam

527 5040 667 5090 destruere
685 5040 743 5089 sive
763 5037 867 5088 violare
886 5044 1033 5103 presumet,
1059 5039 1086 5086 in
1106 5037 1150 5087 die
1169 5039 1266 5088 iudicii
1285 5056 1377 5090 coram
1397 5038 1485 5090 oculis
1510 5040 1553 5089 dei
1580 5047 1716 5091 tormento
1743 5038 1947 5104 inextinguibili
1971 5024 2182 5089 aeternaliter

527 5145 593 5197 luat.
626 5146 762 5208 Quodne
782 5147 899 5205 eveniat,
918 5145 967 5195 sed
987 5146 1054 5195 baec
1074 5146 1186 5195 traditio
1206 5152 1300 5195 nostra
1318 5147 1353 5196 ab
1373 5147 1499 5196 omnibus
1519 5144 1715 5212 perpetualiter
1733 5144 1901 5196 inviolabilis
1920 5151 2089 5213 permaneat,
2108 5147 2180 5197 hanc

527 5260 629 5304 cartam
649 5254 713 5302 inde
733 5254 937 5318 conscriptam&
955 5268 1036 5302 mauu
1057 5253 1168 5318 propria
1186 5254 1346 5303 roborantes
1365 5251 1449 5317 sigilli
1469 5255 1555 5303 nostri
1573 5254 1742 5318 inpressione
1762 5254 1887 5317 insigniri
1906 5254 2042 5303 iussimus.
2198 5262 2227 5304 ιο

596 5534 661 5589 200.
689 5532 836 5603 [Bresslau]
874 5536 900 5599 a)
921 5535 946 5586 A
1018 5533 1049 5600 b)
1070 5532 1183 5602 quappt,
1203 5550 1247 5583 nni
1266 5540 1351 5583 ersten
1369 5549 1387 5599 p
1406 5532 1474 5595 fehlt
1492 5533 1535 5583 die
1552 5532 1603 5584 dos
1620 5548 1670 5599 pro
1689 5532 1870 5585 bezeichrmrde
1888 5532 2012 5598 Scirlinpe
2083 5532 2110 5601 e)
2128 5534 2180 5585 dna

686 5606 759 5657 lctzte
776 5621 793 5656 o
812 5622 891 5672 corr,
915 5605 986 5657 wohl
1002 5621 1053 5657 aus
1071 5622 1103 5664 a,·
1129 5606 1177 5670 cel.
1196 5605 1230 5657 D.
1249 5607 1301 5654 201
1323 5604 1359 5657 N.
1378 5603 1396 5655 b
1473 5601 1501 5671 d)
1520 5605 1550 5654 iu
1568 5603 1656 5666 defer
1672 5605 1805 5669 peiossene
1823 5603 1912 5656 deice
1929 5619 1978 5655 voa
1997 5602 2048 5657 Ba.
2061 5603 2082 5655 I
2096 5605 2181 5656 ascb-

684 5683 810 5743 9eirapen
882 5678 907 5741 e)
924 5677 1123 5742 uacrchfdllte
1138 5677 1246 5727 Lici-cn
1265 5677 1315 5739 fiir
1332 5676 1383 5725 den
1403 5674 1478 5725 Gau·
1496 5674 1552 5725 aad
1572 5675 1774 5737 Grafmncmea
1846 5674 1872 5741 f)
1892 5677 1922 5727 ia
1938 5675 2028 5738 dufer
2043 5675 2180 5741 yslnmm

684 5748 772 5800 Licke
796 5764 846 5799 von
866 5749 946 5802 BnI
960 5748 1170 5813 ananei-apem
1196 5748 1246 5797 dns
1270 5752 1337 5797 ersis
1359 5744 1378 5796 b
1399 5761 1469 5798 corr.
1488 5762 1541 5797 aus
1561 5745 1620 5796 dm
1637 5746 1753 5812 Asinae
1774 5748 1845 5799 eines
1862 5763 1880 5798 u
1952 5746 1982 5815 g)
1999 5745 2107 5798 conseri
2125 5749 2183 5813 auf

685 5820 793 5880 Rasum
815 5819 1035 5871 wchrscheialicia
1053 5836 1112 5870 secr
1129 5825 1218 5869 erenei
1237 5817 1367 5884 scriptam
1385 5816 1549 5882 nesciriebcn
1568 5817 1675 5868 women
2198 5823 2227 5863 ιι
