4836 6504
1130 459 1591 516 KAISERURKUNDEN.

1304 644 1390 730 158.

525 803 704 878 Heinrich
716 804 863 878 ecbeokt
876 805 956 878 dem
968 832 1041 878 oon
1054 804 1127 878 itm
1139 805 1386 905 pcpriindeten
1394 804 1557 879 Bistbom
1566 804 1751 905 Baraberp
1764 803 1835 877 den
1846 800 1915 879 Ort
1925 799 2199 900 Mottiqltofen.

1635 968 1808 1038 stantfort
1827 968 1908 1029 1007
1927 967 2095 1026 November
2115 969 2145 1024 1.

635 1148 882 1223 Oripinaldiplom
903 1149 945 1206 im
967 1148 996 1205 lc.
1018 1147 1226 1206 Reicltsorcbiv
1247 1166 1282 1206 ra
1305 1146 1448 1205 Mincius
1472 1147 1544 1213 (A).

636 1307 810 1367 Ussmmn
830 1307 887 1381 Ep.
912 1308 1029 1376 Romi„
1047 1309 1159 1382 proleg.
1176 1308 1217 1367 29
1237 1309 1284 1366 cit.
1302 1337 1346 1345 -
1361 1308 1442 1366 Mon.
1459 1308 1552 1366 Boico
1572 1309 1640 1377 28⁰,
1664 1308 1723 1365 369
1745 1308 1778 1365 a⁰
1788 1307 1851 1365 236
1868 1323 1922 1365 aras
1937 1306 1966 1363 A
1983 1326 2027 1351 =
2048 1305 2117 1364 ΠΒ.
2144 1305 2200 1363 des
2223 1329 2240 1367 a

631 1414 748 1473 Laudes
770 1414 804 1474 ob
827 1415 879 1472 der
901 1414 985 1473 Euris
1006 1417 1038 1484 2,
1056 1416 1096 1472 72
1119 1416 1151 1472 a⁰
1166 1415 1214 1473 55.
1239 1444 1284 1452 -
1306 1414 1434 1473 Bblrmer
1456 1413 1527 1488 ch.
1545 1414 1633 1473 1017.
1658 1442 1702 1450 -
1726 1411 1850 1486 Stompf
1868 1411 1940 1487 Περ.
1960 1412 2049 1471 1474.

632 1575 701 1645 Ant*
719 1575 765 1632 eia
787 1575 819 1632 in
842 1574 895 1631 der
916 1574 1007 1633 Weiss
1033 1593 1088 1633 con
1110 1573 1152 1632 D.
1170 1576 1229 1632 155
1250 1574 1464 1647 herpaicbtctes
1485 1573 1630 1647 Blonqnet
1658 1573 1769 1631 scbmcb
1792 1571 1891 1631 Bal
1916 1574 1959 1632 im
1989 1579 2109 1646 nepueu
2134 1574 2199 1630 An·

631 1681 741 1738 sobiuss
759 1699 798 1738 oa
812 1679 853 1738 D.
868 1681 927 1738 145
944 1680 1004 1739 aad
1021 1681 1053 1739 in
1071 1681 1162 1738 eioem
1176 1681 1255 1754 Zupe
1272 1680 1326 1739 dns
1340 1680 1642 1754 Einpoaqsprotolroll,
1661 1680 1715 1738 dea
1732 1679 1853 1739 Certent
1870 1680 1931 1738 aad
1945 1680 1993 1738 dic
2008 1679 2198 1753 Doiieruno.

632 1785 692 1844 Dic
713 1788 926 1861 especiem
952 1786 1032 1845 Orta-
1055 1787 1114 1845 aad
1138 1786 1356 1858 Grofennomcn
1378 1786 1427 1844 but
1450 1805 1482 1844 er
1504 1787 1589 1845 selbsi
1610 1792 1709 1860 spbter
1730 1787 1957 1861 nncipdropen5
1984 1805 2017 1845 er
2040 1787 2093 1844 bnt
2119 1788 2200 1845 auris

632 1894 716 1952 dobei
745 1894 823 1951 nicil
852 1894 986 1962 benerit,
1015 1894 1084 1951 dass
1112 1912 1145 1951 er
1174 1894 1244 1951 beim
1270 1892 1408 1967 Gopierea
1436 1893 1489 1952 der
1508 1893 1569 1952 VU.
1594 1893 1708 1952 dirimit
1737 1894 1791 1951 soie
1817 1894 1849 1951 in
1872 1892 1913 1951 D.
1931 1894 1992 1951 154
2014 1894 2080 1951 eine
2102 1912 2203 1968 quiue
2224 1917 2251 1954 io

633 1999 712 2058 Zeila
735 2000 947 2073 bberspranpea
969 2000 1054 2058 batte.

634 2194 692 2263 (C.)
723 2183 740 2272 ᾖ
768 2184 809 2248 In
838 2186 969 2248 nomine
1000 2196 1134 2248 sanctae
1164 2196 1198 2248 ct
1226 2184 1394 2248 individue
1418 2180 1587 2248 trinitatis.
1647 2184 1824 2249 Heinricns
1862 2184 1977 2249 diviua
2010 2184 2203 2250 clementia

526 2291 757 2379 preordinante
781 2314 851 2355 rex.
955 2304 1178 2355 saluberrimus⁸
1201 2306 1285 2369 igitur
1310 2307 1382 2354 sacri
1408 2303 1510 2369 eloquii
1529 2306 1748 2356 institutionibus
1775 2306 1916 2355 erudimur
1942 2313 1971 2355 et
1996 2307 2200 2365 admonemur,

526 2420 557 2463 nt
575 2411 740 2478 temporalis
758 2408 965 2477 relinquentesb
984 2412 1075 2462 bonae
1097 2420 1125 2462 et
1142 2419 1252 2463 terrena
1270 2418 1467 2477 postponentes
1486 2413 1629 2462 commoda
1652 2421 1767 2462 aeterna
1784 2405 1799 2477 Β
1818 2420 1845 2461 et
1869 2414 1951 2479 sine⁸
1978 2414 2031 2464 fine
2059 2431 2201 2466 mansura

525 2522 554 2569 in
574 2518 641 2569 celis
660 2522 819 2570 studeamus
839 2520 955 2584 adipisci
975 2520 1148 2570 consistoria.
1184 2519 1358 2584 Quapropter
1375 2535 1426 2569 nos
1445 2519 1589 2569 dominicis
1607 2534 1662 2568 non
1681 2519 1793 2569 surdum
1812 2520 1939 2569 auditum
1958 2521 2111 2585 prebentes
2133 2538 2200 2586 pre·
2227 2534 2255 2571 rs

526 2628 613 2690 ceptis
633 2632 661 2676 et
680 2626 784 2679 deificis
808 2626 1022 2691 obtemperando
1048 2626 1221 2676 intendentes
1247 2626 1421 2675 suasionibus
1448 2626 1584 2689 quendam
1609 2631 1721 2675 nostrae
1747 2634 1879 2690 paternae
1904 2627 2070 2677 hereditatis
2101 2626 2202 2678 locum

526 2733 682 2782 babinberc
701 2733 804 2782 dictum
823 2734 852 2782 in
871 2733 964 2782 sedem
983 2739 1012 2781 et
1030 2730 1139 2782 culmen
1158 2734 1334 2797 episcopatus
1353 2730 1527 2782 sublimando
1546 2733 1721 2797 proveximus
1739 2738 1766 2781 ct
1779 2732 1903 2782 Romana
1921 2736 2093 2784 auctoritate
2108 2744 2201 2799 atque

526 2838 694 2889 venerabilis
707 2839 832 2889 Heinrici
846 2839 1086 2904 Vnirciburgensis
1106 2841 1229 2904 episcopi
1249 2854 1383 2888 consensu
1403 2854 1436 2889 ac
1455 2840 1514 2903 pari
1533 2839 1724 2902 communique
1744 2840 1864 2888 oninium
1884 2842 1975 2889 nostri
1991 2839 2120 2891 fidelium
2137 2848 2202 2892 tarn

525 2941 817 3011 :archiepiscoporum‘l
844 2961 925 3011 quam
951 2948 1144 3011 episcoporum
1168 2947 1353 3009 abbatumque
1373 2961 1424 2995 nec
1448 2961 1502 2995 non
1526 2946 1626 2995 ducum
1652 2953 1680 2995 et
1706 2947 1836 2995 comitum
1862 2945 1994 2996 consultu
2021 2948 2201 3012 decretoque

525 3056 554 3103 in
573 3054 706 3102 bonorem
725 3058 838 3102 sanctae
858 3053 902 3102 dei
921 3053 1063 3117 genitricis
1083 3052 1187 3101 Mariae
1205 3061 1417 3116 sanctorumque
1437 3050 1625 3117 apostolorum
1644 3052 1720 3101 Petri
1739 3059 1767 3102 ct
1784 3049 1866 3102 Pauli
1892 3068 1945 3102 nec
1972 3070 2029 3103 non
2048 3056 2201 3105 martirum
2221 3066 2254 3104 eo

526 3158 638 3224 Kyliani
654 3166 736 3223 atque
754 3160 848 3209 Georii
865 3158 1046 3209 stabilivimus
1064 3166 1090 3208 et
1108 3160 1354 3217 corroboravimus,
1373 3168 1402 3208 ut
1420 3168 1447 3209 et
1464 3160 1530 3209 inibi
1548 3169 1670 3209 nostrum
1687 3168 1888 3224 parentumque
1903 3168 2062 3210 nostrorum
2080 3159 2201 3212 celebre

525 3267 675 3316 haberetur
693 3263 851 3315 memoriale
872 3272 898 3315 et
918 3266 991 3329 iugis
1010 3281 1059 3329 pro
1079 3267 1204 3317 omnibus
1224 3267 1365 3316 ortodoxis
1385 3266 1475 3316 hostia
1493 3272 1659 3316 mactaretur
1677 3263 1813 3315 salutaris.
1850 3266 1973 3316 Proinde
1997 3268 2111 3316 noverit
2137 3284 2201 3316 om-

524 3375 601 3423 nium
627 3373 714 3421 nostri
740 3370 860 3421 fidelium
886 3378 942 3421 tam
969 3388 1080 3438 presens
1107 3380 1166 3422 etas
1195 3388 1277 3437 quam
1306 3380 1333 3422 et
1361 3388 1521 3422 successura
1546 3373 1706 3437 posteritas,
1735 3373 1801 3436 quia
1826 3387 1877 3422 nos
1906 3380 2021 3422 nostrae
2050 3374 2201 3437 quendam

526 3479 703 3544 proprietatis
723 3477 812 3528 locum
832 3463 1025 3549 Matughof‘*
1045 3480 1147 3528 dictum
1165 3481 1194 3528 in
1213 3494 1285 3544 pago
1305 3464 1568 3549 Mutuggoutluel’
1588 3479 1662 3528 etin
1682 3479 1815 3528 comitatu
1840 3462 2056 3529 Gebehardi⁰
2082 3482 2202 3531 comitis

526 3588 608 3636 sitnm
627 3587 663 3636 ad
682 3586 796 3636 eandem
813 3602 897 3652 supra
914 3587 1015 3636 dictam
1033 3585 1217 3651 episcopalem
1234 3586 1327 3634 sedem
1345 3586 1504 3635 Babenberc
1522 3586 1623 3635 dictam
1641 3600 1774 3635 unacum
1792 3585 1919 3634 omnibus
1935 3587 1997 3635 eius
2016 3588 2202 3652 pertinentiis
2222 3599 2252 3637 25

526 3695 584 3743 sive
603 3694 784 3749 adherentiis,
805 3691 936 3743 videlicet
955 3695 1023 3742 vicis
1044 3691 1117 3741 villis
1137 3691 1281 3741 aecclesiis
1300 3694 1386 3740 servis
1407 3701 1434 3741 et
1452 3691 1560 3742 aucillis
1579 3694 1650 3741 areis
1669 3692 1802 3741 aedificiis
1822 3693 1901 3741 terris
1922 3690 2008 3742 cultis
2029 3700 2056 3743 et
2076 3693 2201 3744 incultis

527 3801 578 3849 viis
598 3800 680 3850 inviis
699 3801 819 3849 exitibus
846 3808 874 3850 et
898 3800 1032 3849 reditibus
1058 3800 1191 3863 quaesitis
1217 3796 1260 3848 vel
1288 3798 1456 3862 inquirendis
1482 3797 1558 3847 silva
1583 3797 1731 3847 forestibus
1756 3798 1859 3863 saginis
1884 3800 2084 3850 venationibus
2111 3803 2201 3865 aquis

526 3908 726 3970 piscationibus
746 3905 826 3955 molis
844 3905 1009 3955 molendinis
1029 3906 1111 3955 rebus
1132 3905 1280 3955 mobilibus
1304 3910 1332 3954 ct
1355 3903 1532 3954 inmobilibus
1557 3920 1589 3953 ac
1609 3906 1708 3953 ceteris
1728 3904 1854 3953 omnibus
1874 3920 1948 3967 quae
1968 3907 2022 3956 rite
2041 3907 2130 3955 scribi
2150 3907 2201 3957 vel

526 4011 660 4077 appellari
686 4020 802 4077 possunt
826 4010 1007 4077 quoquolibet
1031 4013 1112 4061 modo
1139 4011 1316 4070 utilitatibus,
1345 4012 1396 4061 bac
1420 4017 1529 4060 nostrae
1555 4006 1749 4061 auctoritatiss
1778 4009 1932 4075 preceptali
1961 4014 2078 4078 pagina,
2108 4023 2202 4077 prout

525 4119 629 4168 firmius
649 4135 802 4183 possumus,
822 4120 956 4168 donamus
976 4126 1058 4182 atque
1078 4121 1288 4183 proprietamus,
1314 4118 1434 4167 omnium
1454 4119 1671 4167 contradictione
1691 4126 1804 4177 remota,
1830 4120 2019 4183 precipientes
2037 4121 2136 4183 igitur,
2167 4130 2202 4171 nt
2224 4133 2254 4170 su

526 4227 555 4274 in
574 4226 625 4275 deo
645 4224 764 4274 dilectus
783 4226 863 4274 nobis
883 4242 949 4290 sepe
969 4226 1041 4289 dicte
1061 4226 1134 4273 sedis
1154 4225 1329 4274 Eberhardus
1348 4224 1495 4289 episcopus
1514 4223 1628 4274 liberam
1652 4226 1749 4274 debinc
1774 4225 1874 4275 habeat
1899 4232 2069 4289 potestatem
2090 4228 2200 4291 suique

526 4348 702 4381 successores
721 4332 838 4381 cundem
859 4330 948 4381 locum
968 4315 1161 4401 Mutugh0f⁰
1180 4332 1284 4381 dictum
1304 4347 1365 4381 cum
1385 4331 1511 4379 omuibus
1536 4333 1701 4396 appenditiis
1727 4333 1783 4380 suis
1810 4332 1923 4381 tenendi
1951 4334 2114 4398 possidendi
2144 4350 2201 4384 seu

527 4439 658 4501 quicquid
677 4438 730 4487 sibi
751 4436 835 4486 libeat
854 4437 942 4485 modis
961 4437 1086 4485 omnibus
1104 4439 1132 4487 in
1149 4453 1228 4487 usum
1246 4439 1423 4503 episcopatus
1440 4438 1503 4487 inde
1520 4437 1642 4487 latieudi.
1673 4440 1703 4487 Si
1720 4439 1781 4502 quis
1797 4439 1890 4502 igitur,
1911 4441 1989 4502 qnod
2009 4441 2088 4493 absit.
2109 4440 2202 4491 huius

526 4554 619 4594 nostre
639 4544 796 4593 donationis
816 4542 1032 4592 munificenciarn
1052 4544 1193 4593 destruere
1212 4546 1270 4593 sire
1289 4542 1416 4593 sipiares
1432 4557 1449 4588 s
1470 4546 1653 4609 conscriptam
1677 4561 1760 4594 manu
1784 4546 1897 4609 propria
1917 4546 2083 4597 roborantes
2104 4547 2201 4611 sig-illi

526 4650 612 4701 nostri
632 4652 803 4715 inpressione
822 4651 948 4715 insigniri
967 4651 1104 4699 iussimus.
2224 4673 2255 4712 ³5

633 4786 651 4876 ᾖ
675 4787 813 4872 Signum
837 4787 948 4851 domni
971 4787 1121 4850 Heinrici
1146 4793 1210 4866 qil.)
1234 4787 1321 4871 regis
1344 4787 1561 4849 invictissimi.
1586 4783 1603 4872 ᾖ

633 4945 888 5036 ᾔΕδοτὴειτὼιε
912 4944 1126 5010 cancellarius
1150 4947 1222 5009 vice
1246 4944 1411 5030 L'uilligisi
1435 4943 1689 5030 archicapellani
1712 4945 1900 5029 recognovi.
1926 4943 1946 5033 ξ
2023 4958 2147 5025 (81.2.)

632 5107 721 5172 Data
744 5106 811 5170 kal.
831 5129 907 5170 nov.
926 5105 1104 5169 indictione
1121 5120 1155 5173 v.
1184 5127 1269 5168 anno
1293 5103 1454 5167 dominice
1482 5104 1716 5167 iucarnationis
1739 5117 1832 5184 imi,
1860 5127 1948 5168 anuo
1973 5130 2056 5172 veno
2081 5108 2202 5177 domni

524 5216 674 5280 Heinrici
699 5213 835 5277 secundi
858 5212 1026 5297 regnantis
1043 5227 1096 5279 vl:
1128 5224 1237 5274 actum
1260 5209 1520 5281 Fraukonofum
1552 5209 1691 5272 feliciter
1713 5232 1820 5273 amen.

596 5446 660 5501 158.
687 5444 834 5513 [Bi-essina]
871 5448 898 5497 sl
919 5444 943 5493 A
997 5442 1028 5493 bl
1048 5458 1149 5495 rcorr.
1169 5458 1221 5491 cus
1238 5440 1248 5490 l
1266 5440 1366 5490 oderb
1420 5440 1444 5490 cl
1463 5439 1537 5490 bona
1553 5440 1610 5503 auf
1623 5439 1718 5490 Basar
1770 5439 1800 5505 d)
1821 5439 2029 5511 smnieporum,
2049 5448 2119 5499 obas
2139 5450 2200 5502 Ab·
2223 5470 2254 5507 ιο

686 5515 940 5581 armamentum,
959 5516 984 5564 A
1058 5516 1084 5577 e)
1110 5517 1139 5563 ia
1164 5514 1254 5574 dofris·
1274 5512 1405 5576 peraeae
1423 5511 1511 5561 [ΜΨ
1536 5526 1584 5560 roa
1604 5510 1654 5563 Bo.
1668 5511 1688 5561 I
1701 5511 1896 5576 nocbpetmgea
1972 5514 2000 5583 f)
2022 5534 2041 5569 u
2061 5518 2129 5571 aba·
2147 5523 2203 5573 aa·

686 5590 759 5638 er'le
783 5588 978 5650 scriptionem
1058 5586 1089 5652 g)
1115 5601 1150 5633 :a
1175 5588 1321 5645 erarium:
1345 5590 1492 5649 presumat,
1518 5580 1546 5631 in
1572 5580 1717 5632 novissimo
1743 5580 1788 5633 die
1812 5586 1953 5635 tormento
1980 5583 2202 5659 inextinguibili

686 5676 779 5710 coram
798 5658 885 5710 oculis
908 5655 952 5707 dei
976 5655 1042 5707 lust.
1085 5653 1167 5721 Quod
1191 5670 1225 5703 ne
1248 5652 1309 5718 fist,
1332 5651 1380 5703 sed
1403 5652 1470 5703 haec
1492 5650 1605 5703 traditio
1628 5658 1722 5704 nosna
1743 5652 1779 5704 ab
1798 5652 1925 5705 omnibus
1943 5655 2116 5728 ineorrupta
2134 5681 2203 5732 per.

685 5738 803 5793 maneat,
827 5729 898 5779 banc
921 5730 1026 5777 cartam
1049 5725 1121 5778 inde.
1164 5726 1241 5775 Diese
1265 5724 1351 5774 ll'orte
1374 5724 1459 5774 hillen
1483 5724 1512 5773 ia
1534 5724 1582 5773 der
1598 5722 1658 5774 Vo'.
1675 5724 1719 5774 die
1740 5724 1802 5786 rifle
1822 5724 2003 5791 sthimia,
2030 5733 2130 5785 welch
2150 5752 2205 5790 m„

686 5800 766 5853 aar
781 5801 846 5850 belin
866 5799 1042 5850 Anearciben
1061 5798 1260 5862 ribersprrorpea
1280 5794 1377 5846 manle.
2228 5829 2256 5867 η
