4836 6504
846 402 1084 460 HEINRICH
1106 404 1145 461 II.
1188 402 1282 460 1010.
1849 401 1914 464 249

366 588 384 679 3
408 590 545 676 Signum
568 590 679 656 domni
701 591 849 656 Heinrici
874 598 938 671 (Μ.)
962 592 1049 677 regis
1073 591 1288 655 invictissimi.
1313 590 1330 680 3

366 714 383 804 3
407 713 608 780 Guntherius
631 715 846 780 cancellarius
868 718 942 779 vico
962 714 1128 801 Uuilligisi
1152 715 1430 803 archicappellani
1453 717 1642 802 recognovi.
1667 715 1685 806 3
1751 724 1807 797 (SI.
1826 725 1869 797 2.)

366 848 455 913 Data
468 863 546 914 VIII.
570 848 664 913 idus⁰
688 848 801 935 aprilis
830 849 1009 913 indictione
1025 863 1110 929 VIII,
1134 871 1219 914 anno
1251 848 1293 913 ab
1324 851 1556 915 incarnacione
1588 849 1713 915 domini
1742 849 1914 916 millesimo

258 970 354 1039 VIIII,
385 978 470 1021 anno
501 978 579 1021 vero
610 955 721 1020 dornni
744 955 893 1020 Heinrici
916 955 1052 1020 secundi
1076 957 1242 1041 regnantis
1259 971 1341 1040 VIII3
1372 968 1482 1022 actum
1504 956 1775 1043 Regenesburc⁶3
1806 979 1913 1022 amen.

226 1258 240 1296 a
1036 1219 1125 1306 212.

259 1365 437 1440 Heinrich
462 1366 659 1439 restitaiert
683 1365 764 1439 dem
784 1364 930 1439 Kloster
951 1364 1097 1465 Pollinp
1121 1366 1245 1440 seinen
1272 1368 1445 1468 einsnpen
1468 1367 1584 1441 Bene
1609 1368 1650 1441 in
1670 1367 1816 1469 Pollinq
1834 1368 1916 1443 und

257 1485 377 1559 sieben
403 1484 671 1558 benccbbarten
700 1482 822 1560 Orten.
1413 1512 1596 1590 Repenonrp
1615 1516 1695 1576 1010
1709 1514 1800 1590 Amr
1818 1517 1866 1574 1⁶.

367 1675 611 1749 Originaldiplom
633 1675 675 1733 im
696 1675 724 1733 lc.
743 1674 950 1733 Reiclrsnrulrio
971 1692 1007 1734 zu
1030 1675 1172 1734 Mdnclren
1196 1676 1270 1742 (A).

334 1799 456 1858 'Hand
477 1799 602 1873 Metron.
629 1797 733 1858 Salisb.
758 1800 821 1859 270
847 1800 1059 1875 nnvcdadndip
1090 1821 1131 1846 =
1163 1799 1400 1858 Hand-Gewold
1428 1798 1553 1873 Metrop.
1578 1797 1684 1859 Sulisb.
1708 1800 1750 1859 ed.
1776 1800 1857 1860 Mon.
1882 1801 1911 1871 3,

365 1907 422 1964 113
446 1926 487 1952 =
511 1905 604 1966 Hand
611 1894 748 1965 -Gerirold
770 1905 895 1979 Metron.
916 1905 1022 1965 Sulish
1046 1906 1181 1966 11111111.
1206 1908 1235 1976 3,
1251 1906 1302 1965 78.
1328 1935 1372 1944 -
1395 1906 1583 1965 Meiclrelbeclc
1605 1906 1687 1966 Hist.
1711 1907 1842 1983 menna
1867 1899 1911 1979 1⁶,

363 2014 425 2071 486
446 2015 479 2071 n⁰
494 2013 572 2072 1154
601 2013 676 2072 wohl
704 2031 758 2071 ans
779 2011 816 2071 A.
840 2041 885 2051 ·-
907 2013 1083 2073 Frandsncs
1104 2014 1224 2088 (Topsl)
1249 2011 1402 2073 Succincta
1430 2014 1603 2084 informatio
1633 2015 1668 2073 de
1696 2032 1759 2073 can.
1783 2014 1910 2090 Polline.

365 2119 540 2195 (Ginzbnrpi
558 2120 653 2186 1760)
673 2121 692 2178 3
709 2138 763 2178 aris
780 2120 808 2177 A
827 2141 869 2166 =
887 2118 1064 2180 Franciscns
1083 2120 1203 2194 (To'psl)
1222 2120 1255 2179 in
1275 2120 1390 2187 (Kncn)
1414 2118 1485 2179 0011.
1502 2122 1633 2191 5⁰,155,
1656 2142 1697 2167 =
1718 2120 1798 2179 Mon.
1818 2120 1912 2180 Boica

363 2228 412 2295 10,
428 2227 468 2284 37
485 2229 518 2284 n⁰
534 2228 561 2285 1.
585 2256 629 2265 -
651 2226 779 2286 Bdlrmcr
801 2226 872 2302 ch.
890 2228 979 2286 1058.
1004 2254 1049 2265 -
1072 2226 1195 2301 Stamps
1213 2226 1285 2302 Rep.
1304 2227 1393 2285 1528.

368 2350 501 2422 Verfaast
522 2351 582 2409 und
603 2352 779 2426 pescbrieben
802 2370 857 2410 con
882 2351 946 2410 GA.

213 2527 239 2568 rs
364 2510 422 2581 (Ο.)
446 2499 463 2589 3
485 2501 524 2565 In
548 2502 678 2567 nomine
703 2515 836 2566 sanctae
861 2513 894 2566 et
915 2501 1106 2566 individuae
1130 2502 1292 2566 trinitatis.
1340 2501 1516 2565 Heinricus
1546 2500 1660 2566 divina
1690 2501 1821 2566 favente
1845 2502 1909 2567 cle-

256 2610 378 2673 mentia
401 2631 471 2673 rex.
563 2608 600 2673 Si
623 2608 835 2673 ecclesiarum
858 2609 913 2673 dei
936 2608 1009 2673 loca
1032 2607 1168 2673 alicuius
1192 2608 1269 2673 doni
1285 2606 1302 2696 3
1318 2610 1518 2672 incremento
1541 2608 1712 2672 meliorare
1731 2608 1784 2672 vel
1803 2607 1908 2673 ditare

256 2715 485 2797 studuerimus,
509 2713 604 2780 nobis
627 2715 661 2779 id
684 2715 889 2802 profuturum
913 2738 984 2780 esse
1004 2716 1136 2780 minime
1156 2714 1353 2779 dubitamus.
1394 2714 1604 2802 Quapropter
1623 2715 1766 2779 omnium
1787 2713 1908 2779 Christi

255 2822 399 2887 fidelium
423 2822 622 2909 presentium
646 2822 772 2887 scilicet
795 2844 833 2887 ac
853 2822 1034 2887 futurorum
1053 2824 1180 2887 noverit
1198 2822 1405 2903 universitas,
1430 2821 1570 2908 qualiter
1588 2844 1648 2887 nos
1666 2821 1769 2886 divini
1788 2823 1908 2885 amoris

255 2931 410 2994 instinctu
434 2940 496 2994 ac⁸
519 2928 664 2994 remedio
688 2929 816 2993 animae
840 2942 970 2994 nostrae
995 2931 1065 2993 sive
1087 2930 1274 2994 interventu
1297 2940 1395 3015 atque
1419 2929 1576 3015 petitione
1599 2927 1763 3015 Egilberti
1785 2928 1907 2992 Frisiu-

210 3062 237 3102 so
255 3037 364 3123 gensis
388 3035 548 3101 ecclesiae
576 3037 722 3123 episcopi
749 3035 813 3101 tale
842 3035 1002 3122 predium,
1033 3035 1128 3123 quale
1158 3036 1214 3100 inb
1237 3034 1324 3100 villis
1347 3034 1507 3121 Pollinga,
1527 3034 1695 3117 Wilhaim,
1718 3034 1907 3121 Ubingrm0,

255 3143 395 3226 Rieden,
422 3142 608 3225 Antisstcti‚
639 3141 877 3229 Ascherigund,
908 3142 1138 3224 Hunenwanc,
1176 3141 1413 3207 Phafenhouen
1443 3142 1617 3207 nominatis
1647 3142 1843 3207 monasterio
1874 3142 1907 3206 in

255 3249 397 3315 honoreb
422 3251 527 3314 sancti
551 3249 722 3314 salvatoris
746 3248 869 3314 domini
892 3251 993 3314 nostri
1017 3250 1093 3314 Iesu
1112 3248 1235 3314 Christi
1258 3250 1293 3312 in
1318 3248 1433 3314 eadem
1452 3248 1531 3314 villa
1548 3247 1699 3335 Pollinga
1722 3258 1907 3315 constructo

255 3357 344 3443 prius
375 3358 538 3443 pertinere
562 3355 745 3437 videbatur,
777 3358 873 3420 situm
903 3357 938 3439 in
969 3357 1178 3421 commitatu⁰
1201 3354 1422 3420 Adalberonis
1447 3356 1631 3421 commitis⁰
1654 3357 1688 3420 in
1718 3378 1804 3442 pago
1827 3378 1906 3421 vero

255 3462 347 3544 Hdsi,
379 3474 412 3527 et
434 3473 549 3549 postea
579 3463 613 3527 in
644 3461 839 3527 beneficium
862 3462 971 3527 multis
995 3462 1106 3527 datum
1130 3462 1202 3543 fuit,
1233 3484 1321 3526 nunc
1346 3463 1445 3526 etiam
1469 3485 1543 3527 cum
1567 3461 1718 3528 omnibus
1742 3463 1812 3527 eius
1835 3485 1907 3549 per·

211 3596 237 3636 as
255 3571 399 3634 tinentiis
423 3592 481 3634 seu
504 3568 701 3655 appenditiis
724 3570 809 3633 areis
833 3569 991 3634 aedificiis
1021 3570 1123 3656 pratis
1152 3570 1285 3656 pascuis
1316 3568 1407 3633 silvis
1430 3568 1659 3634 venationibus
1690 3572 1783 3655 aquis
1807 3592 1906 3656 aqua·

255 3699 368 3741 rumve
393 3674 585 3740 decursibus
608 3674 802 3741 molendinis
825 3674 1061 3763 piscationibus
1085 3675 1227 3740 exitibus
1252 3687 1284 3739 et
1303 3674 1463 3740 reditibus
1486 3677 1549 3740 viis
1572 3676 1625 3740 vel
1648 3676 1747 3740 inviis
1771 3676 1906 3762 quesitis

256 3806 312 3848 seu
336 3782 539 3869 inquirendis
563 3793 661 3868 atque
685 3804 759 3846 cum
789 3782 921 3846 familiis
951 3784 1119 3868 utriusque
1150 3804 1249 3846 sexus
1280 3783 1350 3846 sive
1381 3805 1456 3846 cum
1486 3781 1636 3847 omnibus
1667 3804 1731 3871 que
1761 3781 1907 3868 quolibet

254 3890 351 3955 modo
376 3888 442 3954 dici
472 3900 528 3953 aut
556 3889 717 3953 nominari
746 3900 883 3975 possunt
910 3886 1104 3953 utilitatibus
1134 3900 1233 3975 atque
1258 3911 1332 3952 curn
1356 3887 1555 3953 cortalibus⁰
1579 3886 1848 3952 decimationibus
1871 3889 1906 3952 in

255 3996 318 4061 illis
343 3993 470 4061 duabus
493 3994 578 4060 villis
602 3994 760 4081 Ubingun
784 4006 816 4060 et
837 3994 1070 4081 Asskyringun
1100 3994 1196 4059 dictis
1226 3994 1394 4080 perhanc
1417 4006 1560 4058 nostram
1584 3994 1729 4080 regalem
1751 3996 1906 4081 paginam

210 4130 237 4170 so
256 4102 496 4169 corroborando
521 4115 553 4167 et
576 4101 798 4167 confirmando
822 4102 929 4167 cidem
947 4102 1142 4166 monasterio
1162 4100 1205 4165 ad
1227 4123 1323 4165 usum
1347 4111 1379 4165 et
1402 4100 1566 4186 stipendia
1584 4100 1720 4166 fratrum
1743 4100 1824 4165 inibi
1843 4101 1906 4165 deo

255 4210 479 4275 famulantium
502 4210 629 4296 integre
653 4208 863 4274 concedimus
887 4219 984 4295 atque
1008 4208 1165 4293 largimur
1188 4219 1221 4272 et
1244 4207 1284 4271 de
1309 4219 1418 4272 nostro
1449 4209 1518 4271 iure
1548 4229 1588 4272 ac
1612 4208 1754 4273 dominio
1778 4209 1811 4272 in
1835 4209 1906 4272 eius

254 4319 305 4382 ius
335 4330 368 4382 ct
398 4315 576 4381 dominium
606 4317 737 4381 omnino
768 4315 1039 4395 transfundimus,
1071 4338 1111 4379 ea
1141 4316 1262 4402 quippe
1294 4316 1420 4379 ratione
1450 4327 1486 4379 ut
1515 4316 1688 4401 prescripti
1718 4316 1906 4379 monasterii

254 4424 439 4510 provisores
462 4435 495 4487 et
517 4423 634 4487 fratres
657 4422 704 4487 ibi
729 4421 858 4487 Christo
882 4424 1062 4486 servientes
1092 4420 1132 4485 de
1162 4423 1227 4485 iam
1251 4423 1417 4485 nominato
1441 4421 1554 4507 predio
1579 4432 1612 4486 et
1635 4421 1906 4486 decimationibus

255 4530 323 4595 sive
348 4552 460 4595 eorum
484 4529 676 4594 utensilibus
700 4529 819 4593 dehinc
842 4527 980 4593 liberam
1002 4527 1146 4593 habeant
1164 4538 1358 4614 potestatem
1378 4526 1422 4591 ad
1440 4528 1612 4592 utilitatem
1635 4538 1744 4593 tamen
1768 4528 1906 4617 ecclesie

209 4664 236 4705 a
255 4638 430 4725 quicquid‘
454 4638 502 4701 eis
529 4636 689 4723 placuerit
718 4635 871 4716 faciendi,
903 4636 1046 4700 omnium
1069 4634 1236 4699 hominum
1259 4634 1516 4700 contradictione
1540 4646 1674 4700 remota.
1720 4635 1764 4700 Et
1786 4647 1822 4700 ut
1844 4635 1906 4725 hec

254 4756 363 4833 nostre
394 4742 665 4809 corroborationis
696 4765 754 4807 seu
785 4742 1039 4807 confirmationis
1069 4745 1246 4806 auctoritas
1276 4740 1401 4806 stabilis
1432 4754 1465 4806 et
1494 4742 1687 4807 inconvulsa
1717 4744 1804 4807 omni
1833 4766 1905 4830 per-

254 4862 386 4915 maneat
407 4862 564 4937 ternpore,
595 4850 657 4915 hoc
687 4860 878 4936 preceptum
910 4848 985 4913 inde
1014 4850 1233 4935 conscriptum
1257 4872 1356 4913 manu
1380 4849 1515 4936 propria
1538 4848 1784 4915 corroborantes
1807 4862 1905 4937 atque

255 4958 483 5022 confirmantes
507 4957 605 5044 sigilli
628 4958 731 5021 nostri
754 4956 956 5043 inpressione
980 4956 1130 5043 insigniri
1153 4957 1315 5020 iussimus.

361 5081 378 5171 3
403 5082 540 5168 Signum
563 5082 674 5146 domni
697 5082 846 5146 Heinrici
870 5088 934 5157 (Μ.)
958 5080 1046 5167 regis
1070 5081 1286 5145 invictissimi.
1310 5079 1328 5169 3

208 5231 236 5269 so
361 5205 605 5295 3Guntherius
629 5204 844 5271 cancellarius
867 5206 941 5269 vice
960 5204 1126 5291 Uuilligisi
1150 5205 1426 5293 archicappellani
1450 5204 1627 5295 notavit3
1745 5208 1801 5291 (SI.
1819 5208 1861 5293 2.)

361 5330 484 5396 Datum
507 5345 580 5394 XVI.
604 5330 671 5395 kal.
695 5331 771 5394 mai.
800 5329 978 5395 indictione
999 5344 1081 5411 VIII,
1113 5352 1198 5393 anno
1223 5329 1386 5419 dominice
1410 5331 1644 5396 incarnationis
1674 5331 1844 5396 millesimo
1867 5347 1904 5416 x,

254 5461 340 5503 anno
363 5461 442 5502 vero
467 5437 578 5502 domni
601 5436 737 5502 secundi
760 5436 910 5501 Heinrici
932 5438 1099 5523 regnantis
1117 5452 1198 5520 VIII;
1229 5448 1337 5502 actum
1361 5436 1612 5524 Regenesburg3
1637 5438 1777 5504 feliciter
1798 5461 1904 5504 amen.

325 5614 390 5671 211.
415 5618 441 5683 c)
460 5623 521 5667 VIII
540 5614 601 5668 idus
619 5616 812 5681 nadpnrapen
884 5614 912 5683 d)
931 5634 975 5667 am
995 5632 1013 5667 u
1031 5631 1101 5670 corr.

325 5695 390 5752 212.
415 5695 562 5766 [Bresslau]
594 5696 619 5764 a)
638 5696 765 5748 doninter
782 5695 850 5759 fehlt
868 5713 918 5763 pro
981 5695 1010 5755 b)
1026 5696 1077 5747 dus
1093 5698 1149 5760 crof
1166 5695 1194 5748 in
1212 5697 1335 5760 folcardo
1353 5696 1394 5749 bis
1411 5695 1516 5750 honore
1533 5699 1723 5763 pressentbeils
1740 5699 1797 5764 nus
1812 5700 1906 5754 Rusur

208 5782 237 5823 11
414 5774 441 5835 c)
463 5767 558 5838 Ubing
570 5770 603 5833 A,
621 5784 643 5821 s.
660 5768 733 5820 Zcr'le
750 5770 787 5818 29
858 5764 888 5835 d)
907 5766 1043 5838 Ascherig
1056 5771 1089 5831 A,
1107 5784 1129 5821 s.
1145 5768 1219 5821 Zella
1236 5771 1273 5819 29
1344 5768 1369 5836 e)
1389 5770 1414 5821 A
1487 5767 1513 5837 1)
1532 5753 1634 5840 quicid
1653 5773 1688 5825 A.

322 5890 524 5933 unemundus
537 5892 581 5932 111.
1659 5885 1693 5933 82
