<?xml version="1.0" encoding="UTF-8"?>
<!DOCTYPE html PUBLIC "-//W3C//DTD XHTML 1.0 Transitional//EN"
    "http://www.w3.org/TR/xhtml1/DTD/xhtml1-transitional.dtd">
<html xmlns="http://www.w3.org/1999/xhtml" xml:lang="en" lang="en">
 <head>
  <title>
</title>
<meta http-equiv="Content-Type" content="text/html;charset=utf-8" />
  <meta name='ocr-system' content='tesseract 3.04.00' />
  <meta name='ocr-capabilities' content='ocr_page ocr_carea ocr_par ocr_line ocrx_word'/>
</head>
<body>
  <div class='ocr_page' id='page_1' title='image "./monumentagerman01gescgoog/monumentagerman01gescgoog_0732.png"; bbox 0 0 4828 6520; ppageno 0'>
   <div class='ocr_carea' id='block_1_1' title="bbox 801 423 1905 489">
    <p class='ocr_par' dir='ltr' id='par_1_1' title="bbox 801 423 1905 489">
     <span class='ocr_line' id='line_1_1' title="bbox 801 423 1905 489; baseline -0.004 0"><span class='ocrx_word' id='word_1_1' title='bbox 801 429 1091 489; x_wconf 80' lang='lat' dir='ltr'>KUNIGUNDE</span> <span class='ocrx_word' id='word_1_2' title='bbox 1118 430 1352 488; x_wconf 82' lang='lat'>1025-1033.</span> <span class='ocrx_word' id='word_1_3' title='bbox 1841 423 1905 486; x_wconf 85' lang='grc'><strong>697</strong></span> 
     </span>
    </p>
   </div>
   <div class='ocr_carea' id='block_1_2' title="bbox 205 615 1906 1987">
    <p class='ocr_par' dir='ltr' id='par_1_2' title="bbox 248 615 1906 1026">
     <span class='ocr_line' id='line_1_2' title="bbox 248 615 1905 706; baseline -0.001 -22"><span class='ocrx_word' id='word_1_4' title='bbox 248 618 457 684; x_wconf 83' lang='lat' dir='ltr'><strong>Adelhardns</strong></span> <span class='ocrx_word' id='word_1_5' title='bbox 481 617 627 683; x_wconf 87' lang='lat' dir='ltr'><strong>eiusdem</strong></span> <span class='ocrx_word' id='word_1_6' title='bbox 650 618 751 682; x_wconf 84' lang='lat' dir='ltr'><strong>curtis</strong></span> <span class='ocrx_word' id='word_1_7' title='bbox 780 618 963 704; x_wconf 89' lang='lat' dir='ltr'><strong>prepositus</strong></span> <span class='ocrx_word' id='word_1_8' title='bbox 993 618 1027 681; x_wconf 94' lang='lat' dir='ltr'><strong>in</strong></span> <span class='ocrx_word' id='word_1_9' title='bbox 1050 615 1212 682; x_wconf 82' lang='lat' dir='ltr'><strong>beneficio</strong></span> <span class='ocrx_word' id='word_1_10' title='bbox 1234 615 1383 706; x_wconf 80' lang='lat' dir='ltr'><strong>habu[it,]</strong></span> <span class='ocrx_word' id='word_1_11' title='bbox 1410 618 1512 682; x_wconf 50' lang='grc'><strong>...0</strong></span> <span class='ocrx_word' id='word_1_12' title='bbox 1542 640 1672 705; x_wconf 89' lang='lat' dir='ltr'><strong>quoque</strong></span> <span class='ocrx_word' id='word_1_13' title='bbox 1702 629 1800 705; x_wconf 89' lang='lat' dir='ltr'><strong>atque</strong></span> <span class='ocrx_word' id='word_1_14' title='bbox 1831 641 1905 683; x_wconf 89' lang='lat' dir='ltr'><strong>cum</strong></span> 
     </span>
     <span class='ocr_line' id='line_1_3' title="bbox 250 723 1904 811; baseline 0.001 -21"><span class='ocrx_word' id='word_1_15' title='bbox 250 725 386 791; x_wconf 80' lang='lat' dir='ltr'><strong>decimis</strong></span> <span class='ocrx_word' id='word_1_16' title='bbox 408 726 514 789; x_wconf 87' lang='lat' dir='ltr'><strong>vineis</strong></span> <span class='ocrx_word' id='word_1_17' title='bbox 537 723 732 789; x_wconf 78' lang='lat' dir='ltr'>molendinis</span> <span class='ocrx_word' id='word_1_18' title='bbox 756 724 847 789; x_wconf 91' lang='lat' dir='ltr'><strong>silvis</strong></span> <span class='ocrx_word' id='word_1_19' title='bbox 877 725 1008 811; x_wconf 80' lang='lat' dir='ltr'><strong>pascuis</strong></span> <span class='ocrx_word' id='word_1_20' title='bbox 1031 723 1261 790; x_wconf 79' lang='lat' dir='ltr'><strong>venationibus</strong></span> <span class='ocrx_word' id='word_1_21' title='bbox 1285 725 1378 811; x_wconf 92' lang='lat' dir='ltr'><strong>aquis</strong></span> <span class='ocrx_word' id='word_1_22' title='bbox 1402 746 1603 811; x_wconf 78' lang='lat' dir='ltr'>aquarumve</span> <span class='ocrx_word' id='word_1_23' title='bbox 1627 723 1819 789; x_wconf 88' lang='lat' dir='ltr'><strong>decursibus</strong></span> <span class='ocrx_word' id='word_1_24' title='bbox 1842 748 1904 791; x_wconf 90' lang='lat' dir='ltr'><strong>nec</strong></span> 
     </span>
     <span class='ocr_line' id='line_1_4' title="bbox 249 829 1906 918; baseline 0 -21"><span class='ocrx_word' id='word_1_25' title='bbox 249 855 314 897; x_wconf 91' lang='lat' dir='ltr'><strong>non</strong></span> <span class='ocrx_word' id='word_1_26' title='bbox 338 855 413 896; x_wconf 89' lang='lat' dir='ltr'><strong>cum</strong></span> <span class='ocrx_word' id='word_1_27' title='bbox 436 830 586 896; x_wconf 88' lang='lat' dir='ltr'><strong>omnibus</strong></span> <span class='ocrx_word' id='word_1_28' title='bbox 609 829 813 913; x_wconf 89' lang='lat' dir='ltr'><strong>utensilibus,</strong></span> <span class='ocrx_word' id='word_1_29' title='bbox 838 854 902 918; x_wconf 72' lang='lat' dir='ltr'><strong>que</strong></span> <span class='ocrx_word' id='word_1_30' title='bbox 924 831 978 896; x_wconf 89' lang='lat' dir='ltr'><strong>vel</strong></span> <span class='ocrx_word' id='word_1_31' title='bbox 1002 830 1068 896; x_wconf 90' lang='lat' dir='ltr'><strong>diei</strong></span> <span class='ocrx_word' id='word_1_32' title='bbox 1088 831 1161 895; x_wconf 83' lang='lat' dir='ltr'><strong>vel¹</strong></span> <span class='ocrx_word' id='word_1_33' title='bbox 1187 831 1349 896; x_wconf 90' lang='lat' dir='ltr'><strong>nominari</strong></span> <span class='ocrx_word' id='word_1_34' title='bbox 1372 841 1517 917; x_wconf 85' lang='lat' dir='ltr'><strong>possunt,</strong></span> <span class='ocrx_word' id='word_1_35' title='bbox 1542 833 1690 918; x_wconf 85' lang='lat' dir='ltr'><strong>exceptis</strong></span> <span class='ocrx_word' id='word_1_36' title='bbox 1713 842 1839 896; x_wconf 87' lang='lat' dir='ltr'><strong>tantum</strong></span> <span class='ocrx_word' id='word_1_37' title='bbox 1857 847 1906 897; x_wconf 70' lang='lat' dir='ltr'><strong>XI.</strong></span> 
     </span>
     <span class='ocr_line' id='line_1_5' title="bbox 249 936 1905 1026; baseline 0 -23"><span class='ocrx_word' id='word_1_38' title='bbox 249 939 371 1003; x_wconf 89' lang='lat' dir='ltr'><strong>mansis</strong></span> <span class='ocrx_word' id='word_1_39' title='bbox 400 961 466 1001; x_wconf 92' lang='lat' dir='ltr'><strong>non</strong></span> <span class='ocrx_word' id='word_1_40' title='bbox 488 937 545 1002; x_wconf 87' lang='lat' dir='ltr'><strong>illa</strong></span> <span class='ocrx_word' id='word_1_41' title='bbox 566 949 659 1023; x_wconf 91' lang='lat' dir='ltr'><strong>parte</strong></span> <span class='ocrx_word' id='word_1_42' title='bbox 681 938 750 1002; x_wconf 91' lang='lat' dir='ltr'><strong>Hin</strong></span> <span class='ocrx_word' id='word_1_43' title='bbox 772 936 925 1019; x_wconf 89' lang='lat' dir='ltr'><strong>fluminis,</strong></span> <span class='ocrx_word' id='word_1_44' title='bbox 955 937 1013 1002; x_wconf 92' lang='lat' dir='ltr'><strong>ubi</strong></span> <span class='ocrx_word' id='word_1_45' title='bbox 1036 960 1136 1024; x_wconf 90' lang='lat' dir='ltr'><strong>supra</strong></span> <span class='ocrx_word' id='word_1_46' title='bbox 1159 937 1247 1002; x_wconf 89' lang='lat' dir='ltr'><strong>dicta</strong></span> <span class='ocrx_word' id='word_1_47' title='bbox 1271 936 1385 1026; x_wconf 87' lang='lat' dir='ltr'><strong>cur[tis</strong></span> <span class='ocrx_word' id='word_1_48' title='bbox 1409 936 1586 1026; x_wconf 69' lang='lat' dir='ltr'><strong>OtingrmP‘</strong></span> <span class='ocrx_word' id='word_1_49' title='bbox 1607 938 1704 1019; x_wconf 89' lang='lat' dir='ltr'><strong>iacet,</strong></span> <span class='ocrx_word' id='word_1_50' title='bbox 1733 939 1814 1021; x_wconf 90' lang='lat' dir='ltr'><strong>sitis,</strong></span> <span class='ocrx_word' id='word_1_51' title='bbox 1845 939 1905 1003; x_wconf 86' lang='lat' dir='ltr'><strong>sed</strong></span> 
     </span>
    </p>

    <p class='ocr_par' dir='ltr' id='par_1_3' title="bbox 218 1043 1905 1558">
     <span class='ocr_line' id='line_1_6' title="bbox 218 1043 1904 1131; baseline 0 -22"><span class='ocrx_word' id='word_1_52' title='bbox 218 1046 283 1109; x_wconf 82' lang='lat' dir='ltr'><strong>sin</strong></span> <span class='ocrx_word' id='word_1_53' title='bbox 307 1045 410 1109; x_wconf 87' lang='lat' dir='ltr'><strong>altera</strong></span> <span class='ocrx_word' id='word_1_54' title='bbox 432 1056 524 1131; x_wconf 90' lang='lat' dir='ltr'><strong>parte</strong></span> <span class='ocrx_word' id='word_1_55' title='bbox 549 1044 695 1110; x_wconf 90' lang='lat' dir='ltr'><strong>eiusdem</strong></span> <span class='ocrx_word' id='word_1_56' title='bbox 718 1043 870 1109; x_wconf 87' lang='lat' dir='ltr'><strong>fluminis.</strong></span> <span class='ocrx_word' id='word_1_57' title='bbox 907 1044 1052 1109; x_wconf 89' lang='lat' dir='ltr'><strong>Econtra</strong></span> <span class='ocrx_word' id='word_1_58' title='bbox 1076 1066 1153 1109; x_wconf 89' lang='lat' dir='ltr'><strong>vero</strong></span> <span class='ocrx_word' id='word_1_59' title='bbox 1176 1043 1356 1130; x_wconf 82' lang='lat' dir='ltr'><strong>prelibatus</strong></span> <span class='ocrx_word' id='word_1_60' title='bbox 1380 1043 1646 1131; x_wconf 79' lang='lat' dir='ltr'><strong>archiepiscopus</strong></span> <span class='ocrx_word' id='word_1_61' title='bbox 1670 1067 1744 1109; x_wconf 90' lang='lat' dir='ltr'><strong>cnm</strong></span> <span class='ocrx_word' id='word_1_62' title='bbox 1768 1046 1904 1110; x_wconf 90' lang='lat' dir='ltr'><strong>consilio</strong></span> 
     </span>
     <span class='ocr_line' id='line_1_7' title="bbox 251 1150 1905 1239; baseline 0 -23"><span class='ocrx_word' id='word_1_63' title='bbox 251 1163 348 1239; x_wconf 86' lang='lat' dir='ltr'><strong>atque</strong></span> <span class='ocrx_word' id='word_1_64' title='bbox 372 1174 533 1217; x_wconf 87' lang='lat' dir='ltr'><strong>consensu</strong></span> <span class='ocrx_word' id='word_1_65' title='bbox 563 1174 694 1215; x_wconf 87' lang='lat' dir='ltr'><strong>suorum</strong></span> <span class='ocrx_word' id='word_1_66' title='bbox 723 1150 868 1215; x_wconf 90' lang='lat' dir='ltr'><strong>fidelium</strong></span> <span class='ocrx_word' id='word_1_67' title='bbox 898 1161 965 1215; x_wconf 92' lang='lat' dir='ltr'><strong>tam</strong></span> <span class='ocrx_word' id='word_1_68' title='bbox 989 1151 1180 1215; x_wconf 88' lang='lat' dir='ltr'><strong>clericorum</strong></span> <span class='ocrx_word' id='word_1_69' title='bbox 1205 1173 1303 1237; x_wconf 85' lang='lat' dir='ltr'><strong>quam</strong></span> <span class='ocrx_word' id='word_1_70' title='bbox 1329 1150 1486 1215; x_wconf 87' lang='lat' dir='ltr'><strong>laieorum</strong></span> <span class='ocrx_word' id='word_1_71' title='bbox 1510 1152 1718 1237; x_wconf 84' lang='lat' dir='ltr'><strong>maximeque</strong></span> <span class='ocrx_word' id='word_1_72' title='bbox 1741 1152 1788 1238; x_wconf 92' lang='lat' dir='ltr'><strong>pii</strong></span> <span class='ocrx_word' id='word_1_73' title='bbox 1812 1152 1905 1216; x_wconf 90' lang='lat' dir='ltr'><strong>ducis</strong></span> 
     </span>
     <span class='ocr_line' id='line_1_8' title="bbox 250 1256 1905 1347; baseline -0.001 -24"><span class='ocrx_word' id='word_1_74' title='bbox 250 1260 399 1323; x_wconf 91' lang='lat' dir='ltr'><strong>Heinrici</strong></span> <span class='ocrx_word' id='word_1_75' title='bbox 418 1280 615 1345; x_wconf 89' lang='lat' dir='ltr'><strong>suorumque</strong></span> <span class='ocrx_word' id='word_1_76' title='bbox 634 1259 824 1344; x_wconf 90' lang='lat' dir='ltr'><strong>optimatum</strong></span> <span class='ocrx_word' id='word_1_77' title='bbox 841 1256 1013 1321; x_wconf 84' lang='lat' dir='ltr'><strong>retradidit</strong></span> <span class='ocrx_word' id='word_1_78' title='bbox 1031 1257 1092 1322; x_wconf 91' lang='lat' dir='ltr'><strong>deo</strong></span> <span class='ocrx_word' id='word_1_79' title='bbox 1110 1257 1227 1346; x_wconf 69' lang='lat' dir='ltr'><strong>devote</strong></span> <span class='ocrx_word' id='word_1_80' title='bbox 1243 1257 1457 1347; x_wconf 79' lang='lat' dir='ltr'><strong>imperat[rici</strong></span> <span class='ocrx_word' id='word_1_81' title='bbox 1473 1256 1748 1346; x_wconf 77' lang='lat' dir='ltr'><strong>Chuni]gundae‘</strong></span> <span class='ocrx_word' id='word_1_82' title='bbox 1766 1272 1905 1347; x_wconf 74' lang='lat' dir='ltr'><strong>auguste</strong></span> 
     </span>
     <span class='ocr_line' id='line_1_9' title="bbox 250 1363 1905 1453; baseline 0 -23"><span class='ocrx_word' id='word_1_83' title='bbox 250 1367 410 1453; x_wconf 84' lang='lat' dir='ltr'><strong>precaria,</strong></span> <span class='ocrx_word' id='word_1_84' title='bbox 439 1376 476 1430; x_wconf 89' lang='lat' dir='ltr'><strong>ut</strong></span> <span class='ocrx_word' id='word_1_85' title='bbox 505 1387 604 1451; x_wconf 90' lang='lat' dir='ltr'><strong>supra</strong></span> <span class='ocrx_word' id='word_1_86' title='bbox 634 1363 757 1429; x_wconf 91' lang='lat' dir='ltr'><strong>dietum</strong></span> <span class='ocrx_word' id='word_1_87' title='bbox 787 1374 846 1446; x_wconf 89' lang='lat' dir='ltr'><strong>est,</strong></span> <span class='ocrx_word' id='word_1_88' title='bbox 877 1364 949 1450; x_wconf 88' lang='lat' dir='ltr'><strong>lege</strong></span> <span class='ocrx_word' id='word_1_89' title='bbox 980 1387 1054 1429; x_wconf 90' lang='lat' dir='ltr'><strong>cum</strong></span> <span class='ocrx_word' id='word_1_90' title='bbox 1085 1387 1183 1428; x_wconf 90' lang='lat' dir='ltr'><strong>manu</strong></span> <span class='ocrx_word' id='word_1_91' title='bbox 1214 1364 1365 1430; x_wconf 88' lang='lat' dir='ltr'><strong>advocati</strong></span> <span class='ocrx_word' id='word_1_92' title='bbox 1397 1366 1448 1429; x_wconf 91' lang='lat' dir='ltr'><strong>sui</strong></span> <span class='ocrx_word' id='word_1_93' title='bbox 1472 1363 1645 1429; x_wconf 88' lang='lat' dir='ltr'><strong>Waltherii</strong></span> <span class='ocrx_word' id='word_1_94' title='bbox 1668 1380 1694 1429; x_wconf 88' lang='lat' dir='ltr'><strong>V</strong></span> <span class='ocrx_word' id='word_1_95' title='bbox 1718 1376 1825 1429; x_wconf 89' lang='lat' dir='ltr'><strong>curtes</strong></span> <span class='ocrx_word' id='word_1_96' title='bbox 1856 1368 1905 1431; x_wconf 90' lang='lat' dir='ltr'><strong>sic</strong></span> 
     </span>
     <span class='ocr_line' id='line_1_10' title="bbox 250 1469 1905 1558; baseline -0.001 -20"><span class='ocrx_word' id='word_1_97' title='bbox 250 1474 448 1538; x_wconf 84' lang='lat' dir='ltr'><strong>nominatas:</strong></span> <span class='ocrx_word' id='word_1_98' title='bbox 479 1472 615 1553; x_wconf 90' lang='lat' dir='ltr'><strong>Houua,</strong></span> <span class='ocrx_word' id='word_1_99' title='bbox 646 1469 793 1553; x_wconf 84' lang='lat' dir='ltr'><strong>Garaza,</strong></span> <span class='ocrx_word' id='word_1_100' title='bbox 823 1470 998 1556; x_wconf 83' lang='lat' dir='ltr'><strong>Asgouua,</strong></span> <span class='ocrx_word' id='word_1_101' title='bbox 1030 1470 1219 1554; x_wconf 86' lang='lat' dir='ltr'><strong>Stadalara,</strong></span> <span class='ocrx_word' id='word_1_102' title='bbox 1248 1470 1437 1558; x_wconf 87' lang='lat' dir='ltr'><strong>Amphinga</strong></span> <span class='ocrx_word' id='word_1_103' title='bbox 1467 1494 1528 1537; x_wconf 88' lang='lat' dir='ltr'><strong>nee</strong></span> <span class='ocrx_word' id='word_1_104' title='bbox 1558 1494 1624 1535; x_wconf 92' lang='lat' dir='ltr'><strong>nou</strong></span> <span class='ocrx_word' id='word_1_105' title='bbox 1654 1471 1802 1536; x_wconf 84' lang='lat' dir='ltr'><strong>Lhobas</strong></span> <span class='ocrx_word' id='word_1_106' title='bbox 1830 1495 1905 1536; x_wconf 84' lang='lat' dir='ltr'><strong>curn</strong></span> 
     </span>
    </p>

    <p class='ocr_par' dir='ltr' id='par_1_4' title="bbox 205 1575 1905 1987">
     <span class='ocr_line' id='line_1_11' title="bbox 205 1575 1905 1666; baseline 0.001 -25"><span class='ocrx_word' id='word_1_107' title='bbox 205 1601 234 1641; x_wconf 88' lang='lat' dir='ltr'><strong>ro</strong></span> <span class='ocrx_word' id='word_1_108' title='bbox 251 1580 422 1666; x_wconf 85' lang='lat' dir='ltr'><strong>mancipiis</strong></span> <span class='ocrx_word' id='word_1_109' title='bbox 446 1578 488 1643; x_wconf 91' lang='lat' dir='ltr'><strong>ad</strong></span> <span class='ocrx_word' id='word_1_110' title='bbox 511 1578 644 1643; x_wconf 90' lang='lat' dir='ltr'><strong>casdem</strong></span> <span class='ocrx_word' id='word_1_111' title='bbox 668 1577 789 1666; x_wconf 86' lang='lat' dir='ltr'><strong>our[tes</strong></span> <span class='ocrx_word' id='word_1_112' title='bbox 813 1575 1089 1666; x_wconf 82' lang='lat' dir='ltr'><strong>pertinentibus]¹.</strong></span> <span class='ocrx_word' id='word_1_113' title='bbox 1135 1577 1333 1642; x_wconf 90' lang='lat' dir='ltr'><strong>Huiusmodi</strong></span> <span class='ocrx_word' id='word_1_114' title='bbox 1355 1577 1539 1643; x_wconf 86' lang='lat' dir='ltr'><strong>traditionis</strong></span> <span class='ocrx_word' id='word_1_115' title='bbox 1563 1588 1661 1665; x_wconf 92' lang='lat' dir='ltr'><strong>atque</strong></span> <span class='ocrx_word' id='word_1_116' title='bbox 1685 1579 1905 1643; x_wconf 88' lang='lat' dir='ltr'><strong>retraditionis</strong></span> 
     </span>
     <span class='ocr_line' id='line_1_12' title="bbox 250 1683 1905 1771; baseline -0.001 -20"><span class='ocrx_word' id='word_1_117' title='bbox 250 1697 350 1751; x_wconf 87' lang='lat' dir='ltr'><strong>testes</strong></span> <span class='ocrx_word' id='word_1_118' title='bbox 379 1685 518 1750; x_wconf 86' lang='lat' dir='ltr'><strong>adtracti</strong></span> <span class='ocrx_word' id='word_1_119' title='bbox 548 1695 622 1750; x_wconf 90' lang='lat' dir='ltr'><strong>sunt</strong></span> <span class='ocrx_word' id='word_1_120' title='bbox 652 1707 761 1749; x_wconf 87' lang='lat' dir='ltr'><strong>eomes</strong></span> <span class='ocrx_word' id='word_1_121' title='bbox 785 1683 860 1749; x_wconf 87' lang='lat' dir='ltr'><strong>Sizo</strong></span> <span class='ocrx_word' id='word_1_122' title='bbox 884 1684 1067 1771; x_wconf 82' lang='lat' dir='ltr'><strong>iterumque</strong></span> <span class='ocrx_word' id='word_1_123' title='bbox 1091 1684 1177 1768; x_wconf 79' lang='lat' dir='ltr'><strong>Sino,</strong></span> <span class='ocrx_word' id='word_1_124' title='bbox 1201 1685 1326 1767; x_wconf 86' lang='lat' dir='ltr'><strong>Tiemo,</strong></span> <span class='ocrx_word' id='word_1_125' title='bbox 1352 1683 1466 1750; x_wconf 88' lang='lat' dir='ltr'><strong>Gerolt</strong></span> <span class='ocrx_word' id='word_1_126' title='bbox 1489 1686 1634 1767; x_wconf 83' lang='lat' dir='ltr'><strong>comites,</strong></span> <span class='ocrx_word' id='word_1_127' title='bbox 1664 1685 1815 1767; x_wconf 84' lang='lat' dir='ltr'><strong>Ruodolf,</strong></span> <span class='ocrx_word' id='word_1_128' title='bbox 1839 1686 1905 1750; x_wconf 85' lang='lat' dir='ltr'><strong>En·</strong></span> 
     </span>
     <span class='ocr_line' id='line_1_13' title="bbox 250 1767 1904 1880; baseline -0.001 -23"><span class='ocrx_word' id='word_1_129' title='bbox 250 1792 394 1880; x_wconf 84' lang='lat' dir='ltr'><strong>giluuan,</strong></span> <span class='ocrx_word' id='word_1_130' title='bbox 418 1791 614 1878; x_wconf 86' lang='lat' dir='ltr'><strong>Meginhart,</strong></span> <span class='ocrx_word' id='word_1_131' title='bbox 638 1791 798 1874; x_wconf 88' lang='lat' dir='ltr'><strong>Dietmar,</strong></span> <span class='ocrx_word' id='word_1_132' title='bbox 822 1791 946 1872; x_wconf 90' lang='lat' dir='ltr'><strong>Penno,</strong></span> <span class='ocrx_word' id='word_1_133' title='bbox 969 1789 1128 1873; x_wconf 84' lang='lat' dir='ltr'><strong>Eberaro,</strong></span> <span class='ocrx_word' id='word_1_134' title='bbox 1154 1840 1318 1857; x_wconf 87' lang='grc'><strong>.......</strong></span> <span class='ocrx_word' id='word_1_135' title='bbox 1320 1804 1343 1831; x_wconf 79' lang='lat'><strong>¹¹¹</strong></span> <span class='ocrx_word' id='word_1_136' title='bbox 1360 1767 1567 1874; x_wconf 74' lang='lat' dir='ltr'><strong>(ldelscaleh,</strong></span> <span class='ocrx_word' id='word_1_137' title='bbox 1590 1791 1765 1875; x_wconf 84' lang='lat' dir='ltr'><strong>Eberhart,</strong></span> <span class='ocrx_word' id='word_1_138' title='bbox 1789 1790 1904 1876; x_wconf 87' lang='lat' dir='ltr'><strong>Aribo,</strong></span> 
     </span>
     <span class='ocr_line' id='line_1_14' title="bbox 252 1898 612 1987; baseline -0.003 -23"><span class='ocrx_word' id='word_1_139' title='bbox 252 1898 430 1987; x_wconf 82' lang='lat' dir='ltr'><strong>Gozpreth,</strong></span> <span class='ocrx_word' id='word_1_140' title='bbox 453 1898 612 1964; x_wconf 84' lang='lat' dir='ltr'><strong>Eberaro.</strong></span> 
     </span>
    </p>
   </div>
   <div class='ocr_carea' id='block_1_3' title="bbox 357 2038 1765 2131">
    <p class='ocr_par' dir='ltr' id='par_1_5' title="bbox 357 2038 1765 2131">
     <span class='ocr_line' id='line_1_15' title="bbox 357 2038 1765 2131; baseline -0.002 -24"><span class='ocrx_word' id='word_1_141' title='bbox 357 2040 539 2131; x_wconf 67' lang='lat' dir='ltr'><strong>{Actumn</strong></span> <span class='ocrx_word' id='word_1_142' title='bbox 562 2042 748 2127; x_wconf 87' lang='lat' dir='ltr'><strong>Ratespone</strong></span> <span class='ocrx_word' id='word_1_143' title='bbox 771 2062 857 2105; x_wconf 90' lang='lat' dir='ltr'><strong>anuo</strong></span> <span class='ocrx_word' id='word_1_144' title='bbox 881 2041 986 2127; x_wconf 90' lang='lat' dir='ltr'><strong>primo</strong></span> <span class='ocrx_word' id='word_1_145' title='bbox 1011 2038 1162 2128; x_wconf 77' lang='lat' dir='ltr'><strong>d[omni]‘</strong></span> <span class='ocrx_word' id='word_1_146' title='bbox 1187 2038 1355 2106; x_wconf 80' lang='lat' dir='ltr'><strong>Chunradi</strong></span> <span class='ocrx_word' id='word_1_147' title='bbox 1378 2042 1465 2126; x_wconf 83' lang='lat' dir='ltr'><strong>regis</strong></span> <span class='ocrx_word' id='word_1_148' title='bbox 1488 2039 1765 2130; x_wconf 66' lang='lat' dir='ltr'><strong>invictissimi².{</strong></span> 
     </span>
    </p>
   </div>
   <div class='ocr_carea' id='block_1_4' title="bbox 207 2341 1100 2427">
    <p class='ocr_par' dir='ltr' id='par_1_6' title="bbox 207 2341 1100 2427">
     <span class='ocr_line' id='line_1_16' title="bbox 207 2341 1100 2427; baseline 0.004 -5"><span class='ocrx_word' id='word_1_149' title='bbox 207 2381 234 2422; x_wconf 76' lang='lat' dir='ltr'><strong>n</strong></span> <span class='ocrx_word' id='word_1_150' title='bbox 1059 2341 1100 2427; x_wconf 87' lang='lat'><strong>4.</strong></span> 
     </span>
    </p>
   </div>
   <div class='ocr_carea' id='block_1_5' title="bbox 250 2482 1906 2812">
    <p class='ocr_par' dir='ltr' id='par_1_7' title="bbox 250 2482 1906 2812">
     <span class='ocr_line' id='line_1_17' title="bbox 252 2482 1903 2586; baseline -0.001 -26"><span class='ocrx_word' id='word_1_151' title='bbox 252 2487 478 2586; x_wconf 72' lang='lat' dir='ltr'><strong>Kuniyuode</strong></span> <span class='ocrx_word' id='word_1_152' title='bbox 510 2487 719 2585; x_wconf 67' lang='lat' dir='ltr'><strong>albercipnet</strong></span> <span class='ocrx_word' id='word_1_153' title='bbox 748 2485 862 2559; x_wconf 66' lang='lat' dir='ltr'><strong>iterem</strong></span> <span class='ocrx_word' id='word_1_154' title='bbox 891 2485 1157 2559; x_wconf 81' lang='lat' dir='ltr'><strong>Ministeriolen</strong></span> <span class='ocrx_word' id='word_1_155' title='bbox 1183 2482 1291 2560; x_wconf 78' lang='lat' dir='ltr'><strong>Sasso</strong></span> <span class='ocrx_word' id='word_1_156' title='bbox 1326 2485 1385 2559; x_wconf 84' lang='lat' dir='ltr'><strong>die</strong></span> <span class='ocrx_word' id='word_1_157' title='bbox 1411 2485 1550 2584; x_wconf 66' lang='lat' dir='ltr'><strong>Ho&#39;r&#39;ipe</strong></span> <span class='ocrx_word' id='word_1_158' title='bbox 1579 2485 1749 2559; x_wconf 82' lang='lat' dir='ltr'><strong>Pecbilda</strong></span> <span class='ocrx_word' id='word_1_159' title='bbox 1775 2483 1903 2584; x_wconf 72' lang='lat' dir='ltr'><strong>bodasi</strong></span> 
     </span>
     <span class='ocr_line' id='line_1_18' title="bbox 252 2601 1906 2706; baseline 0 -27"><span class='ocrx_word' id='word_1_160' title='bbox 252 2606 592 2706; x_wconf 72' lang='lat' dir='ltr'><strong>Weiteroerpobunp</strong></span> <span class='ocrx_word' id='word_1_161' title='bbox 618 2632 670 2678; x_wconf 84' lang='lat' dir='ltr'><strong>on</strong></span> <span class='ocrx_word' id='word_1_162' title='bbox 696 2605 764 2678; x_wconf 81' lang='lat' dir='ltr'><strong>dus</strong></span> <span class='ocrx_word' id='word_1_163' title='bbox 789 2603 937 2678; x_wconf 82' lang='lat' dir='ltr'><strong>Kloster</strong></span> <span class='ocrx_word' id='word_1_164' title='bbox 962 2601 1000 2679; x_wconf 82' lang='lat' dir='ltr'><strong>S.</strong></span> <span class='ocrx_word' id='word_1_165' title='bbox 1019 2604 1231 2677; x_wconf 82' lang='lat' dir='ltr'><strong>Emmeram</strong></span> <span class='ocrx_word' id='word_1_166' title='bbox 1257 2630 1302 2677; x_wconf 84' lang='lat' dir='ltr'><strong>zu</strong></span> <span class='ocrx_word' id='word_1_167' title='bbox 1325 2604 1566 2704; x_wconf 68' lang='lat' dir='ltr'><strong>Regiensburp,</strong></span> <span class='ocrx_word' id='word_1_168' title='bbox 1594 2604 1653 2678; x_wconf 87' lang='lat' dir='ltr'><strong>die</strong></span> <span class='ocrx_word' id='word_1_169' title='bbox 1681 2601 1790 2680; x_wconf 81' lang='lat' dir='ltr'><strong>Sosso</strong></span> <span class='ocrx_word' id='word_1_170' title='bbox 1817 2606 1906 2679; x_wconf 82' lang='lat' dir='ltr'><strong>voll-</strong></span> 
     </span>
     <span class='ocr_line' id='line_1_19' title="bbox 250 2726 1857 2812; baseline -0.007 -11"><span class='ocrx_word' id='word_1_171' title='bbox 250 2726 349 2801; x_wconf 77' lang='lat' dir='ltr'><strong>ziett.</strong></span> <span class='ocrx_word' id='word_1_172' title='bbox 1538 2781 1583 2790; x_wconf 79' lang='grc'><strong>.-</strong></span> <span class='ocrx_word' id='word_1_173' title='bbox 1628 2782 1672 2791; x_wconf 86' lang='grc'><strong>..</strong></span> <span class='ocrx_word' id='word_1_174' title='bbox 1717 2780 1761 2791; x_wconf 85' lang='grc'><strong>..</strong></span> <span class='ocrx_word' id='word_1_175' title='bbox 1806 2782 1857 2812; x_wconf 49' lang='lat'><strong>..‚</strong></span> 
     </span>
    </p>
   </div>
   <div class='ocr_carea' id='block_1_6' title="bbox 205 2920 1905 3106">
    <p class='ocr_par' dir='ltr' id='par_1_8' title="bbox 205 2920 1905 3106">
     <span class='ocr_line' id='line_1_20' title="bbox 361 2920 1905 3010; baseline -0.003 -17"><span class='ocrx_word' id='word_1_176' title='bbox 361 2933 600 2993; x_wconf 76' lang='lat' dir='ltr'><strong>Traditionsbacb</strong></span> <span class='ocrx_word' id='word_1_177' title='bbox 629 2952 685 2993; x_wconf 78' lang='lat' dir='ltr'><strong>von</strong></span> <span class='ocrx_word' id='word_1_178' title='bbox 708 2931 738 2992; x_wconf 85' lang='lat' dir='ltr'><strong>S.</strong></span> <span class='ocrx_word' id='word_1_179' title='bbox 759 2932 926 2991; x_wconf 59' lang='lat' dir='ltr'><strong>Memnoni</strong></span> <span class='ocrx_word' id='word_1_180' title='bbox 948 2931 1008 2991; x_wconf 85' lang='lat' dir='ltr'><strong>cod.</strong></span> <span class='ocrx_word' id='word_1_181' title='bbox 1025 2920 1087 3010; x_wconf 66' lang='lat' dir='ltr'><strong>5¹l2</strong></span> <span class='ocrx_word' id='word_1_182' title='bbox 1114 2933 1139 3002; x_wconf 78' lang='lat' dir='ltr'><strong>f.</strong></span> <span class='ocrx_word' id='word_1_183' title='bbox 1156 2933 1206 3001; x_wconf 87' lang='lat'><strong>60,</strong></span> <span class='ocrx_word' id='word_1_184' title='bbox 1229 2929 1414 3005; x_wconf 69' lang='lat' dir='ltr'><strong>Eintruquaq</strong></span> <span class='ocrx_word' id='word_1_185' title='bbox 1436 2946 1489 2988; x_wconf 77' lang='lat' dir='ltr'><strong>auo</strong></span> <span class='ocrx_word' id='word_1_186' title='bbox 1517 2930 1569 2989; x_wconf 76' lang='lat' dir='ltr'><strong>der</strong></span> <span class='ocrx_word' id='word_1_187' title='bbox 1591 2929 1748 2989; x_wconf 74' lang='lat' dir='ltr'><strong>Miltodes</strong></span> <span class='ocrx_word' id='word_1_188' title='bbox 1771 2931 1818 2989; x_wconf 88' lang='lat'><strong>11.</strong></span> <span class='ocrx_word' id='word_1_189' title='bbox 1835 2930 1863 2989; x_wconf 91' lang='lat' dir='ltr'><strong><em>J</em></strong></span> <span class='ocrx_word' id='word_1_190' title='bbox 1863 2930 1905 3000; x_wconf 72' lang='lat' dir='ltr'><strong>la,</strong></span> 
     </span>
     <span class='ocr_line' id='line_1_21' title="bbox 205 3037 983 3106; baseline 0.001 -9"><span class='ocrx_word' id='word_1_191' title='bbox 205 3057 233 3097; x_wconf 74' lang='lat' dir='ltr'><strong>so</strong></span> <span class='ocrx_word' id='word_1_192' title='bbox 357 3041 398 3101; x_wconf 83' lang='lat' dir='ltr'><strong>im</strong></span> <span class='ocrx_word' id='word_1_193' title='bbox 420 3042 448 3100; x_wconf 73' lang='lat' dir='ltr'><strong>k.</strong></span> <span class='ocrx_word' id='word_1_194' title='bbox 466 3040 672 3100; x_wconf 73' lang='lat' dir='ltr'><strong>Reichsorcltiv</strong></span> <span class='ocrx_word' id='word_1_195' title='bbox 693 3057 728 3100; x_wconf 78' lang='lat' dir='ltr'><strong>za</strong></span> <span class='ocrx_word' id='word_1_196' title='bbox 751 3039 894 3098; x_wconf 65' lang='lat' dir='ltr'><strong>Mancino</strong></span> <span class='ocrx_word' id='word_1_197' title='bbox 918 3037 983 3106; x_wconf 81' lang='lat'><strong><em>(0).</em></strong></span> 
     </span>
    </p>
   </div>
   <div class='ocr_carea' id='block_1_7' title="bbox 357 3178 1694 3254">
    <p class='ocr_par' dir='ltr' id='par_1_9' title="bbox 357 3178 1694 3254">
     <span class='ocr_line' id='line_1_22' title="bbox 357 3178 1694 3254; baseline -0.003 -12"><span class='ocrx_word' id='word_1_198' title='bbox 357 3182 417 3242; x_wconf 82' lang='lat' dir='ltr'><strong>Pez</strong></span> <span class='ocrx_word' id='word_1_199' title='bbox 441 3183 524 3242; x_wconf 75' lang='lat' dir='ltr'><strong>Thes.</strong></span> <span class='ocrx_word' id='word_1_200' title='bbox 541 3183 581 3254; x_wconf 76' lang='lat'><strong>1⁶,</strong></span> <span class='ocrx_word' id='word_1_201' title='bbox 597 3184 659 3243; x_wconf 85' lang='lat'><strong>120</strong></span> <span class='ocrx_word' id='word_1_202' title='bbox 680 3200 733 3241; x_wconf 74' lang='lat' dir='ltr'><strong>asso</strong></span> <span class='ocrx_word' id='word_1_203' title='bbox 757 3179 783 3241; x_wconf 81' lang='lat'><em>0</em></span> <span class='ocrx_word' id='word_1_204' title='bbox 803 3201 847 3229; x_wconf 91' lang='lat'><strong>=</strong></span> <span class='ocrx_word' id='word_1_205' title='bbox 869 3181 1023 3239; x_wconf 77' lang='lat' dir='ltr'><strong>Heumann</strong></span> <span class='ocrx_word' id='word_1_206' title='bbox 1049 3178 1156 3239; x_wconf 83' lang='lat' dir='ltr'><strong>Gomm.</strong></span> <span class='ocrx_word' id='word_1_207' title='bbox 1179 3181 1215 3240; x_wconf 83' lang='lat' dir='ltr'><strong>de</strong></span> <span class='ocrx_word' id='word_1_208' title='bbox 1236 3199 1269 3239; x_wconf 85' lang='lat' dir='ltr'><strong>re</strong></span> <span class='ocrx_word' id='word_1_209' title='bbox 1290 3179 1362 3254; x_wconf 79' lang='lat' dir='ltr'><strong>dipl.</strong></span> <span class='ocrx_word' id='word_1_210' title='bbox 1386 3180 1604 3254; x_wconf 72' lang='lat' dir='ltr'><strong>imperatricum</strong></span> <span class='ocrx_word' id='word_1_211' title='bbox 1627 3180 1694 3239; x_wconf 86' lang='lat'><strong><em>151.</em></strong></span> 
     </span>
    </p>
   </div>
   <div class='ocr_carea' id='block_1_8' title="bbox 357 3321 1906 3934">
    <p class='ocr_par' dir='ltr' id='par_1_10' title="bbox 357 3321 1906 3934">
     <span class='ocr_line' id='line_1_23' title="bbox 357 3321 1903 3397; baseline -0.003 -12"><span class='ocrx_word' id='word_1_212' title='bbox 357 3326 416 3385; x_wconf 82' lang='lat' dir='ltr'><strong>Abt</strong></span> <span class='ocrx_word' id='word_1_213' title='bbox 431 3325 588 3384; x_wconf 77' lang='lat' dir='ltr'><strong>Burcbard</strong></span> <span class='ocrx_word' id='word_1_214' title='bbox 610 3343 665 3383; x_wconf 83' lang='lat' dir='ltr'><strong>von</strong></span> <span class='ocrx_word' id='word_1_215' title='bbox 681 3322 711 3383; x_wconf 86' lang='lat' dir='ltr'><strong>S.</strong></span> <span class='ocrx_word' id='word_1_216' title='bbox 725 3323 903 3394; x_wconf 72' lang='lat' dir='ltr'><strong>Rosciorum,</strong></span> <span class='ocrx_word' id='word_1_217' title='bbox 922 3323 955 3382; x_wconf 80' lang='lat' dir='ltr'><strong>io</strong></span> <span class='ocrx_word' id='word_1_218' title='bbox 973 3323 1069 3382; x_wconf 72' lang='lat' dir='ltr'><strong>dassen</strong></span> <span class='ocrx_word' id='word_1_219' title='bbox 1085 3323 1149 3381; x_wconf 86' lang='lat' dir='ltr'><strong>Zeit</strong></span> <span class='ocrx_word' id='word_1_220' title='bbox 1167 3323 1215 3382; x_wconf 82' lang='lat' dir='ltr'><strong>die</strong></span> <span class='ocrx_word' id='word_1_221' title='bbox 1233 3322 1388 3381; x_wconf 82' lang='lat' dir='ltr'><strong>Traditiou</strong></span> <span class='ocrx_word' id='word_1_222' title='bbox 1407 3323 1487 3394; x_wconf 78' lang='lat' dir='ltr'><strong>fdllt,</strong></span> <span class='ocrx_word' id='word_1_223' title='bbox 1510 3341 1574 3381; x_wconf 89' lang='lat' dir='ltr'><strong>war</strong></span> <span class='ocrx_word' id='word_1_224' title='bbox 1593 3323 1671 3382; x_wconf 84' lang='lat'><em>1030</em></span> <span class='ocrx_word' id='word_1_225' title='bbox 1689 3327 1812 3382; x_wconf 65' lang='lat' dir='ltr'><strong>ernam</strong></span> <span class='ocrx_word' id='word_1_226' title='bbox 1833 3321 1903 3397; x_wconf 70' lang='lat' dir='ltr'><strong>(ool.</strong></span> 
     </span>
     <span class='ocr_line' id='line_1_24' title="bbox 359 3428 1906 3503; baseline -0.002 -12"><span class='ocrx_word' id='word_1_227' title='bbox 359 3432 498 3491; x_wconf 78' lang='lat' dir='ltr'><strong>Bresslsu</strong></span> <span class='ocrx_word' id='word_1_228' title='bbox 520 3431 626 3492; x_wconf 63' lang='lat' dir='ltr'><strong>Jahrb.</strong></span> <span class='ocrx_word' id='word_1_229' title='bbox 646 3431 786 3489; x_wconf 79' lang='lat' dir='ltr'><strong>Koarads</strong></span> <span class='ocrx_word' id='word_1_230' title='bbox 800 3428 847 3489; x_wconf 91' lang='lat' dir='ltr'><strong>II.</strong></span> <span class='ocrx_word' id='word_1_231' title='bbox 866 3432 899 3500; x_wconf 84' lang='lat'><strong>2,</strong></span> <span class='ocrx_word' id='word_1_232' title='bbox 914 3431 976 3489; x_wconf 84' lang='lat'><strong>237</strong></span> <span class='ocrx_word' id='word_1_233' title='bbox 993 3430 1033 3489; x_wconf 91' lang='lat' dir='ltr'><strong>N.</strong></span> <span class='ocrx_word' id='word_1_234' title='bbox 1051 3431 1103 3503; x_wconf 87' lang='lat'><strong>3),·</strong></span> <span class='ocrx_word' id='word_1_235' title='bbox 1124 3430 1171 3489; x_wconf 85' lang='lat' dir='ltr'><strong>die</strong></span> <span class='ocrx_word' id='word_1_236' title='bbox 1188 3429 1331 3489; x_wconf 78' lang='lat' dir='ltr'><strong>Kaiserin</strong></span> <span class='ocrx_word' id='word_1_237' title='bbox 1353 3430 1433 3489; x_wconf 81' lang='lat' dir='ltr'><strong>starb</strong></span> <span class='ocrx_word' id='word_1_238' title='bbox 1457 3448 1505 3489; x_wconf 85' lang='lat' dir='ltr'><strong>am</strong></span> <span class='ocrx_word' id='word_1_239' title='bbox 1527 3431 1555 3489; x_wconf 84' lang='lat'><strong>3.</strong></span> <span class='ocrx_word' id='word_1_240' title='bbox 1572 3429 1661 3489; x_wconf 62' lang='lat' dir='ltr'><strong>Mers</strong></span> <span class='ocrx_word' id='word_1_241' title='bbox 1684 3431 1762 3489; x_wconf 85' lang='lat'><strong><em>1033</em></strong></span> <span class='ocrx_word' id='word_1_242' title='bbox 1787 3429 1906 3496; x_wconf 82' lang='lat' dir='ltr'><strong>(ebendu</strong></span> 
     </span>
     <span class='ocr_line' id='line_1_25' title="bbox 357 3536 1905 3612; baseline -0.002 -14"><span class='ocrx_word' id='word_1_243' title='bbox 357 3541 390 3609; x_wconf 84' lang='lat'><strong>2,</strong></span> <span class='ocrx_word' id='word_1_244' title='bbox 406 3540 445 3597; x_wconf 86' lang='lat'><strong>79</strong></span> <span class='ocrx_word' id='word_1_245' title='bbox 467 3539 507 3598; x_wconf 87' lang='lat' dir='ltr'><strong>N.</strong></span> <span class='ocrx_word' id='word_1_246' title='bbox 523 3540 560 3606; x_wconf 85' lang='lat'><strong>2)</strong></span> <span class='ocrx_word' id='word_1_247' title='bbox 566 3561 578 3611; x_wconf 89' lang='lat'><em>;</em></span> <span class='ocrx_word' id='word_1_248' title='bbox 600 3538 750 3596; x_wconf 72' lang='lat' dir='ltr'><strong>innerhdb</strong></span> <span class='ocrx_word' id='word_1_249' title='bbox 772 3537 866 3596; x_wconf 63' lang='lat' dir='ltr'><strong>duser</strong></span> <span class='ocrx_word' id='word_1_250' title='bbox 883 3537 1066 3611; x_wconf 71' lang='lat' dir='ltr'><strong>Zeitoreuzea</strong></span> <span class='ocrx_word' id='word_1_251' title='bbox 1088 3537 1127 3595; x_wconf 76' lang='lat' dir='ltr'><strong>ist</strong></span> <span class='ocrx_word' id='word_1_252' title='bbox 1149 3536 1196 3595; x_wconf 84' lang='lat' dir='ltr'><strong>die</strong></span> <span class='ocrx_word' id='word_1_253' title='bbox 1216 3536 1373 3597; x_wconf 80' lang='lat' dir='ltr'><strong>Traditioa</strong></span> <span class='ocrx_word' id='word_1_254' title='bbox 1394 3538 1545 3612; x_wconf 73' lang='lat' dir='ltr'><strong>vollzopen.</strong></span> <span class='ocrx_word' id='word_1_255' title='bbox 1566 3566 1610 3577; x_wconf 87' lang='lat'>-</span> <span class='ocrx_word' id='word_1_256' title='bbox 1629 3536 1705 3595; x_wconf 66' lang='lat' dir='ltr'><strong>Eine</strong></span> <span class='ocrx_word' id='word_1_257' title='bbox 1726 3537 1905 3595; x_wconf 80' lang='lat' dir='ltr'><strong>Traditioos·</strong></span> 
     </span>
     <span class='ocr_line' id='line_1_26' title="bbox 357 3641 1903 3719; baseline -0.003 -15"><span class='ocrx_word' id='word_1_258' title='bbox 357 3645 488 3704; x_wconf 80' lang='lat' dir='ltr'><strong>arkande</strong></span> <span class='ocrx_word' id='word_1_259' title='bbox 516 3645 586 3704; x_wconf 74' lang='lat' dir='ltr'><strong>iiber</strong></span> <span class='ocrx_word' id='word_1_260' title='bbox 607 3645 661 3704; x_wconf 79' lang='lat' dir='ltr'><strong>dus</strong></span> <span class='ocrx_word' id='word_1_261' title='bbox 685 3644 745 3703; x_wconf 73' lang='lat' dir='ltr'><strong>Get</strong></span> <span class='ocrx_word' id='word_1_262' title='bbox 771 3644 949 3714; x_wconf 80' lang='lat' dir='ltr'><strong>Tettimoicls,</strong></span> <span class='ocrx_word' id='word_1_263' title='bbox 980 3644 1095 3702; x_wconf 73' lang='lat' dir='ltr'><strong>welches</strong></span> <span class='ocrx_word' id='word_1_264' title='bbox 1117 3643 1293 3719; x_wconf 75' lang='lat' dir='ltr'><strong>Kuuipande</strong></span> <span class='ocrx_word' id='word_1_265' title='bbox 1321 3646 1394 3704; x_wconf 76' lang='lat' dir='ltr'><strong>nach</strong></span> <span class='ocrx_word' id='word_1_266' title='bbox 1416 3645 1545 3719; x_wconf 76' lang='lat' dir='ltr'><strong>Aussape</strong></span> <span class='ocrx_word' id='word_1_267' title='bbox 1566 3644 1615 3703; x_wconf 81' lang='lat' dir='ltr'><strong>des</strong></span> <span class='ocrx_word' id='word_1_268' title='bbox 1637 3642 1678 3702; x_wconf 90' lang='lat' dir='ltr'><strong>D.</strong></span> <span class='ocrx_word' id='word_1_269' title='bbox 1703 3643 1843 3702; x_wconf 74' lang='lat' dir='ltr'><strong>Koarads</strong></span> <span class='ocrx_word' id='word_1_270' title='bbox 1857 3641 1903 3701; x_wconf 90' lang='lat' dir='ltr'><strong>II.</strong></span> 
     </span>
     <span class='ocr_line' id='line_1_27' title="bbox 359 3748 1906 3828; baseline -0.003 -16"><span class='ocrx_word' id='word_1_271' title='bbox 359 3751 483 3827; x_wconf 76' lang='lat' dir='ltr'><strong>Stampf</strong></span> <span class='ocrx_word' id='word_1_272' title='bbox 495 3751 568 3826; x_wconf 73' lang='lat' dir='ltr'><strong>Req.</strong></span> <span class='ocrx_word' id='word_1_273' title='bbox 584 3752 676 3821; x_wconf 74' lang='lat'><strong>2040,</strong></span> <span class='ocrx_word' id='word_1_274' title='bbox 700 3752 827 3828; x_wconf 88' lang='lat' dir='ltr'><strong>quando</strong></span> <span class='ocrx_word' id='word_1_275' title='bbox 845 3752 1017 3809; x_wconf 87' lang='lat' dir='ltr'><strong>novissime</strong></span> <span class='ocrx_word' id='word_1_276' title='bbox 1034 3752 1095 3809; x_wconf 90' lang='lat' dir='ltr'><strong>hac</strong></span> <span class='ocrx_word' id='word_1_277' title='bbox 1112 3753 1251 3826; x_wconf 83' lang='lat' dir='ltr'><strong>presenti</strong></span> <span class='ocrx_word' id='word_1_278' title='bbox 1269 3753 1370 3827; x_wconf 88' lang='lat' dir='ltr'><strong>potita</strong></span> <span class='ocrx_word' id='word_1_279' title='bbox 1389 3756 1439 3810; x_wconf 86' lang='lat' dir='ltr'><strong>est</strong></span> <span class='ocrx_word' id='word_1_280' title='bbox 1457 3753 1537 3820; x_wconf 90' lang='lat' dir='ltr'><strong>lnce,</strong></span> <span class='ocrx_word' id='word_1_281' title='bbox 1560 3751 1623 3809; x_wconf 78' lang='lat' dir='ltr'><strong>dem</strong></span> <span class='ocrx_word' id='word_1_282' title='bbox 1638 3750 1758 3809; x_wconf 82' lang='lat' dir='ltr'><strong>Kloster</strong></span> <span class='ocrx_word' id='word_1_283' title='bbox 1776 3748 1807 3809; x_wconf 80' lang='lat' dir='ltr'><strong>S.</strong></span> <span class='ocrx_word' id='word_1_284' title='bbox 1824 3750 1906 3819; x_wconf 79' lang='lat' dir='ltr'><strong>Afra</strong></span> 
     </span>
     <span class='ocr_line' id='line_1_28' title="bbox 358 3858 1449 3934; baseline -0.001 -16"><span class='ocrx_word' id='word_1_285' title='bbox 358 3877 394 3918; x_wconf 78' lang='lat' dir='ltr'><strong>zu</strong></span> <span class='ocrx_word' id='word_1_286' title='bbox 416 3859 568 3934; x_wconf 72' lang='lat' dir='ltr'><strong>Aupsbury</strong></span> <span class='ocrx_word' id='word_1_287' title='bbox 589 3858 736 3934; x_wconf 72' lang='lat' dir='ltr'><strong>yescbenkt</strong></span> <span class='ocrx_word' id='word_1_288' title='bbox 758 3858 818 3928; x_wconf 79' lang='lat' dir='ltr'><strong>bot,</strong></span> <span class='ocrx_word' id='word_1_289' title='bbox 841 3858 881 3916; x_wconf 77' lang='lat' dir='ltr'><strong>ist</strong></span> <span class='ocrx_word' id='word_1_290' title='bbox 904 3858 998 3916; x_wconf 74' lang='lat' dir='ltr'><strong>disier</strong></span> <span class='ocrx_word' id='word_1_291' title='bbox 1020 3858 1099 3916; x_wconf 78' lang='lat' dir='ltr'><strong>nieht</strong></span> <span class='ocrx_word' id='word_1_292' title='bbox 1119 3875 1155 3916; x_wconf 79' lang='lat' dir='ltr'><strong>zu</strong></span> <span class='ocrx_word' id='word_1_293' title='bbox 1182 3858 1258 3932; x_wconf 76' lang='lat' dir='ltr'><strong>Taye</strong></span> <span class='ocrx_word' id='word_1_294' title='bbox 1278 3858 1449 3932; x_wconf 74' lang='lat' dir='ltr'><strong>qelcovnmcn.</strong></span> 
     </span>
    </p>
   </div>
   <div class='ocr_carea' id='block_1_9' title="bbox 208 4024 1907 4756">
    <p class='ocr_par' dir='ltr' id='par_1_11' title="bbox 208 4024 1907 4756">
     <span class='ocr_line' id='line_1_29' title="bbox 360 4024 1907 4113; baseline -0.002 -21"><span class='ocrx_word' id='word_1_295' title='bbox 360 4028 479 4093; x_wconf 84' lang='lat' dir='ltr'><strong>Notum</strong></span> <span class='ocrx_word' id='word_1_296' title='bbox 503 4028 545 4092; x_wconf 89' lang='lat' dir='ltr'><strong>sit</strong></span> <span class='ocrx_word' id='word_1_297' title='bbox 567 4024 794 4113; x_wconf 87' lang='lat' dir='ltr'><strong>praesentibus</strong></span> <span class='ocrx_word' id='word_1_298' title='bbox 822 4038 920 4111; x_wconf 87' lang='lat' dir='ltr'><strong>atque</strong></span> <span class='ocrx_word' id='word_1_299' title='bbox 944 4024 1070 4107; x_wconf 87' lang='lat' dir='ltr'><strong>futuris,</strong></span> <span class='ocrx_word' id='word_1_300' title='bbox 1102 4025 1242 4112; x_wconf 82' lang='lat' dir='ltr'><strong>qualiter</strong></span> <span class='ocrx_word' id='word_1_301' title='bbox 1270 4026 1463 4112; x_wconf 89' lang='lat' dir='ltr'><strong>imperatrix</strong></span> <span class='ocrx_word' id='word_1_302' title='bbox 1487 4024 1677 4111; x_wconf 83' lang='lat' dir='ltr'><strong>Chunigunt</strong></span> <span class='ocrx_word' id='word_1_303' title='bbox 1707 4048 1780 4090; x_wconf 88' lang='lat' dir='ltr'><strong>eum</strong></span> <span class='ocrx_word' id='word_1_304' title='bbox 1808 4048 1907 4089; x_wconf 89' lang='lat' dir='ltr'><strong>manu</strong></span> 
     </span>
     <span class='ocr_line' id='line_1_30' title="bbox 254 4131 1906 4200; baseline -0.002 0"><span class='ocrx_word' id='word_1_305' title='bbox 254 4136 475 4200; x_wconf 80' lang='lat' dir='ltr'><strong>advocationi</strong></span> <span class='ocrx_word' id='word_1_306' title='bbox 492 4133 629 4198; x_wconf 88' lang='lat' dir='ltr'><strong>Keroldi</strong></span> <span class='ocrx_word' id='word_1_307' title='bbox 649 4134 776 4198; x_wconf 89' lang='lat' dir='ltr'><strong>comitis</strong></span> <span class='ocrx_word' id='word_1_308' title='bbox 795 4133 932 4197; x_wconf 86' lang='lat' dir='ltr'><strong>tradidit</strong></span> <span class='ocrx_word' id='word_1_309' title='bbox 948 4133 982 4195; x_wconf 93' lang='lat' dir='ltr'><strong>in</strong></span> <span class='ocrx_word' id='word_1_310' title='bbox 1001 4155 1133 4196; x_wconf 91' lang='lat' dir='ltr'><strong>manum</strong></span> <span class='ocrx_word' id='word_1_311' title='bbox 1153 4131 1304 4197; x_wconf 90' lang='lat' dir='ltr'><strong>Sassonis</strong></span> <span class='ocrx_word' id='word_1_312' title='bbox 1323 4132 1543 4197; x_wconf 88' lang='lat' dir='ltr'><strong>ministerialis</strong></span> <span class='ocrx_word' id='word_1_313' title='bbox 1566 4134 1617 4197; x_wconf 91' lang='lat' dir='ltr'><strong>sui</strong></span> <span class='ocrx_word' id='word_1_314' title='bbox 1640 4132 1795 4196; x_wconf 85' lang='lat' dir='ltr'><strong>famulam</strong></span> <span class='ocrx_word' id='word_1_315' title='bbox 1814 4155 1906 4196; x_wconf 90' lang='lat' dir='ltr'><strong>suam</strong></span> 
     </span>
     <span class='ocr_line' id='line_1_31' title="bbox 208 4237 1905 4325; baseline -0.002 -20"><span class='ocrx_word' id='word_1_316' title='bbox 208 4264 236 4305; x_wconf 77' lang='lat' dir='ltr'><strong>so</strong></span> <span class='ocrx_word' id='word_1_317' title='bbox 254 4243 384 4306; x_wconf 89' lang='lat' dir='ltr'><strong>nomine</strong></span> <span class='ocrx_word' id='word_1_318' title='bbox 403 4240 603 4323; x_wconf 88' lang='lat' dir='ltr'><strong>Pechildam,</strong></span> <span class='ocrx_word' id='word_1_319' title='bbox 628 4251 663 4306; x_wconf 94' lang='lat' dir='ltr'><strong>ut</strong></span> <span class='ocrx_word' id='word_1_320' title='bbox 685 4240 828 4305; x_wconf 87' lang='lat' dir='ltr'><strong>traderet</strong></span> <span class='ocrx_word' id='word_1_321' title='bbox 851 4239 894 4303; x_wconf 90' lang='lat' dir='ltr'><strong>ad</strong></span> <span class='ocrx_word' id='word_1_322' title='bbox 917 4250 1065 4303; x_wconf 90' lang='lat' dir='ltr'><strong>sanctum</strong></span> <span class='ocrx_word' id='word_1_323' title='bbox 1089 4238 1143 4303; x_wconf 90' lang='lat' dir='ltr'><strong>dei</strong></span> <span class='ocrx_word' id='word_1_324' title='bbox 1165 4250 1343 4325; x_wconf 88' lang='lat' dir='ltr'><strong>martyrem</strong></span> <span class='ocrx_word' id='word_1_325' title='bbox 1361 4238 1638 4304; x_wconf 85' lang='lat' dir='ltr'><strong>Emmerammum</strong></span> <span class='ocrx_word' id='word_1_326' title='bbox 1662 4237 1722 4303; x_wconf 91' lang='lat' dir='ltr'><strong>sub</strong></span> <span class='ocrx_word' id='word_1_327' title='bbox 1743 4250 1804 4304; x_wconf 79' lang='lat' dir='ltr'><strong>eo⁸</strong></span> <span class='ocrx_word' id='word_1_328' title='bbox 1824 4241 1905 4321; x_wconf 89' lang='lat' dir='ltr'><strong>iure,</strong></span> 
     </span>
     <span class='ocr_line' id='line_1_32' title="bbox 255 4344 1906 4436; baseline -0.002 -22"><span class='ocrx_word' id='word_1_329' title='bbox 255 4359 342 4436; x_wconf 84' lang='lat' dir='ltr'><strong>quo⁸</strong></span> <span class='ocrx_word' id='word_1_330' title='bbox 365 4347 427 4412; x_wconf 91' lang='lat' dir='ltr'><strong>sibi</strong></span> <span class='ocrx_word' id='word_1_331' title='bbox 452 4350 598 4430; x_wconf 84' lang='lat' dir='ltr'><strong>serviret,</strong></span> <span class='ocrx_word' id='word_1_332' title='bbox 624 4348 672 4411; x_wconf 90' lang='lat' dir='ltr'><strong>his</strong></span> <span class='ocrx_word' id='word_1_333' title='bbox 696 4346 832 4412; x_wconf 90' lang='lat' dir='ltr'><strong>testibus</strong></span> <span class='ocrx_word' id='word_1_334' title='bbox 856 4369 915 4433; x_wconf 89' lang='lat' dir='ltr'><strong>per</strong></span> <span class='ocrx_word' id='word_1_335' title='bbox 937 4346 1055 4410; x_wconf 65' lang='lat' dir='ltr'><strong>auresb</strong></span> <span class='ocrx_word' id='word_1_336' title='bbox 1080 4348 1207 4410; x_wconf 87' lang='lat' dir='ltr'><strong>tractis:</strong></span> <span class='ocrx_word' id='word_1_337' title='bbox 1233 4344 1406 4433; x_wconf 85' lang='lat' dir='ltr'><strong>Oozprcht,</strong></span> <span class='ocrx_word' id='word_1_338' title='bbox 1430 4345 1608 4432; x_wconf 83' lang='lat' dir='ltr'><strong>Adalpero.</strong></span> <span class='ocrx_word' id='word_1_339' title='bbox 1656 4346 1763 4433; x_wconf 84' lang='lat' dir='ltr'><strong>Supra</strong></span> <span class='ocrx_word' id='word_1_340' title='bbox 1786 4346 1906 4411; x_wconf 88' lang='lat' dir='ltr'><strong>dictus-</strong></span> 
     </span>
     <span class='ocr_line' id='line_1_33' title="bbox 255 4452 1907 4544; baseline -0.001 -25"><span class='ocrx_word' id='word_1_341' title='bbox 255 4478 318 4542; x_wconf 90' lang='lat' dir='ltr'><strong>que</strong></span> <span class='ocrx_word' id='word_1_342' title='bbox 343 4455 441 4521; x_wconf 86' lang='lat' dir='ltr'><strong>Sasso</strong></span> <span class='ocrx_word' id='word_1_343' title='bbox 471 4455 603 4544; x_wconf 69' lang='lat' dir='ltr'><strong>domine</strong></span> <span class='ocrx_word' id='word_1_344' title='bbox 630 4477 687 4543; x_wconf 71' lang='lat' dir='ltr'><strong>sue</strong></span> <span class='ocrx_word' id='word_1_345' title='bbox 718 4454 808 4517; x_wconf 88' lang='lat' dir='ltr'><strong>iussa</strong></span> <span class='ocrx_word' id='word_1_346' title='bbox 837 4452 1023 4539; x_wconf 88' lang='lat' dir='ltr'><strong>complevit,</strong></span> <span class='ocrx_word' id='word_1_347' title='bbox 1054 4452 1209 4517; x_wconf 81' lang='lat' dir='ltr'><strong>tradiditc</strong></span> <span class='ocrx_word' id='word_1_348' title='bbox 1234 4452 1277 4516; x_wconf 89' lang='lat' dir='ltr'><strong>ad</strong></span> <span class='ocrx_word' id='word_1_349' title='bbox 1307 4476 1406 4539; x_wconf 88' lang='lat' dir='ltr'><strong>supra</strong></span> <span class='ocrx_word' id='word_1_350' title='bbox 1436 4453 1560 4518; x_wconf 89' lang='lat' dir='ltr'><strong>dictum</strong></span> <span class='ocrx_word' id='word_1_351' title='bbox 1591 4452 1644 4518; x_wconf 91' lang='lat' dir='ltr'><strong>dei</strong></span> <span class='ocrx_word' id='word_1_352' title='bbox 1674 4464 1849 4540; x_wconf 84' lang='lat' dir='ltr'><strong>martyrem</strong></span> <span class='ocrx_word' id='word_1_353' title='bbox 1873 4454 1907 4518; x_wconf 90' lang='lat' dir='ltr'><strong>in</strong></span> 
     </span>
     <span class='ocr_line' id='line_1_34' title="bbox 254 4557 1907 4647; baseline -0.001 -20"><span class='ocrx_word' id='word_1_354' title='bbox 254 4586 385 4627; x_wconf 91' lang='lat' dir='ltr'><strong>manum</strong></span> <span class='ocrx_word' id='word_1_355' title='bbox 409 4561 590 4626; x_wconf 89' lang='lat' dir='ltr'><strong>Purchardi</strong></span> <span class='ocrx_word' id='word_1_356' title='bbox 621 4559 749 4625; x_wconf 85' lang='lat' dir='ltr'><strong>abbatis</strong></span> <span class='ocrx_word' id='word_1_357' title='bbox 774 4573 807 4625; x_wconf 90' lang='lat' dir='ltr'><strong>et</strong></span> <span class='ocrx_word' id='word_1_358' title='bbox 829 4559 980 4625; x_wconf 91' lang='lat' dir='ltr'><strong>advocati</strong></span> <span class='ocrx_word' id='word_1_359' title='bbox 1007 4561 1057 4625; x_wconf 91' lang='lat' dir='ltr'><strong>sui</strong></span> <span class='ocrx_word' id='word_1_360' title='bbox 1079 4559 1297 4646; x_wconf 73' lang='lat' dir='ltr'><strong>Magononis&lt;¹</strong></span> <span class='ocrx_word' id='word_1_361' title='bbox 1320 4557 1381 4625; x_wconf 93' lang='lat' dir='ltr'><strong>sub</strong></span> <span class='ocrx_word' id='word_1_362' title='bbox 1406 4583 1446 4624; x_wconf 88' lang='lat' dir='ltr'><strong>ea</strong></span> <span class='ocrx_word' id='word_1_363' title='bbox 1468 4559 1552 4646; x_wconf 85' lang='lat' dir='ltr'><strong>lege,</strong></span> <span class='ocrx_word' id='word_1_364' title='bbox 1583 4584 1649 4647; x_wconf 92' lang='lat' dir='ltr'><strong>qua</strong></span> <span class='ocrx_word' id='word_1_365' title='bbox 1671 4560 1907 4647; x_wconf 85' lang='lat' dir='ltr'><strong>praediximus.</strong></span> 
     </span>
     <span class='ocr_line' id='line_1_35' title="bbox 255 4667 1102 4756; baseline -0.002 -23"><span class='ocrx_word' id='word_1_366' title='bbox 255 4668 387 4733; x_wconf 84' lang='lat' dir='ltr'><strong>Testes:</strong></span> <span class='ocrx_word' id='word_1_367' title='bbox 412 4667 603 4756; x_wconf 82' lang='lat' dir='ltr'><strong>Adalpreht,</strong></span> <span class='ocrx_word' id='word_1_368' title='bbox 626 4667 740 4750; x_wconf 85' lang='lat' dir='ltr'><strong>Aribo,</strong></span> <span class='ocrx_word' id='word_1_369' title='bbox 764 4667 947 4749; x_wconf 86' lang='lat' dir='ltr'><strong>Yrminfrit,</strong></span> <span class='ocrx_word' id='word_1_370' title='bbox 970 4667 1102 4731; x_wconf 86' lang='lat' dir='ltr'><strong>Ernust.</strong></span> 
     </span>
    </p>
   </div>
   <div class='ocr_carea' id='block_1_10' title="bbox 209 4863 1911 5594">
    <p class='ocr_par' dir='ltr' id='par_1_12' title="bbox 209 4863 1911 5594">
     <span class='ocr_line' id='line_1_36' title="bbox 209 4863 1908 4933; baseline -0.002 -14"><span class='ocrx_word' id='word_1_371' title='bbox 209 4885 237 4927; x_wconf 71' lang='lat' dir='ltr'><strong>us</strong></span> <span class='ocrx_word' id='word_1_372' title='bbox 361 4866 390 4923; x_wconf 79' lang='lat'><strong>8.</strong></span> <span class='ocrx_word' id='word_1_373' title='bbox 414 4866 444 4933; x_wconf 89' lang='lat' dir='ltr'><strong>h)</strong></span> <span class='ocrx_word' id='word_1_374' title='bbox 460 4867 550 4918; x_wconf 74' lang='lat' dir='ltr'><strong>linter</strong></span> <span class='ocrx_word' id='word_1_375' title='bbox 568 4865 591 4917; x_wconf 91' lang='lat' dir='ltr'><strong>it</strong></span> <span class='ocrx_word' id='word_1_376' title='bbox 608 4867 671 4919; x_wconf 56' lang='lat' dir='ltr'><strong>aad</strong></span> <span class='ocrx_word' id='word_1_377' title='bbox 688 4865 754 4917; x_wconf 78' lang='lat' dir='ltr'><strong>noch</strong></span> <span class='ocrx_word' id='word_1_378' title='bbox 772 4873 838 4917; x_wconf 68' lang='lat' dir='ltr'><strong>awo</strong></span> <span class='ocrx_word' id='word_1_379' title='bbox 858 4868 933 4917; x_wconf 84' lang='lat'><strong>6-7</strong></span> <span class='ocrx_word' id='word_1_380' title='bbox 951 4864 1117 4918; x_wconf 64' lang='lat' dir='ltr'><strong>suasam</strong></span> <span class='ocrx_word' id='word_1_381' title='bbox 1134 4863 1311 4931; x_wconf 73' lang='lat' dir='ltr'><strong>saepefallm,</strong></span> <span class='ocrx_word' id='word_1_382' title='bbox 1336 4863 1379 4915; x_wconf 76' lang='lat' dir='ltr'><strong>dis</strong></span> <span class='ocrx_word' id='word_1_383' title='bbox 1400 4866 1456 4916; x_wconf 67' lang='lat' dir='ltr'><strong>esth</strong></span> <span class='ocrx_word' id='word_1_384' title='bbox 1475 4864 1548 4915; x_wconf 69' lang='lat' dir='ltr'><strong>natat</strong></span> <span class='ocrx_word' id='word_1_385' title='bbox 1566 4864 1652 4916; x_wconf 57' lang='lat' dir='ltr'><strong>sicha</strong></span> <span class='ocrx_word' id='word_1_386' title='bbox 1669 4869 1802 4929; x_wconf 73' lang='lat' dir='ltr'><strong>erqdnzen</strong></span> <span class='ocrx_word' id='word_1_387' title='bbox 1821 4865 1908 4917; x_wconf 73' lang='lat' dir='ltr'><strong>loeson</strong></span> 
     </span>
     <span class='ocr_line' id='line_1_37' title="bbox 415 4934 1908 5006; baseline -0.001 -17"><span class='ocrx_word' id='word_1_388' title='bbox 415 4937 435 5006; x_wconf 86' lang='lat' dir='ltr'><strong>i)</strong></span> <span class='ocrx_word' id='word_1_389' title='bbox 450 4937 470 4989; x_wconf 74' lang='lat' dir='ltr'><strong>l</strong></span> <span class='ocrx_word' id='word_1_390' title='bbox 484 4938 669 5003; x_wconf 61' lang='lat' dir='ltr'><strong>„matrueles</strong></span> <span class='ocrx_word' id='word_1_391' title='bbox 686 4937 814 4989; x_wconf 79' lang='lat' dir='ltr'><strong>zwischen</strong></span> <span class='ocrx_word' id='word_1_392' title='bbox 833 4935 887 4989; x_wconf 91' lang='lat' dir='ltr'><strong>dici</strong></span> <span class='ocrx_word' id='word_1_393' title='bbox 906 4937 963 4987; x_wconf 80' lang='lat' dir='ltr'><strong>und</strong></span> <span class='ocrx_word' id='word_1_394' title='bbox 981 4935 1117 4988; x_wconf 86' lang='lat' dir='ltr'><strong>nominari</strong></span> <span class='ocrx_word' id='word_1_395' title='bbox 1135 4936 1271 5001; x_wconf 63' lang='lat' dir='ltr'><strong>sausseye</strong></span> <span class='ocrx_word' id='word_1_396' title='bbox 1360 4935 1390 5003; x_wconf 81' lang='lat' dir='ltr'><strong>k)</strong></span> <span class='ocrx_word' id='word_1_397' title='bbox 1411 4937 1462 4987; x_wconf 77' lang='lat' dir='ltr'><strong>den</strong></span> <span class='ocrx_word' id='word_1_398' title='bbox 1480 4934 1761 4987; x_wconf 69' lang='lat' dir='ltr'><strong>Raummssunem</strong></span> <span class='ocrx_word' id='word_1_399' title='bbox 1778 4936 1848 4987; x_wconf 72' lang='lat' dir='ltr'><strong>nach</strong></span> <span class='ocrx_word' id='word_1_400' title='bbox 1865 4952 1908 4988; x_wconf 79' lang='lat' dir='ltr'><strong>er·</strong></span> 
     </span>
     <span class='ocr_line' id='line_1_38' title="bbox 414 5006 1909 5076; baseline -0.001 -16"><span class='ocrx_word' id='word_1_401' title='bbox 414 5015 497 5075; x_wconf 66' lang='lat' dir='ltr'><strong>pand</strong></span> <span class='ocrx_word' id='word_1_402' title='bbox 568 5009 588 5076; x_wconf 90' lang='lat' dir='ltr'><strong>l)</strong></span> <span class='ocrx_word' id='word_1_403' title='bbox 607 5011 658 5061; x_wconf 77' lang='lat' dir='ltr'><strong>den</strong></span> <span class='ocrx_word' id='word_1_404' title='bbox 670 5009 953 5060; x_wconf 62' lang='lat' dir='ltr'><strong>Raumooehltltniasm</strong></span> <span class='ocrx_word' id='word_1_405' title='bbox 971 5007 1040 5059; x_wconf 73' lang='lat' dir='ltr'><strong>nocis</strong></span> <span class='ocrx_word' id='word_1_406' title='bbox 1059 5007 1156 5058; x_wconf 70' lang='lat' dir='ltr'><strong>kdants</strong></span> <span class='ocrx_word' id='word_1_407' title='bbox 1173 5007 1240 5059; x_wconf 73' lang='lat' dir='ltr'><strong>noch</strong></span> <span class='ocrx_word' id='word_1_408' title='bbox 1259 5008 1334 5058; x_wconf 76' lang='lat' dir='ltr'><strong>mehr</strong></span> <span class='ocrx_word' id='word_1_409' title='bbox 1353 5008 1522 5073; x_wconf 72' lang='lat' dir='ltr'><strong>uusqefallen</strong></span> <span class='ocrx_word' id='word_1_410' title='bbox 1539 5008 1605 5070; x_wconf 79' lang='lat' dir='ltr'><strong>sein,</strong></span> <span class='ocrx_word' id='word_1_411' title='bbox 1625 5006 1690 5059; x_wconf 78' lang='lat' dir='ltr'><strong>doch</strong></span> <span class='ocrx_word' id='word_1_412' title='bbox 1709 5006 1821 5058; x_wconf 57' lang='lat' dir='ltr'><strong>&amp;sucht</strong></span> <span class='ocrx_word' id='word_1_413' title='bbox 1840 5007 1909 5058; x_wconf 79' lang='lat' dir='ltr'><strong>dicae</strong></span> 
     </span>
     <span class='ocr_line' id='line_1_39' title="bbox 416 5078 1908 5145; baseline -0.001 -12"><span class='ocrx_word' id='word_1_414' title='bbox 416 5082 490 5133; x_wconf 79' lang='lat' dir='ltr'><strong>Zeile</strong></span> <span class='ocrx_word' id='word_1_415' title='bbox 506 5081 578 5132; x_wconf 70' lang='lat' dir='ltr'><strong>nicht</strong></span> <span class='ocrx_word' id='word_1_416' title='bbox 597 5080 638 5132; x_wconf 69' lang='lat' dir='ltr'><strong>heb</strong></span> <span class='ocrx_word' id='word_1_417' title='bbox 654 5097 715 5131; x_wconf 69' lang='lat' dir='ltr'><strong>tuin</strong></span> <span class='ocrx_word' id='word_1_418' title='bbox 735 5081 829 5132; x_wconf 77' lang='lat' dir='ltr'><strong>Raude</strong></span> <span class='ocrx_word' id='word_1_419' title='bbox 846 5080 960 5145; x_wconf 63' lang='lat' dir='ltr'><strong>pereutit</strong></span> <span class='ocrx_word' id='word_1_420' title='bbox 978 5095 1013 5129; x_wconf 79' lang='lat' dir='ltr'><strong>zu</strong></span> <span class='ocrx_word' id='word_1_421' title='bbox 1031 5078 1116 5129; x_wconf 74' lang='lat' dir='ltr'><strong>haben</strong></span> <span class='ocrx_word' id='word_1_422' title='bbox 1189 5082 1226 5141; x_wconf 90' lang='lat' dir='ltr'><strong>m)</strong></span> <span class='ocrx_word' id='word_1_423' title='bbox 1253 5094 1279 5129; x_wconf 76' lang='lat' dir='ltr'><strong>ea</strong></span> <span class='ocrx_word' id='word_1_424' title='bbox 1297 5079 1402 5130; x_wconf 69' lang='lat' dir='ltr'><strong>konnen</strong></span> <span class='ocrx_word' id='word_1_425' title='bbox 1420 5085 1485 5129; x_wconf 64' lang='lat' dir='ltr'><strong>awo</strong></span> <span class='ocrx_word' id='word_1_426' title='bbox 1504 5081 1539 5129; x_wconf 84' lang='lat'><strong>25</strong></span> <span class='ocrx_word' id='word_1_427' title='bbox 1559 5078 1726 5133; x_wconf 75' lang='lat' dir='ltr'><strong>Bachstabcn</strong></span> <span class='ocrx_word' id='word_1_428' title='bbox 1744 5079 1908 5144; x_wconf 74' lang='lat' dir='ltr'><strong>ausqefolleo</strong></span> 
     </span>
     <span class='ocr_line' id='line_1_40' title="bbox 415 5149 1908 5217; baseline -0.001 -14"><span class='ocrx_word' id='word_1_429' title='bbox 415 5155 471 5205; x_wconf 75' lang='lat' dir='ltr'><strong>sein</strong></span> <span class='ocrx_word' id='word_1_430' title='bbox 543 5155 572 5217; x_wconf 91' lang='lat' dir='ltr'><strong>n)</strong></span> <span class='ocrx_word' id='word_1_431' title='bbox 593 5152 698 5203; x_wconf 80' lang='lat' dir='ltr'><strong>Actum</strong></span> <span class='ocrx_word' id='word_1_432' title='bbox 713 5181 744 5190; x_wconf 93' lang='lat'><em>-</em></span> <span class='ocrx_word' id='word_1_433' title='bbox 757 5149 928 5203; x_wconf 82' lang='lat' dir='ltr'><strong>invictissimi</strong></span> <span class='ocrx_word' id='word_1_434' title='bbox 946 5150 1012 5201; x_wconf 74' lang='lat' dir='ltr'><strong>oter</strong></span> <span class='ocrx_word' id='word_1_435' title='bbox 1029 5151 1078 5201; x_wconf 78' lang='lat' dir='ltr'><strong>der</strong></span> <span class='ocrx_word' id='word_1_436' title='bbox 1095 5150 1282 5214; x_wconf 73' lang='lat' dir='ltr'><strong>Scbnittfldche</strong></span> <span class='ocrx_word' id='word_1_437' title='bbox 1300 5149 1345 5202; x_wconf 76' lang='lat' dir='ltr'><strong>des</strong></span> <span class='ocrx_word' id='word_1_438' title='bbox 1363 5149 1551 5217; x_wconf 70' lang='lat' dir='ltr'><strong>Chiroprophs</strong></span> <span class='ocrx_word' id='word_1_439' title='bbox 1569 5152 1599 5201; x_wconf 76' lang='lat' dir='ltr'><strong>in</strong></span> <span class='ocrx_word' id='word_1_440' title='bbox 1617 5151 1800 5216; x_wconf 74' lang='lat' dir='ltr'><strong>oerldnperten</strong></span> <span class='ocrx_word' id='word_1_441' title='bbox 1818 5150 1908 5203; x_wconf 76' lang='lat' dir='ltr'><strong>Buch-</strong></span> 
     </span>
     <span class='ocr_line' id='line_1_41' title="bbox 209 5221 1064 5289; baseline -0.007 -8"><span class='ocrx_word' id='word_1_442' title='bbox 209 5242 238 5281; x_wconf 75' lang='grc' dir='ltr'><strong>ιο</strong></span> <span class='ocrx_word' id='word_1_443' title='bbox 415 5225 514 5289; x_wconf 64' lang='lat' dir='ltr'><strong>saon,</strong></span> <span class='ocrx_word' id='word_1_444' title='bbox 532 5224 612 5275; x_wconf 75' lang='lat' dir='ltr'><strong>deren</strong></span> <span class='ocrx_word' id='word_1_445' title='bbox 630 5224 704 5275; x_wconf 77' lang='lat' dir='ltr'><strong>obere</strong></span> <span class='ocrx_word' id='word_1_446' title='bbox 722 5223 838 5285; x_wconf 75' lang='lat' dir='ltr'><strong>Halfteu</strong></span> <span class='ocrx_word' id='word_1_447' title='bbox 856 5223 976 5274; x_wconf 76' lang='lat' dir='ltr'><strong>erhalten</strong></span> <span class='ocrx_word' id='word_1_448' title='bbox 995 5221 1064 5275; x_wconf 79' lang='lat' dir='ltr'><strong>sind.</strong></span> 
     </span>
     <span class='ocr_line' id='line_1_42' title="bbox 361 5310 1911 5384; baseline -0.004 -16"><span class='ocrx_word' id='word_1_449' title='bbox 361 5312 391 5372; x_wconf 76' lang='grc'><strong>4.</strong></span> <span class='ocrx_word' id='word_1_450' title='bbox 418 5311 603 5384; x_wconf 82' lang='lat' dir='ltr'><strong>[Simonafeld]</strong></span> <span class='ocrx_word' id='word_1_451' title='bbox 640 5316 666 5377; x_wconf 80' lang='lat' dir='ltr'><strong>a)</strong></span> <span class='ocrx_word' id='word_1_452' title='bbox 686 5314 714 5363; x_wconf 86' lang='lat' dir='ltr'><strong>in</strong></span> <span class='ocrx_word' id='word_1_453' title='bbox 729 5313 753 5365; x_wconf 91' lang='lat' dir='ltr'><strong><em>C</em></strong></span> <span class='ocrx_word' id='word_1_454' title='bbox 766 5313 848 5363; x_wconf 81' lang='lat' dir='ltr'><strong>stand</strong></span> <span class='ocrx_word' id='word_1_455' title='bbox 866 5327 899 5363; x_wconf 88' lang='lat' dir='ltr'><strong>ea</strong></span> <span class='ocrx_word' id='word_1_456' title='bbox 917 5310 976 5361; x_wconf 88' lang='lat' dir='ltr'><strong>iure</strong></span> <span class='ocrx_word' id='word_1_457' title='bbox 994 5326 1057 5376; x_wconf 87' lang='lat' dir='ltr'><strong>qua,</strong></span> <span class='ocrx_word' id='word_1_458' title='bbox 1075 5310 1150 5360; x_wconf 76' lang='lat' dir='ltr'><strong>donn</strong></span> <span class='ocrx_word' id='word_1_459' title='bbox 1169 5312 1203 5359; x_wconf 71' lang='lat' dir='ltr'><strong>ist</strong></span> <span class='ocrx_word' id='word_1_460' title='bbox 1223 5310 1293 5362; x_wconf 77' lang='lat' dir='ltr'><strong>boida</strong></span> <span class='ocrx_word' id='word_1_461' title='bbox 1306 5310 1377 5360; x_wconf 79' lang='lat' dir='ltr'><strong>Male</strong></span> <span class='ocrx_word' id='word_1_462' title='bbox 1395 5326 1412 5361; x_wconf 91' lang='lat' dir='ltr'><strong>a</strong></span> <span class='ocrx_word' id='word_1_463' title='bbox 1428 5311 1593 5373; x_wconf 75' lang='lat' dir='ltr'><strong>asssrndisrt,</strong></span> <span class='ocrx_word' id='word_1_464' title='bbox 1612 5311 1676 5361; x_wconf 80' lang='lat' dir='ltr'><strong>aber</strong></span> <span class='ocrx_word' id='word_1_465' title='bbox 1688 5312 1732 5363; x_wconf 75' lang='lat' dir='ltr'><strong>die</strong></span> <span class='ocrx_word' id='word_1_466' title='bbox 1743 5310 1911 5376; x_wconf 71' lang='lat' dir='ltr'><strong>Einsstzunq</strong></span> 
     </span>
     <span class='ocr_line' id='line_1_43' title="bbox 416 5379 1911 5449; baseline -0.001 -12"><span class='ocrx_word' id='word_1_467' title='bbox 416 5402 466 5437; x_wconf 83' lang='lat' dir='ltr'><strong>oon</strong></span> <span class='ocrx_word' id='word_1_468' title='bbox 484 5402 501 5437; x_wconf 94' lang='lat' dir='ltr'><strong>o</strong></span> <span class='ocrx_word' id='word_1_469' title='bbox 520 5384 696 5436; x_wconf 78' lang='lat' dir='ltr'><strong>unterblieben</strong></span> <span class='ocrx_word' id='word_1_470' title='bbox 768 5383 798 5449; x_wconf 86' lang='lat' dir='ltr'><strong>b)</strong></span> <span class='ocrx_word' id='word_1_471' title='bbox 826 5381 980 5434; x_wconf 83' lang='lat' dir='ltr'><strong>auribusG</strong></span> <span class='ocrx_word' id='word_1_472' title='bbox 1052 5386 1078 5443; x_wconf 76' lang='lat' dir='ltr'><strong>c)</strong></span> <span class='ocrx_word' id='word_1_473' title='bbox 1106 5379 1168 5433; x_wconf 83' lang='lat' dir='ltr'><strong>trad</strong></span> <span class='ocrx_word' id='word_1_474' title='bbox 1188 5382 1216 5445; x_wconf 89' lang='lat' dir='ltr'><strong>C,</strong></span> <span class='ocrx_word' id='word_1_475' title='bbox 1243 5398 1298 5432; x_wconf 77' lang='lat' dir='ltr'><strong>was</strong></span> <span class='ocrx_word' id='word_1_476' title='bbox 1322 5388 1394 5433; x_wconf 75' lang='lat' dir='ltr'><strong>sonat</strong></span> <span class='ocrx_word' id='word_1_477' title='bbox 1419 5381 1460 5433; x_wconf 76' lang='lat' dir='ltr'><strong>bei</strong></span> <span class='ocrx_word' id='word_1_478' title='bbox 1483 5383 1534 5432; x_wconf 77' lang='lat' dir='ltr'><strong>den</strong></span> <span class='ocrx_word' id='word_1_479' title='bbox 1557 5382 1733 5435; x_wconf 68' lang='lat' dir='ltr'><strong>Traditum</strong></span> <span class='ocrx_word' id='word_1_480' title='bbox 1758 5398 1807 5433; x_wconf 81' lang='lat' dir='ltr'><strong>oon</strong></span> <span class='ocrx_word' id='word_1_481' title='bbox 1825 5382 1911 5435; x_wconf 68' lang='lat' dir='ltr'><strong>diem</strong></span> 
     </span>
     <span class='ocr_line' id='line_1_44' title="bbox 416 5451 1910 5523; baseline -0.002 -15"><span class='ocrx_word' id='word_1_482' title='bbox 416 5457 501 5508; x_wconf 77' lang='lat' dir='ltr'><strong>Haud</strong></span> <span class='ocrx_word' id='word_1_483' title='bbox 516 5454 631 5508; x_wconf 87' lang='lat' dir='ltr'><strong>tradidit</strong></span> <span class='ocrx_word' id='word_1_484' title='bbox 646 5455 767 5519; x_wconf 63' lang='lat' dir='ltr'><strong>masa,</strong></span> <span class='ocrx_word' id='word_1_485' title='bbox 786 5456 846 5505; x_wconf 77' lang='lat' dir='ltr'><strong>hier</strong></span> <span class='ocrx_word' id='word_1_486' title='bbox 858 5453 922 5504; x_wconf 74' lang='lat' dir='ltr'><strong>aber</strong></span> <span class='ocrx_word' id='word_1_487' title='bbox 934 5452 1060 5503; x_wconf 76' lang='lat' dir='ltr'><strong>nielleicbt</strong></span> <span class='ocrx_word' id='word_1_488' title='bbox 1072 5452 1141 5503; x_wconf 73' lang='lat' dir='ltr'><strong>auch</strong></span> <span class='ocrx_word' id='word_1_489' title='bbox 1153 5469 1188 5504; x_wconf 79' lang='lat' dir='ltr'><strong>zu</strong></span> <span class='ocrx_word' id='word_1_490' title='bbox 1202 5451 1311 5503; x_wconf 82' lang='lat' dir='ltr'><strong>tradens</strong></span> <span class='ocrx_word' id='word_1_491' title='bbox 1323 5453 1454 5518; x_wconf 72' lang='lat' dir='ltr'><strong>oufpdost</strong></span> <span class='ocrx_word' id='word_1_492' title='bbox 1466 5454 1570 5505; x_wconf 76' lang='lat' dir='ltr'><strong>werden</strong></span> <span class='ocrx_word' id='word_1_493' title='bbox 1583 5453 1679 5506; x_wconf 65' lang='lat' dir='ltr'><strong>Monte</strong></span> <span class='ocrx_word' id='word_1_494' title='bbox 1732 5452 1762 5519; x_wconf 90' lang='lat' dir='ltr'><strong>d)</strong></span> <span class='ocrx_word' id='word_1_495' title='bbox 1783 5451 1910 5523; x_wconf 79' lang='lat' dir='ltr'><strong>Magone,</strong></span> 
     </span>
     <span class='ocr_line' id='line_1_45' title="bbox 415 5521 1081 5594; baseline -0.011 -13"><span class='ocrx_word' id='word_1_496' title='bbox 415 5544 485 5583; x_wconf 86' lang='lat' dir='ltr'><strong>oorr.</strong></span> <span class='ocrx_word' id='word_1_497' title='bbox 504 5543 554 5580; x_wconf 81' lang='lat' dir='ltr'><strong>von</strong></span> <span class='ocrx_word' id='word_1_498' title='bbox 571 5532 692 5594; x_wconf 63' lang='lat' dir='ltr'><strong>spem</strong></span> <span class='ocrx_word' id='word_1_499' title='bbox 710 5526 795 5577; x_wconf 80' lang='lat' dir='ltr'><strong>Hand</strong></span> <span class='ocrx_word' id='word_1_500' title='bbox 813 5528 842 5576; x_wconf 81' lang='lat' dir='ltr'><strong>in</strong></span> <span class='ocrx_word' id='word_1_501' title='bbox 860 5521 1033 5593; x_wconf 82' lang='lat' dir='ltr'><strong>Magononis,</strong></span> <span class='ocrx_word' id='word_1_502' title='bbox 1053 5524 1081 5579; x_wconf 83' lang='lat' dir='ltr'><strong>C.</strong></span> 
     </span>
    </p>
   </div>
   <div class='ocr_carea' id='block_1_11' title="bbox 910 5811 1264 5838">
    <p class='ocr_par' dir='ltr' id='par_1_13' title="bbox 910 5811 1264 5838">
     <span class='ocr_line' id='line_1_46' title="bbox 910 5811 1264 5838; baseline -0.006 -1"><span class='ocrx_word' id='word_1_503' title='bbox 910 5811 1264 5838; x_wconf 52' lang='grc'><strong>’,-</strong></span> 
     </span>
    </p>
   </div>
   <div class='ocr_carea' id='block_1_12' title="bbox 324 5900 581 5945">
    <p class='ocr_par' dir='ltr' id='par_1_14' title="bbox 324 5900 581 5945">
     <span class='ocr_line' id='line_1_47' title="bbox 324 5900 581 5945; baseline 0.004 -2"><span class='ocrx_word' id='word_1_504' title='bbox 324 5900 525 5943; x_wconf 78' lang='lat' dir='ltr'><strong>Kaiserurkunden</strong></span> <span class='ocrx_word' id='word_1_505' title='bbox 540 5903 581 5945; x_wconf 82' lang='lat' dir='ltr'><strong>lli.</strong></span> 
     </span>
    </p>
   </div>
   <div class='ocr_carea' id='block_1_13' title="bbox 0 0 2424 6516">
    <p class='ocr_par' dir='ltr' id='par_1_15' title="bbox 0 0 2424 6516">
     <span class='ocr_line' id='line_1_48' title="bbox 0 0 2424 6516; baseline 0 0"><span class='ocrx_word' id='word_1_506' title='bbox 0 0 2424 6516; x_wconf 95' lang='lat' dir='ltr'><strong> </strong></span> 
     </span>
    </p>
   </div>
  </div>
 </body>
</html>
