4828 6520
508 391 573 453 662
1111 392 1572 451 KAISERURKUNDEN.

505 607 577 648 rum
601 607 698 649 versa
720 586 793 648 vice
817 582 986 648 beneficiis
1016 583 1135 647 nostris
1165 583 1221 669 pia
1250 592 1347 668 atque
1378 581 1510 646 assidua
1539 584 1773 648 intercessione
1803 584 2023 670 respondeant
2031 585 2056 649 ⁶.
2111 600 2165 650 Si⁰

506 705 568 770 quis
594 701 717 774 autem,
748 707 823 771 quod
849 705 928 763 absit,
956 705 1035 754 buius
1062 710 1154 773 nostre
1183 705 1339 754 donationis
1368 704 1601 755 munificentiores
1627 702 1726 777 atque
1756 692 1939 756 institutum
1966 702 2164 775 apostolicef

506 798 593 862 sedis
609 808 642 863 el
657 818 699 862 tot
715 810 930 863 venerabilium
949 808 1079 883 patrum
1099 813 1263 862 auctoritate
1281 806 1435 861 firmammt
1453 811 1616 861 destrueress
1634 826 1691 860 seu
1707 810 1813 861 violare
1831 799 2050 885 temptaverit,
2069 814 2098 863 in
2117 814 2164 863 die

505 920 603 970 iudicii
622 935 715 969 coram
741 917 828 969 oculis
855 918 900 968 dei
925 926 1060 968 tormento
1078 917 1283 983 inextinguibili
1305 916 1463 987 eternaliter
1483 916 1549 967 luat
1587 918 1669 980 Quod
1694 934 1728 967 ne
1755 920 1873 977 eveniat,
1899 920 1948 969 sed
1973 919 2024 982 bec
2049 921 2164 971 traditio

505 1034 599 1076 nostra
617 1024 715 1098 atque
733 1011 900 1076 decretam
920 1026 954 1074 ab
974 1025 1100 1075 omuibus
1119 1023 1317 1091 perpetualiter
1334 1023 1503 1076 inviolabilis
1516 1030 1683 1090 permanent,
1701 1024 1772 1075 banc
1785 1032 1889 1076 canam
1901 1025 1966 1077 inde
1979 1027 2164 1093 conscriptam
2186 1038 2202 1078 e

504 1149 587 1184 manu
605 1134 715 1200 propria
733 1133 895 1183 roborantes
914 1130 1000 1197 sigilli
1019 1133 1106 1182 nostri
1125 1133 1306 1198 impressione
1324 1133 1450 1198 insigniri
1470 1133 1627 1182 iussimus&

1292 1375 1376 1460 515.

1242 1509 1422 1609 (Unecbt.)

504 1629 683 1704 Heinrich
709 1629 876 1730 5111111191
906 1628 986 1702 dein
1020 1655 1093 1703 von
1118 1629 1190 1702 itm
1219 1630 1299 1704 dem
1327 1630 1490 1705 Bistltum
1517 1630 1699 1731 Bamberp
1723 1629 1958 1732 pascbenltteu
1983 1632 2164 1706 Nannen-

503 1748 634 1823 lsioster
658 1748 854 1848 Kitzinpen
880 1748 949 1823 clus
974 1748 1275 1823 oasscbiiessiiebe
1301 1749 1416 1823 Recte
1441 1748 1521 1848 auf
1538 1750 1597 1823 die
1618 1749 1803 1824 Fucberei
1827 1752 1868 1824 io
1894 1752 2008 1825 ciuem
2031 1751 2164 1826 Bezirlc
2180 1783 2208 1821 ιο

504 1894 556 1942 aa
580 1868 709 1942 beiden
734 1865 856 1972 Seitep
881 1868 943 1942 dea
967 1868 1094 1942 Maias
1119 1868 1313 1943 inaerbalb
1341 1869 1588 1970 anpepebeoer
1617 1867 1793 1945 Gramen.

1608 2016 1778 2088 Fraeksarl
1803 2018 1883 2077 1007
1905 2017 2065 2077 November
2087 2020 2115 2077 1.

614 2176 751 2236 Urkuade
773 2194 826 2234 aaa
847 2176 911 2235 deta
928 2175 1013 2235 Eride
1034 2176 1083 2234 des
1106 2177 1155 2234 12.
1172 2176 1228 2236 111.
1252 2176 1283 2234 in
1302 2175 1504 2250 Diplomsorm
1527 2177 1568 2235 im
1591 2177 1620 2237 lc.
1639 2177 1846 2236 Reicltsarebic
1868 2196 1903 2237 za
1924 2176 2066 2238 Miacbea
2086 2180 2161 2247 (A).

609 2302 702 2377 quer
733 2300 833 2360 Gessit.
857 2301 906 2359 des
935 2300 1174 2359 stanlmlaades
1197 2302 1225 2371 3,
1243 2302 1304 2359 308
1331 2303 1400 2359 ²2⁰2
1422 2319 1476 2359 aus
1498 2303 1535 2360 A.
1560 2332 1605 2339 -
1626 2302 1707 2361 Mon.
1732 2302 1825 2361 Boico
1848 2304 1917 2373 30⁰,
1933 2304 1989 2362 391
2017 2306 2085 2362 21⁰7
2107 2323 2162 2363 aaa

609 2409 647 2467 A.
671 2438 716 2446 —
737 2408 865 2467 Bbbmer
887 2406 958 2482 Rep.
976 2408 1067 2467 1027.
1091 2438 1134 2445 —
1159 2407 1282 2481 Stamps
1300 2407 1372 2481 Rep.
1390 2409 1478 2467 1484.
2179 2424 2206 2463 rs

611 2533 763 2604 Gesblscbt
791 2533 845 2591 mit
866 2532 1035 2607 Benutmap
1057 2532 1106 2591 des
1128 2531 1168 2591 D.
1186 2534 1255 2603 165,
1285 2551 1340 2591 roa
1369 2533 1432 2592 clera
1462 2553 1530 2592 moa
1558 2535 1590 2592 ia
1613 2534 1769 2609 Kilzinqea
1796 2535 1858 2593 eine
1878 2535 2032 2606 Abscirisl
2058 2536 2160 2609 pelsabt

609 2641 699 2699 baben
721 2640 798 2699 uiri
819 2639 879 2698 aad
901 2657 1015 2698 reorum
1037 2640 1110 2699 auci
1132 2640 1186 2698 dus
1207 2639 1360 2700 Protomu
1382 2645 1556 2700 munerantes
1579 2641 1626 2699 ist.
1666 2639 1747 2699 Dosa
1764 2641 1908 2700 Heinrich
1932 2644 1986 2713 seir
2003 2642 2158 2717 Kitziapea

608 2748 670 2805 eine
696 2746 833 2806 Urlcuade
854 2747 1015 2821 anapestellt
1036 2746 1116 2815 liobe,
1140 2747 1179 2805 ist
1201 2747 1242 2804 im
1267 2746 1424 2820 Gepensolz
1444 2766 1481 2805 zu
1503 2747 1555 2805 der
1572 2748 1693 2805 Ansicit
1715 2766 1770 2806 oon
1793 2747 1903 2806 Hirsclt
1926 2749 2031 2808 Jahrb.
2051 2750 2160 2819 2,118

609 2854 687 2912 uicit
709 2853 911 2923 amuaekmea,
934 2854 989 2928 apl.
1010 2852 1050 2911 N.
1070 2854 1180 2911 Archiv
1202 2854 1332 2922 22,167
1356 2854 1431 2920 (166
1453 2853 1494 2912 N.
1510 2857 1557 2920 2).

610 3002 710 3092 (Cep
739 3003 779 3067 In
808 3005 940 3067 nomine
970 3016 1083 3068 sancte
1114 3013 1146 3068 et
1175 3002 1344 3069 individue
1374 3005 1538 3073 trinitatis.
1585 3004 1761 3068 Heinricus
1791 3004 1903 3068 divina
1932 3006 2063 3070 favente
2095 3006 2158 3071 cle·
2175 3030 2203 3070 aa

501 3114 631 3176 mencio
660 3134 720 3174 rex
749 3119 1006 3191 saluberrimae}
1120 3126 1275 3176 Noverint
1303 3128 1423 3177 omnium
1451 3128 1537 3177 nostri
1565 3125 1687 3177 fidelium
1714 3132 1769 3176 tam
1796 3143 1907 3190 presens
1935 3134 1994 3177 etas
2022 3143 2103 3192 qaam
2130 3135 2158 3177 et

502 3249 661 3283 successura
680 3234 837 3298 posteritas,
857 3235 931 3299 quia,
958 3242 1033 3283 cum
1057 3250 1108 3283 nos
1127 3234 1214 3283 nostri
1233 3233 1371 3299 quandam
1390 3234 1457 3283 iuris
1477 3235 1620 3283 abbaciam
1641 3234 1813 3299 kissingen*
1832 3234 1931 3283 dictam
1957 3242 2000 3283 ex
2024 3220 2158 3284 consilio

502 3337 535 3390 el
560 3356 697 3391 consensu
724 3326 909 3412 principum
931 3327 1151 3391 Romanorum
1175 3327 1210 3389 in
1231 3339 1415 3406 episcopalem
1434 3343 1528 3391 sedem
1546 3324 1766 3411 Babenbergb
1792 3356 1852 3389 curu
1876 3341 2002 3391 omnibus
2020 3343 2079 3391 eius
2098 3358 2158 3406 per·

502 3447 623 3497 tinentiis
641 3447 700 3496 sive
726 3447 906 3507 adherenciis,
931 3445 1063 3497 videlicet
1090 3446 1216 3497 ecclesiis
1240 3460 1256 3491 t
1285 3446 1318 3497 el
1343 3449 1469 3498 omnibus
1495 3446 1670 3508 utilitatibus,
1697 3464 1750 3513 que
1776 3447 1900 3512 quolibet
1924 3449 2006 3498 modo
2032 3449 2087 3498 dici
2112 3447 2158 3498 vel

502 3553 585 3603 scribi
602 3558 716 3620 possunt
732 3567 760 3614 e,
776 3560 859 3618 prout
873 3553 976 3604 firmius
992 3556 1179 3619 potuimus,
1197 3555 1380 3604 donavaus
1397 3562 1479 3620 atque
1495 3556 1770 3621 proprietavimus,
1790 3539 1893 3625 regali
1908 3539 2018 3605 11811110
2034 3543 2158 3606 sancei·
2175 3564 2203 3604 25

501 3647 609 3709 vimus
642 3655 674 3709 et
706 3646 843 3732 signatis
875 3646 991 3710 litteris
1024 3647 1300 3729 confirmavimus,
1333 3658 1370 3712 ut
1399 3648 1668 3733 Kizaingensium
1702 3648 1919 3733 congregacio
1953 3647 2158 3712 dominarum

501 3754 726 3839 piscacionum
750 3776 882 3817 suarum
904 3776 983 3818 usus
1006 3764 1039 3818 et
1062 3764 1248 3839 potestates,
1273 3755 1358 3819 sicut
1380 3755 1481 3841 prius,
1505 3753 1736 3820 inviolabiliter
1756 3778 1886 3842 semper
1902 3753 2048 3820 haberet
2082 3756 2158 3820 Hoc

502 3861 601 3925 etiam
625 3860 838 3925 determinate
862 3859 1071 3942 exclusimus,
1095 3871 1140 3942 ut,
1164 3861 1192 3925 si
1217 3863 1289 3947 quis
1312 3859 1542 3926 beneficiarius
1566 3864 1599 3926 in
1622 3862 1708 3926 villis
1731 3863 1834 3945 fieret,
1865 3863 1986 3949 quein
2010 3864 2157 3949 margine

501 3968 726 4055 piscacionum
749 3966 897 4053 predicte
917 3968 1208 4053 congregacionis⁰
1229 3969 1290 4031 site
1308 3980 1393 4050 sunt,
1417 3968 1621 4033 nullomodo
1641 3992 1676 4033 se
1693 3969 1733 4032 de
1750 3970 1921 4056 passcuis‘1
1936 3969 2159 4056 predictarum

502 4076 727 4162 piscacionum
749 4075 963 4138 intromittere
987 4086 1199 4160 presumeret.
1245 4075 1402 4139 Preterea
1431 4075 1513 4139 fines
1543 4076 1766 4161 piscacionum
1797 4078 1843 4141 sic
1867 4076 2092 4159 discrevimus
2122 4086 2158 4141 ut
2174 4100 2202 4139 so

502 4205 546 4247 ex
574 4205 640 4246 una
669 4192 762 4268 parte
786 4180 876 4267 Magi
907 4179 949 4244 ab
980 4192 1096 4244 amne⁹
1127 4181 1182 4267 qui
1214 4181 1333 4246 dicitur
1356 4181 1553 4247 Sa'arzahaf
1581 4205 1683 4269 usque
1714 4182 1758 4247 ad
1786 4183 1925 4247 riwurn‘1
1954 4185 2009 4270 qui
2039 4183 2158 4248 dicitur

500 4287 698 4354 Dihenbach
729 4300 828 4352 etex
857 4288 960 4352 altera
982 4298 1074 4374 parte
1099 4288 1189 4374 Mogi
1219 4311 1240 4352 a
1268 4288 1346 4352 villa
1377 4312 1439 4376 que
1470 4290 1628 4353 vocaturf
1652 4288 1802 4355 Chellere
1832 4313 1935 4377 usque
1966 4290 2009 4355 ad
2038 4290 2157 4355 vallem

503 4396 668 4461 Sulzevelt
701 4418 797 4459 nemo
832 4405 942 4481 preter
976 4393 1198 4459 abbatissam⁸
1227 4396 1375 4482 piscandi
1410 4407 1604 4483 potestatem
1638 4396 1783 4479 baberet,
1818 4399 1882 4461 nisi
1917 4398 1973 4484 qui
2007 4396 2158 4485 piscandi

502 4502 674 4568 licenciam
698 4500 739 4566 ab
763 4503 836 4588 ipsa
858 4503 1047 4589 inpetraret
1095 4503 1217 4567 Omnes
1247 4504 1334 4567 enim
1364 4502 1440 4566 ville
1471 4526 1514 4567 ex
1543 4504 1703 4591 utraqueh
1725 4503 1828 4568 litoris
1857 4505 1962 4591 posite
1991 4505 2077 4568 infra
2098 4503 2157 4568 hos

502 4620 642 4696 quatuor
663 4609 745 4673 fines
769 4609 916 4673 eiusdem
939 4607 1077 4673 abbacie
1102 4619 1204 4673 erant.
1251 4623 1279 4673 Si
1297 4625 1357 4688 quis
1373 4626 1466 4690 igitur,
1486 4625 1560 4689 quod
1578 4620 1680 4683 abaitt,
1822 4626 1962 4676 destruere
1978 4628 2037 4676 sive
2053 4624 2156 4677 violare
2175 4633 2202 4673 ss

500 4732 851 4796 presumat,innovissimo
866 4731 910 4781 die
924 4736 1061 4781 tormento
1074 4729 1279 4797 inextinguibili
1294 4726 1509 4782 coramkoculis
1526 4717 1667 4781 domini¹
1695 4731 1761 4782 luat.
1799 4732 1931 4794 Quodne
1956 4733 2013 4792 fiat,
2038 4733 2087 4783 aed
2106 4733 2157 4782 hec

572 4893 636 4951 514.
662 4898 688 4961 e)
710 4895 733 4947 si
752 4925 785 4933 -
804 4893 1021 5019 munliJlicentiam
1041 4921 1072 4939 =
1092 4896 1128 4950 D.
1141 4899 1196 4947 200
1253 4894 1279 4962 1)
1301 4894 1451 4964 apostolice
1471 4927 1505 4935 —
1523 4894 1663 4950 firmatum
1682 4896 1732 4964 apl.
1751 4899 1853 4956 11408
1911 4898 1942 4964 g)
1963 4895 2105 4950 destruere
2124 4925 2156 4936 -

661 4966 789 5019 iussimus
809 4992 840 5010 =
889 4970 970 5021 .200.

571 5046 637 5104 515.
663 5047 770 5117 [Bloch]
808 5050 835 5111 a)
855 5045 974 5116 Kizzing'
986 5049 1011 5100 A
1048 5046 1076 5115 b)
1093 5050 1148 5102 bot·
1162 5049 1186 5098 A
1223 5050 1250 5114 c)
1271 5046 1483 5116 congregaciois,
1502 5049 1569 5101 ohne
1586 5048 1881 5114 Aokarzunymeaee,
1900 5050 1925 5099 A
1962 5047 1992 5115 d)
2007 5050 2034 5101 A
2074 5052 2100 5115 e)
2121 5048 2156 5100 ab

661 5136 750 5184 amne,
777 5119 902 5172 cielles'cbt
927 5118 996 5171 auca
1020 5120 1072 5171 dus
1095 5119 1295 5185 voranpelserrde
1319 5117 1407 5187 Mogi,
1432 5121 1488 5184 aas
1509 5120 1604 5171 Rosur
1693 5119 1719 5187 1)
1745 5118 1890 5171 Sannaba
1912 5149 1945 5157 -
1965 5124 2081 5173 vocatur
2105 5120 2160 5184 aas
2173 5131 2201 5170 to

660 5192 756 5243 Raear
821 5193 851 5259 g)
873 5190 983 5257 abbam,
1001 5190 1068 5243 olins
1086 5191 1381 5257 Aoksmnpszeehen,
1400 5191 1426 5241 A
1488 5189 1518 5258 h)
1534 5191 1662 5243 dalilam
1679 5191 1745 5257 fehlt
1762 5193 1792 5243 a'n
1810 5192 1837 5243 A
1854 5192 1934 5258 parte
1993 5190 2015 5255 i)
2031 5192 2158 5243 dubietur

661 5262 728 5325 sebit
745 5264 796 5313 dos
814 5279 862 5314 eon
881 5259 1022 5314 destruere
1040 5261 1097 5314 sive
1115 5261 1218 5314 violare
1237 5262 1387 5328 aetasque
1406 5262 1499 5329 Objsrt,
1520 5264 1577 5314 aad
1594 5263 1642 5314 der
1660 5262 1723 5315 Rast
1740 5263 1790 5313 dar
1807 5268 1832 5317 8.
1852 5261 2029 5326 Sebsifitzea'le,
2047 5263 2091 5315 die
2108 5265 2156 5313 5111

662 5333 734 5385 absit
751 5335 833 5396 cadet,
859 5336 894 5385 iat
912 5333 964 5385 leer
980 5334 1107 5399 peluem,
1134 5333 1236 5386 obuobl
1252 5333 1320 5385 norb
1337 5335 1389 5396 fiir
1405 5336 1470 5385 mi
1487 5334 1550 5385 oder
1567 5335 1628 5386 drea·
1644 5335 1732 5385 Weiss
1750 5334 1840 5385 Mam
1857 5350 1971 5399 pauesce
1988 5339 2069 5385 coare.
2099 5334 2157 5386 Der

660 5405 789 5457 1111111111ρ
806 5406 877 5456 wird
894 5405 938 5455 die
954 5421 992 5456 an
1009 5406 1096 5457 diem
1113 5404 1191 5457 Stella
1215 5407 1246 5456 ia
1264 5406 1313 5456 der
1329 5405 1387 5457 VU.
1405 5405 1544 5458 stebendea
1562 5407 1649 5457 Wmu
1665 5404 1747 5457 huius
1764 5408 1875 5458 nostrae
1893 5403 2048 5457 donationis
2066 5404 2154 5457 muni·

660 5474 799 5529 licentiam
824 5476 911 5527 durch
935 5478 1011 5528 dnm
1035 5477 1153 5528 anderen
1178 5476 1324 5528 Auedraek
1347 5476 1432 5529 baben
1459 5484 1575 5529 erasum
1600 5478 1694 5530 wellen
1718 5477 1776 5528 aad
1800 5479 1850 5542 fur
1874 5477 1962 5529 dmm
1986 5479 2044 5529 eina
2069 5476 2157 5529 taen
2171 5486 2199 5526 11

659 5549 779 5613 peluem
804 5548 898 5613 buben,
924 5548 1004 5599 darm
1023 5548 1194 5613 Ausfttlluap
1218 5548 1338 5599 nacblter
1354 5548 1500 5601 aureolos
1571 5548 1600 5614 k)
1628 5549 1694 5600 aber
1711 5564 1804 5602 coram
1822 5550 1858 5601 ist
1876 5546 1895 5600 d
1913 5548 2156 5614 coemeter,-

660 5619 882 5671 wabrsches'nls'rb
900 5618 974 5670 sollte
990 5618 1051 5671 ase
1066 5620 1147 5671 amon
1165 5617 1269 5671 domini
1287 5619 1482 5686 aadspetropen
1499 5620 1604 5672 medea
1679 5619 1701 5687 l)
1727 5617 1833 5672 domini
1849 5619 1978 5673 emetha
1996 5618 2082 5672 oculis
2100 5618 2156 5670 and

661 5690 720 5743 luat
737 5690 924 5756 mbtrdplicli
942 5691 1093 5756 sispitem
1116 5692 1147 5742 ia
1165 5691 1214 5743 der
1229 5691 1289 5747 VU.
1308 5708 1368 5743 war
1384 5693 1436 5743 das
1453 5697 1524 5745 const
1549 5709 1586 5744 on
1611 5692 1697 5745 dim
1715 5691 1792 5744 §tells
1809 5691 1930 5744 arumde
1947 5689 1992 5744 dei
2009 5690 2094 5743 (1111111
2112 5692 2154 5742 eia

664 5762 794 5815 Verseben
812 5763 858 5814 cles
875 5762 929 5814 ΕΙ)
946 5762 1115 5827 saepefullen
