4798 6486
545 441 610 505 508
1141 445 1605 505 KAISERURKUNDEN.

545 646 646 701 tatem
677 635 768 723 rupis
800 634 1015 721 Stagelvuaut
1045 634 1221 719 nominate,
1253 630 1296 698 sb
1328 634 1465 722 ipsaque
1495 657 1576 722 rupe
1605 658 1710 723 nsque
1741 634 1785 700 ad
1813 645 1956 700 montem
1983 631 2191 701 Sunnebercb

545 753 698 808 vocatum
728 753 761 808 et
791 740 833 807 ab
857 740 973 806 eodem
996 762 1100 828 usque
1124 739 1167 805 ad
1189 763 1305 827 rupem
1327 739 1522 806 Rotenfluob
1545 740 1666 807 dictam
1688 780 1743 825 -,
1774 740 1931 830 quicquid
1953 740 2004 806 his
2027 741 2193 805 interiacet

547 860 580 913 et
602 846 765 913 clauditur
786 848 943 932 terminis,
973 858 1077 913 totum
1100 869 1175 912 cum
1198 847 1286 912 omni
1308 846 1448 913 utilitate
1471 869 1590 931 rerum,
1620 847 1683 914 boc
1713 860 1764 914 est
1792 847 1921 936 alpibus
1945 847 2035 912 silvis
2056 843 2193 911 vallibus

540 953 721 1042 paludibus
749 952 955 1042 planiciebus
984 955 1088 1041 pratis
1116 955 1248 1041 pascuis
1278 955 1372 1042 aquis
1401 976 1603 1042 aquarumve
1626 954 1818 1020 decursibus
1841 952 2075 1042 piscationibus
2097 974 2193 1018 vena·

547 1059 690 1127 tionibus
713 1062 775 1127 viis
800 1072 833 1126 et
854 1061 952 1126 inviis
975 1060 1071 1126 cultis
1094 1071 1128 1125 et
1150 1059 1281 1126 incultis
1305 1058 1449 1126 exitibus
1472 1073 1506 1127 et
1526 1059 1686 1127 reditibus
1706 1063 1863 1149 quaesitis
1883 1073 1917 1127 et
1939 1059 2141 1149 inquirendis
2164 1070 2223 1124 ets

547 1192 622 1234 cum
646 1191 730 1256 qnae
753 1167 818 1234 dici
842 1167 896 1232 vel
919 1166 1065 1257 s[cribi]‘¹
1087 1169 1232 1254 possint⁰
1255 1166 1405 1233 omuibus
1427 1166 1632 1251 utilitatibus,
1662 1168 1706 1233 ad
1734 1167 1938 1256 praedictum
1967 1167 2195 1232 monasterium

547 1298 607 1362 per
629 1275 714 1340 hanc
737 1274 937 1362 imperialem
960 1276 1115 1362 paginam
1135 1273 1368 1361 perpetualiter
1385 1273 1563 1340 tenendum
1582 1274 1813 1341 contradimus.
1851 1274 1896 1339 Et
1914 1285 1950 1339 ut
1967 1273 2049 1339 haec
2067 1284 2195 1338 nostrae

547 1381 732 1447 donationis
762 1382 938 1447 auctoritas
968 1377 1094 1446 stabilis
1124 1402 1254 1468 semper
1284 1391 1317 1447 et
1345 1379 1388 1446 ab
1419 1380 1569 1447 omnibus
1598 1381 1725 1447 inlaesa
1754 1392 1787 1446 et
1814 1379 2006 1447 inconvulsa
2034 1381 2104 1466 iugi
2125 1401 2195 1467 per-

548 1500 679 1553 maneat
701 1510 795 1571 aevo,
819 1487 904 1553 hanc
927 1498 1051 1553 cartam
1071 1486 1148 1552 inde
1167 1488 1386 1575 conscriptam
1404 1488 1561 1576 propias·
1578 1511 1695 1554 manus
1713 1487 1952 1575 subscriptione
1971 1487 2197 1553 confirmantes

549 1594 646 1683 sigilli
669 1595 772 1660 nostri
795 1595 1008 1681 impressione
1031 1595 1184 1659 iussimus
1208 1594 1368 1681 insigniri.
2214 1612 2237 1653 re

656 1735 673 1826 ξ
697 1738 835 1824 Signum
858 1737 968 1802 domni
991 1736 1141 1801 Heinrici
1163 1736 1371 1802 invictissimi
1392 1738 1456 1825 (M.)
1478 1737 1698 1803 Romanorum
1721 1737 1926 1825 imperatoris
1949 1734 2126 1825 augusti}

656 1879 674 1970 ξ
697 1879 898 1947 Guntherius
922 1879 1136 1946 cancellarius
1159 1881 1233 1945 viee
1256 1877 1479 1945 Erchanbaldi
1502 1878 1779 1967 archicappellani
1801 1876 1973 1967 notavit}
2066 1877 2157 1961 (sl.)‘

657 2024 766 2089 Data⁸
784 2024 867 2088 mih
885 2046 961 2088 non.
980 2020 1139 2110 septemb.
1158 2022 1336 2088 indictione
1354 2037 1379 2107 Ι,
1403 2023 1506 2088 uuuo¹
1528 2022 1691 2110 dominice
1710 2023 1943 2089 incarnationis
1959 2036 2090 2105 ltxvm,
2115 2043 2199 2087 anno

550 2153 629 2196 vero
653 2130 764 2196 domni
788 2130 937 2196 Heinrici
961 2128 1096 2195 secundi
1119 2130 1287 2215 regnantis
1309 2129 1416 2214 ml,
1440 2131 1569 2217 imperii
1593 2140 1701 2196 autem
1717 2145 1757 2215 νς
1781 2141 1891 2196 actum
1913 2130 1948 2195 in
1970 2129 2141 2215 thurego3
2168 2129 2201 2193 in

551 2238 605 2303 dei
627 2238 757 2303 uomiue
781 2236 919 2303 feliciter
942 2259 1048 2302 amen.
2218 2251 2241 2293 n

1332 2500 1426 2588 396.

551 2664 730 2740 Heinrich
756 2665 922 2766 intonet
955 2665 1061 2739 doen
1092 2663 1380 2765 Taosebvertraq
1404 2663 1576 2739 zwnebeu
1603 2663 1675 2740 den
1700 2664 1873 2740 Kliirtem
1902 2661 2102 2742 Gernblouc
2126 2662 2205 2738 aad

550 2783 721 2877 Nioeller,
757 2784 873 2859 durch
907 2783 1063 2858 welcdeu
1095 2782 1163 2858 dns
1196 2796 1326 2857 cratere
1356 2809 1470 2884 pepon
1497 2782 1611 2884 stuf
1635 2782 1767 2882 Hofen
1798 2809 1843 2859 zo
1867 2783 1982 2885 Bauy
2007 2782 2206 2858 ebensoviel

552 2902 683 3003 Hufeu
708 2930 776 2979 cos
802 2903 882 2979 dem
907 2902 1076 3004 Lebuerot
1100 2900 1162 2977 des
1187 2901 1313 3003 Voptee
1336 2928 1409 2978 von
1434 2900 1595 2978 Maedos
1620 2902 1782 2978 onnon
1806 2902 1913 2977 bone.

1688 3048 1808 3109 munt
1829 3050 1910 3110 1018
1927 3048 2086 3110 November
2108 3052 2159 3110 26.
2218 3062 2242 3103 se

661 3211 750 3271 Gesta
767 3212 900 3271 &buum
919 3210 1163 3271 domunculam
1180 3214 1296 3270 mttere
1313 3207 1457 3286 Siyeberto
1479 3227 1542 3285 cop.
1558 3211 1609 3281 32,
1634 3208 1702 3270 God.
1722 3208 1916 3286 wtoqroplua
1937 3228 1986 3270 um
2007 3210 2089 3271 1070
2113 3201 2204 3283 fiss‘

660 3320 691 3377 io
721 3319 772 3377 der
794 3317 1041 3379 Rutbsbibliotlsclc
1069 3336 1105 3378 zu
1126 3316 1247 3392 Leipzio
1271 3317 1344 3384 (A).
1368 3346 1412 3356 -
1434 3316 1588 3388 Abscirift
1615 3334 1668 3376 arte
1693 3316 1757 3376 dein
1778 3316 1862 3377 Euda
1882 3316 1931 3377 dea
1954 3317 2002 3377 18.
2018 3317 2075 3378 Ji.
2098 3318 2134 3378 in
2155 3317 2204 3377 der

662 3424 828 3501 Sommluoy
852 3425 968 3485 Gtrurd
989 3444 1018 3485 o.
1036 3426 1097 3485 108
1119 3441 1173 3484 aus
1197 3422 1355 3484 Cburtnlnr
1376 3424 1418 3483 im
1439 3423 1467 3483 lt.
1485 3422 1692 3483 Βάοὴεανοὴίυ
1713 3424 1755 3483 im
1777 3423 1867 3499 Hune
1890 3423 1963 3490 (E).

660 3566 796 3641 Derbete
819 3566 1031 3642 spiritual.
1052 3568 1159 3637 6,523
1182 3566 1229 3626 cit.
1254 3583 1307 3625 aru
1329 3566 1366 3626 A.
1391 3595 1435 3605 -
1463 3565 1543 3626 Mon.
1571 3565 1668 3625 Germ.
1693 3563 1747 3625 SS.
1772 3568 1803 3637 8,
1819 3566 1879 3624 537
1901 3584 1954 3625 orso
1975 3566 2003 3624 A
2034 3586 2077 3613 =
2107 3566 2205 3643 Miene

660 3674 949 3744 Parroz.160,620.
976 3701 1019 3714 -
1041 3671 1166 3748 Stampf
1183 3672 1255 3748 Rey.
1272 3673 1359 3733 1713.
2220 3683 2244 3725 ss

662 3817 836 3877 dissoluit
864 3817 916 3877 der
938 3816 1073 3887 Komoi,
1101 3833 1157 3874 von
1185 3816 1276 3875 cinon
1300 3814 1431 3875 Mer
1459 3814 1508 3875 des
1529 3814 1669 3888 Bisedofs
1692 3815 1827 3875 Wolbodo
1856 3834 1911 3875 veo
1932 3814 2051 3876 Inmiti
2078 3819 2205 3889 versant

663 3925 733 4000 (vel.
757 3924 853 3984 &soen
880 3923 1017 3985 Urlcuude
1038 3924 1071 3983 io
1093 3922 1173 3982 Mon.
1201 3922 1297 3982 Genu.
1323 3920 1377 3981 SS.
1401 3923 1433 3993 8,
1448 3921 1536 3989 538).
1581 3920 1648 3981 Dua
1669 3921 1855 3981 Bscinokoll
1882 3923 2039 3997 eutsprs‘cbt
2065 3922 2130 3982 dem
2154 3923 2204 3983 Ge

662 4031 769 4091 ὸναιιεΙι
790 4032 840 4091 dea
864 4029 925 4091 GC.
949 4060 994 4069 —
1016 4029 1076 4089 Die
1104 4048 1158 4089 von
1186 4028 1249 4089 dem
1273 4029 1343 4105 Voqt
1371 4047 1427 4088 oon
1448 4027 1585 4117 Nivellee,
1615 4028 1679 4088 dem
1702 4028 1817 4099 Grasen
1841 4028 1984 4088 Hdnrr'ci
2011 4048 2067 4089 von
2089 4030 2204 4101 Ιιότοικ,

661 4139 854 4213 obpetretenen
875 4137 980 4208 Hersen
1002 4137 1083 4213 lupen
1106 4136 1179 4196 oncis
1200 4136 1255 4196 den
1279 4135 1367 4196 Gesta
1389 4134 1451 4196 abb.
1478 4134 1586 4195 Genrbl.
1611 4153 1673 4210 cop.
1691 4136 1732 4195 32
1753 4135 1784 4194 in
1808 4135 1893 4195 Erite.

661 4307 701 4371 In
723 4307 854 4371 nomine
878 4316 990 4393 sancte
1014 4316 1047 4369 et
1069 4303 1239 4391 individue
1261 4303 1424 4369 trinitatis.
1462 4302 1660 4369 Heinricus⁸
1678 4304 1784 4390 gratia
1802 4302 1857 4369 dei
1874 4303 2095 4369 Romanomm
2114 4326 2206 4395 cesar
2222 4324 2245 4366 n

555 4424 711 4500 augustus
727 4412 877 4478 omnibus
892 4413 927 4477 in
943 4410 1071 4477 Obristo
1087 4412 1142 4498 pie
1157 4412 1270 4476 vivere
1285 4407 1480 4475 volentibus.
1564 4409 1683 4475 Notum
1707 4432 1779 4474 esse
1802 4410 1952 4475 volumus
1971 4408 2122 4476 omnibus
2140 4421 2205 4475 tam

556 4517 762 4607 presentibus
785 4541 884 4606 quam
906 4518 1023 4583 futuris
1047 4518 1212 4605 quoddam
1234 4528 1344 4605 nostre
1369 4515 1489 4582 donum
1512 4515 1690 4603 dignitatis,
1715 4516 1803 4604 quod
1825 4516 1978 4604 precibus
2002 4517 2205 4604 quorundam

556 4638 739 4692 nostrorum
757 4624 901 4689 fidelium
921 4622 1117 4712 quibusdam
1136 4623 1330 4689 contulimus
1350 4621 1508 4707 ecclesiis.
1547 4622 1766 4710 Congregetio
1784 4621 2052 4689 Gremblacensisb
2069 4625 2205 4712 ecclesie

556 4733 590 4798 in
613 4753 698 4818 pago
722 4730 909 4796 Demuensi
932 4732 993 4816 site
1020 4732 1054 4795 in
1076 4729 1269 4817 parroechia
1292 4729 1417 4796 scilicet
1439 4728 1670 4794 Leodicensise
1695 4729 1844 4818 ecclesie,
1875 4740 2017 4796 asstante
2046 4729 2205 4796 advocato

557 4862 626 4922 suo,
646 4836 810 4926 quandam
829 4836 998 4902 cuiusdam
1017 4848 1103 4926 terre
1122 4837 1407 4903 commutationem
1422 4836 1547 4901 fecerat
1562 4859 1636 4901 cum
1651 4836 1808 4901 Heinrico
1824 4836 2055 4924 Niuigellensis
2074 4837 2205 4927 abbatie
2222 4856 2245 4899 n

557 4945 728 5027 advocato,
759 4967 857 5031 quam
887 4955 1014 5009 constat
1043 4945 1163 5010 factam
1194 4943 1306 5009 ordine
1337 4945 1415 5007 isto:
1447 4944 1658 5029 congregatio
1683 4942 1930 5010 Gemblacensis
1954 4944 2093 5035 ecclesie
2115 4944 2205 5010 Nini·

557 5051 692 5138 gellensi
717 5050 854 5138 ecclesie
878 5051 1042 5138 quinque‘¹
1066 5051 1176 5116 dedit‘¹
1199 5074 1329 5116 mansos
1353 5052 1387 5113 in
1410 5049 1489 5114 ville
1511 5050 1633 5115 Bascui
1657 5049 1745 5115 dieta
1776 5053 1865 5132 sitos,
1895 5050 2126 5139 predictusque
2150 5050 2205 5116 ad-

556 5169 692 5224 vocatus
728 5157 865 5246 ecclesie
899 5157 1131 5244 Niuigelleusis
1166 5157 1309 5222 reddidit
1343 5157 1374 5221 ei
1408 5156 1543 5222 totidem
1577 5158 1627 5221 sui
1661 5155 1815 5222 beneficii
1849 5180 1869 5222 a
1900 5180 1952 5223 me
1982 5155 2044 5222 sibi
2076 5159 2143 5223 dati
2173 5160 2205 5222 in

628 5361 691 5419 336.
718 5361 748 5427 dl
766 5367 876 5428 aream
891 5379 943 5415 uus
953 5364 1011 5415 ἀιηι
1025 5363 1238 5416 Bareordoeuea
1249 5363 1301 5429 (B)
1373 5366 1399 5427 e)
1419 5360 1523 5431 possint
1541 5361 1606 5414 elder
1621 5361 1747 5414 omnibus
1764 5361 1804 5414 uti
1820 5362 2022 5430 sorbeam,
2039 5379 2069 5416 so
2085 5365 2150 5417 dass
2164 5364 2206 5415 die

718 5434 847 5501 &otiose
865 5434 908 5486 die
924 5434 975 5486 das
993 5435 1067 5486 Wort
1085 5434 1170 5487 baben
1188 5435 1272 5499 sollte,
1290 5434 1363 5487 ns'elst
1379 5451 1451 5501 pone
1467 5434 1555 5486 weber
1570 5429 1680 5485 sirt'und
1694 5450 1721 5485 es
1736 5434 1804 5486 autb
1822 5434 1912 5486 bister-
1927 5433 2056 5487 omuibus
2072 5436 2205 5502 cineam
2220 5445 2247 5484 se

719 5506 821 5557 tandm
837 5505 934 5557 Monte
987 5503 1009 5571 l)
1030 5505 1080 5557 dna
1091 5506 1312 5573 sepelfraqmear
1329 5507 1394 5558 idest
1410 5521 1466 5558 nur
1478 5505 1542 5558 norb
1558 5507 1633 5557 elom
1648 5505 1725 5557 Tlm'l
1734 5506 1782 5556 der
1794 5505 1879 5558 Fuisse
1890 5505 1935 5558 des
1945 5507 2080 5558 mundos
2093 5507 2206 5559 Kcr‘sm

717 5577 848 5628 cremara
912 5580 942 5643 g)
962 5576 1095 5627 domm
1112 5594 1161 5630 non
1172 5580 1305 5643 jaspercr
1321 5578 1406 5629 Hand
1421 5575 1480 5629 Pax
1547 5575 1576 5639 h)
1598 5584 1652 5631 1111.
1670 5576 1799 5629 cs'cllcs‘ebt
1817 5578 1846 5628 in
1863 5577 1952 5641 Μῦν
1967 5577 2101 5644 palamne
2117 5578 2206 5629 [Διὰ

718 5647 911 5712 nacbyetrayen
984 5646 1002 5713 i)
1026 5648 1077 5699 dns
1094 5654 1161 5700 msto
1178 5666 1196 5700 n
1214 5650 1270 5711 aas
1285 5650 1379 5700 Rasur
1449 5647 1479 5714 ΙΙ)
1501 5648 1628 5700 delsintcr
1644 5656 1656 5699 1
1673 5647 1836 5701 aurorem.

629 5732 694 5791 333.
719 5732 973 5873 lllllbossdmlwl
1018 5740 1044 5801 a)
1072 5735 1208 5789 Henrieus
1224 5736 1252 5787 Ε
1330 5736 1359 5805 b)
1386 5735 1616 5790 Gemmelaceusis
1632 5736 1661 5787 Ε
1740 5738 1766 5797 c)
1794 5734 1995 5790 Leodieusisll'
2074 5735 2104 5804 d)
2129 5734 2205 5790 dedit
2219 5817 2246 5858 ὦ
