4836 6492
877 430 1112 488 HEINRICH
1134 431 1173 485 11.
1215 429 1309 487 1021.
1856 422 1919 485 567

268 643 355 702 mus,
388 642 448 706 per
479 618 565 683 hane
597 617 799 705 imperialem
831 619 985 705 paginam
1016 617 1174 683 donamus
1207 628 1304 704 atque
1336 616 1492 703 largimur
1520 617 1555 680 in
1584 616 1761 702 proprium.
1814 615 1857 679 Et
1886 625 1922 679 ut

267 726 350 791 haee
374 737 503 791 nostrae
534 725 717 790 traditionis
747 725 923 789 auctoritas
954 723 1078 789 stabilis
1108 736 1308 811 permaneat,
1339 746 1412 788 eam
1441 746 1540 788 manu
1569 723 1703 810 propria
1730 720 1921 787 roborantes

268 832 366 919 sigilli
388 834 492 898 nostri
514 833 718 919 inpressione
741 832 894 896 iussimus
917 832 1076 918 insigniri.

236 1154 250 1194 5
378 1115 619 1205 {Guntherius
644 1114 857 1181 cancellarius
880 1116 953 1180 viee
977 1114 1210 1180 Erehembaldi
1234 1114 1510 1202 archicappellani
1533 1112 1768 1202 recognovit}
1810 1115 1922 1201 (81.3.)

375 1259 466 1323 Data
489 1281 574 1323 anno
605 1257 646 1323 ab
678 1258 901 1323 incarnatione
926 1257 1048 1323 domini
1071 1258 1174 1323 nostri
1196 1258 1273 1322 Iesu
1296 1255 1418 1323 Christi
1440 1256 1612 1321 millesimo
1635 1242 1682 1320 xit
1697 1237 1720 1339 i,
1743 1256 1922 1321 indictione

267 1472 435 1558 regnantis
453 1458 511 1554 lli,
530 1473 720 1559 imperantis
739 1481 848 1536 autem
864 1458 946 1556 vill,
964 1484 1071 1536 actum
1087 1482 1140 1536 v.⁸
1155 1470 1220 1538 kal.
1241 1471 1390 1557 augustib
1407 1470 1625 1557 Noviomag03
1642 1468 1800 1534 feliciterb
1817 1492 1922 1533 amen.

1050 1773 1145 1857 445.

227 1976 253 2017 ιο
274 1934 451 2009 Heinrich
480 1934 619 2033 spticbt
652 1934 718 2008 der
752 1933 1005 2033 bischofliehea
1036 1933 1175 2007 Kirelze
1205 1959 1250 2008 za
1284 1932 1426 2008 Verdea
1461 1932 1531 2007 dea
1565 1932 1748 2008 Nacttaa
1778 1935 1844 2009 der
1873 1937 1924 2010 im

272 2053 437 2128 Bistbom
464 2053 605 2128 Verden
629 2054 883 2128 versterbeaea
909 2079 1036 2126 arnseo
1066 2051 1225 2130 elatea
1248 2080 1301 2145 za,
1336 2052 1474 2127 erblart
1498 2053 1758 2154 benrtpmisehe
1778 2053 1923 2131 Recla-

270 2171 455 2273 9esehefte
480 2172 759 2247 verhet'retbeter
783 2169 951 2262 Clerilcer,
979 2172 1095 2246 durch
1120 2172 1249 2246 welche
1273 2173 1333 2246 ilar
1355 2169 1431 2250 Gar
1456 2171 1522 2246 der
1546 2172 1685 2247 Kirehe
1712 2173 1927 2272 eatfremdet

271 2293 418 2367 werden
441 2293 517 2385 soll,
537 2292 616 2390 fttr
638 2292 793 2393 aapiltt'p
817 2292 899 2367 aad
921 2292 1109 2366 verzielttet
1131 2319 1175 2366 aa
1198 2290 1360 2368 Gaastea
1381 2292 1447 2366 der
1468 2292 1606 2367 Kirehe
1626 2292 1706 2392 aas
1723 2294 1791 2368 das
1811 2294 1926 2370 Recta

274 2412 335 2486 des
360 2411 503 2513 Kliaips
529 2439 580 2486 aa
605 2412 756 2486 solebam
783 2411 975 2485 Neebless.
1512 2439 1592 2499 Kar„
1615 2441 1693 2501 1021
1717 2441 1827 2517 Atym
1850 2444 1878 2502 7·

229 2650 255 2690 η
383 2620 627 2695 Οᾶφίπᾶἄίρῑοτη
649 2620 690 2679 im
712 2620 740 2679 lt.
761 2618 961 2679 Staatsarehiv
983 2638 1018 2678 zu
1040 2619 1199 2678 Hoaneeer
1223 2619 1295 2685 (A).

381 2763 552 2839 Hodeaberq
562 2763 704 2822 Verdeuer
717 2762 988 2837 Geschiclttsqaellea
1002 2764 1034 2833 2,
1044 2764 1086 2820 25
1101 2764 1165 2821 ⁷2⁰8
1180 2780 1233 2821 aas
1247 2762 1275 2819 A
1290 2762 1345 2821 mit
1359 2762 1409 2820 VI.
1423 2762 1466 2821 id.
1479 2780 1551 2838 aug.
1564 2792 1606 2800 -
1622 2761 1746 2837 Stampf
1752 2761 1823 2839 Rea.
1835 2764 1922 2822 1764.

383 2906 569 2965 Gestarieben
598 2925 654 2965 voa
678 2904 743 2964 GE.
788 2904 848 2964 Voa
877 2905 980 2964 diesem
1009 2905 1076 2963 stad
1104 2904 1274 2963 mindeateas
1303 2904 1437 2981 hbnpaaq
1466 2904 1525 2963 aad
1554 2903 1669 2964 Schlaas
1698 2906 1747 2965 des
1777 2903 1926 2965 Cometes

381 3013 454 3072 anch
484 3015 622 3084 versarat,
652 3012 789 3071 wabrensi
818 3012 872 3071 das
900 3012 1023 3070 mittiere
1047 3010 1135 3070 Slttcls
1164 3011 1394 3086 etqenttumttcae
1421 3012 1480 3071 aad
1511 3014 1564 3083 ft'tr
1592 3012 1653 3071 sich
1681 3013 1769 3071 atleta
1798 3012 1927 3072 stebeade

388 3120 567 3194 Wenduayea
597 3120 743 3190 associat,
773 3137 804 3178 so
833 3119 901 3178 dass
930 3137 959 3178 es
987 3118 1141 3193 sinpliciter
1168 3118 1259 3177 Wetse
1287 3120 1347 3189 auf
1371 3118 1418 3178 eia
1448 3119 1613 3178 mosobab
1641 3119 1694 3178 der
1716 3119 1841 3179 Kaualei
1869 3126 1925 3179 eat-

380 3227 529 3286 standeaes
553 3225 673 3301 &noent
695 3226 873 3302 zurtcltqeht.

382 3397 438 3483 (O.)
461 3393 479 3483 ξ
501 3394 542 3459 In
565 3396 694 3459 nomine
719 3404 851 3459 sanctae
875 3404 908 3459 et
930 3394 1119 3460 individuae
1142 3395 1306 3459 trinitatis.
1352 3394 1528 3460 Heinrieus
1559 3394 1671 3460 divina
1700 3396 1832 3461 favente
1863 3396 1926 3462 cle-

274 3503 396 3568 mentia
424 3503 644 3568 Romanorum
674 3504 851 3589 imperator
880 3512 1047 3588 augustus.
1187 3502 1222 3566 Si
1253 3502 1337 3567 inter
1367 3516 1477 3567 cetera
1505 3504 1635 3590 pietatis
1665 3526 1775 3590 opera,
1809 3503 1927 3591 quibus

275 3608 469 3675 exercendis
488 3610 598 3696 iugem
618 3632 751 3696 operam
769 3607 786 3697 ᾖ
805 3608 883 3673 darc
903 3607 1071 3692 debemus,
1092 3607 1269 3673 aecclesias
1289 3608 1342 3672 dei
1361 3607 1537 3674 sublimare
1557 3619 1590 3673 et
1608 3632 1729 3696 augere
1749 3610 1926 3693 studemus,

274 3740 339 3782 non
363 3716 467 3782 solum
488 3715 701 3803 temporalem
724 3718 759 3780 in
780 3738 863 3802 paee
887 3717 1041 3802 quietem,
1065 3738 1179 3779 verum
1202 3716 1301 3780 etiam
1324 3717 1394 3779 sine
1417 3715 1481 3780 fine
1505 3717 1735 3802 sempiternam
1759 3740 1779 3781 a
1797 3716 1926 3783 Christo

230 3862 257 3903 ,5
276 3835 308 3888 et
341 3826 375 3888 in
410 3822 539 3890 Christo
575 3846 813 3910 consequemur
847 3824 1081 3887 aeternitatem.
1141 3822 1363 3908 Quapropter,
1398 3834 1508 3886 nostra
1543 3822 1754 3888 dilectissima
1787 3825 1927 3910 coniuge

277 3930 473 4018 Cvnigvnda
506 3930 660 3995 videlieet
694 3930 900 4017 imperatrice
935 3941 1075 4015 augusta
1109 3929 1360 4012 interveniente,
1386 3929 1544 4015 Vritgero
1578 3929 1759 3994 venerabili
1793 3942 1927 3996 sanetae

276 4037 454 4102 Fardensis
477 4037 657 4102 aecclesiae
682 4039 835 4124 episeopo
858 4046 969 4101 nostra
991 4036 1152 4122 imperiali
1175 4046 1334 4122 potestate
1359 4038 1588 4119 concessimus,
1611 4038 1710 4101 immo
1729 4049 1762 4101 et
1778 4036 1927 4102 omnibus

276 4144 520 4211 suecessoribus
544 4145 614 4208 eius
638 4144 784 4209 eiusdem
808 4143 871 4208 loci
893 4144 1009 4209 futuris
1032 4141 1217 4229 pastoribus
1239 4141 1458 4224 concedimus,
1481 4153 1527 4225 ut,
1551 4144 1636 4206 siin
1659 4143 1713 4208 illo
1737 4145 1927 4231 episcopatu

276 4274 438 4338 pauperes
471 4250 583 4316 cleriei
612 4252 681 4315 sive
712 4252 746 4315 in
775 4251 979 4315 monasteriis
1010 4248 1070 4314 sub
1101 4248 1242 4334 regulari
1272 4248 1472 4314 districtione
1497 4248 1653 4335 degentes
1677 4252 1747 4315 sive
1770 4250 1927 4316 ecelesias

233 4398 260 4438 ,ο
277 4358 356 4423 foris
379 4370 591 4445 procurantes
614 4357 730 4447 predia
753 4370 786 4422 et
803 4358 968 4443 mancipia
987 4358 1133 4437 emerint,
1157 4356 1307 4420 aedificia
1326 4358 1567 4421 construxerint
1583 4356 1637 4422 vel
1655 4357 1752 4423 aliam
1770 4359 1927 4445 supellec·

278 4465 368 4530 tilem
392 4464 591 4551 collegerint,
620 4476 694 4551 post
723 4475 860 4528 mortem
891 4486 1002 4528 eorum
1033 4462 1148 4527 eadem
1178 4474 1291 4527 saneta
1313 4462 1490 4527 Fardensis
1514 4462 1654 4552 ecelesia
1676 4474 1779 4530 totum
1802 4465 1928 4530 heredi-

278 4573 361 4636 tario
391 4573 461 4637 iure
491 4572 667 4659 possideat,
699 4573 776 4658 quia
804 4572 897 4635 iuxta
926 4582 1055 4635 nostrae
1086 4571 1299 4635 estimationis
1329 4569 1499 4636 arbitrium
1528 4581 1626 4658 atque
1657 4573 1814 4659 canonice
1846 4572 1928 4659 legis

278 4680 459 4743 institutum
489 4702 585 4743 nemo
615 4677 678 4742 illis
707 4679 828 4742 rectius
858 4700 957 4764 quam
983 4686 1097 4742 sancta
1120 4676 1282 4743 aecclesia
1304 4678 1398 4743 heres
1422 4678 1578 4761 succedit,
1610 4701 1652 4744 ex
1676 4702 1740 4766 qua
1763 4689 1796 4744 et
1819 4702 1929 4745 sacros

279 4786 410 4851 ordines
427 4798 460 4850 et
479 4785 634 4872 quicquid
652 4784 774 4850 habere
793 4796 967 4871 potuerunt
985 4798 1211 4871 perceperunt.
1252 4786 1327 4867 Qui,
1347 4785 1434 4873 quod
1454 4784 1549 4868 absit,
1569 4787 1596 4850 si
1615 4809 1735 4851 uxores
1754 4797 1787 4851 et
1804 4787 1929 4873 prolem

234 4932 261 4971 ω
279 4892 437 4958 habentes
460 4892 576 4981 predia
600 4916 665 4957 non
695 4915 755 4979 per
784 4915 830 4974 se,
861 4891 920 4956 scd
949 4914 1008 4978 per
1037 4891 1117 4955 alios
1147 4890 1370 4957 fraudulenter
1393 4903 1580 4979 comparata
1610 4891 1670 4957 sub
1694 4916 1734 4957 ea
1757 4894 1928 4959 occasione

279 4999 405 5064 alienae
429 5002 540 5064 manui
562 4999 701 5064 fecerint
722 4999 819 5082 tradi,
849 5009 904 5064 ut⁸
927 4998 980 5063 vel
1010 5000 1058 5063 sie
1081 4997 1346 5064 subintroductae
1370 4999 1522 5064 mulieres
1546 5023 1670 5087 suaque
1693 5002 1866 5087 posteritas
1890 5024 1930 5066 ea

279 5109 404 5193 possint
433 5119 547 5194 postea
574 5107 752 5194 possidere,
782 5106 930 5171 volumus
959 5105 1114 5170 firmiterb
1144 5104 1293 5171 iubemus
1323 5117 1356 5172 et
1384 5130 1443 5193 pro
1473 5105 1547 5193 lege
1575 5108 1755 5190 statuimus,
1786 5119 1821 5174 ut
1848 5108 1928 5173 nihil

280 5212 321 5279 ob
345 5214 406 5279 hoe
430 5215 524 5280 huius
548 5216 597 5279 sui
620 5215 700 5279 iuris
723 5213 851 5301 prefata
873 5212 1033 5278 aecclesia
1056 5213 1181 5299 perdat,
1212 5213 1270 5277 sed
1300 5213 1387 5279 bona
1416 5215 1553 5299 integra,
1584 5238 1648 5303 que
1677 5216 1723 5280 ita
1745 5214 1862 5280 callide
1886 5214 1928 5280 ab

350 5418 415 5476 444.
440 5418 584 5490 [Bresslsu]
628 5422 654 5485 a)
683 5436 719 5470 an
744 5421 793 5471 der
817 5420 913 5485 Ziffer,
938 5419 1030 5470 welche
1054 5421 1083 5471 in
1107 5418 1196 5482 dafrtr
1218 5419 1351 5484 pelessae
1375 5418 1463 5470 Lache
1488 5419 1682 5485 sechodianos
1712 5423 1760 5484 ist,
1789 5421 1837 5473 het
1865 5437 1930 5472 ntea

234 5525 263 5564 ω
439 5508 474 5542 zu
492 5493 654 5557 corripieren
673 5492 800 5557 msuclst,
820 5491 877 5542 aad
893 5494 932 5542 sie
950 5492 984 5542 ist
1002 5506 1031 5541 se
1050 5489 1200 5541 undeutlicb
1215 5490 1361 5555 perrerden,
1379 5490 1443 5542 dass
1459 5491 1531 5541 nicht
1546 5492 1633 5544 sicher
1648 5494 1810 5544 catastam
1825 5494 1929 5544 werden

440 5564 522 5626 Ιεαηπ,
542 5563 572 5614 eb
590 5571 610 5613 Χ
627 5579 678 5613 aas
696 5570 713 5613 V
731 5563 794 5615 orler
812 5569 832 5614 V
850 5579 901 5613 aus
919 5571 939 5612 x
955 5561 1095 5613 oerbeasert
1113 5562 1216 5612 werden
1233 5561 1321 5621 sellim
1345 5561 1411 5613 doeh
1436 5562 1536 5613 seheint
1560 5580 1613 5614 uns
1636 5565 1687 5615 clas
1712 5565 1815 5617 letam
1837 5565 1929 5615 wahr-

439 5634 625 5699 sches'alicber;
649 5636 701 5685 seir
719 5635 803 5686 baben
821 5634 906 5685 daher
923 5635 971 5684 mit
989 5632 1066 5685 allam
1086 5632 1226 5684 Vortstatt
1245 5638 1264 5683 V
1283 5635 1420 5699 ernanus
1510 5633 1540 5702 b)
1565 5633 1639 5703 gusti
1657 5666 1689 5674 -
1705 5634 1822 5688 feliciter
1840 5636 1930 5688 tenter

441 5721 475 5757 au
494 5708 523 5756 tn
541 5706 629 5768 dufer
646 5707 779 5770 pelossene
798 5706 886 5757 Lacte
903 5706 1107 5770 nachqetrapen.

350 5791 414 5849 445.
441 5792 585 5862 [Bresslau]
622 5798 648 5861 a)
673 5798 703 5847 ut
721 5795 786 5846 ather
803 5795 852 5847 ἄεν
869 5794 940 5846 Zeila
957 5793 1150 5859 metaurum
1222 5792 1252 5857 b)
1273 5793 1399 5845 dabinur
1417 5792 1518 5857 sarar,
1536 5794 1661 5846 ridleicht
1679 5811 1729 5848 roa
1747 5812 1773 5863 q,
