4766 6604
545 432 610 494 366
1145 436 1611 492 KAISERURKUNDEN.

543 624 671 688 Idcirco
690 634 802 688 notum
821 625 862 688 sit
882 621 1032 688 omnibus
1052 634 1184 687 sanctae
1205 623 1258 687 dei
1279 622 1437 688 eeclesiae
1456 621 1609 687 fidelibus
1628 625 1813 709 nostrisque
1829 621 2061 708 praesentibus
2082 624 2202 689 scilicet

543 743 576 794 et
605 731 732 811 futuris,
765 730 905 816 qualiter
933 752 993 795 nos
1024 729 1135 793 divino
1167 728 1270 793 afflati
1300 729 1456 793 instinctu
1481 742 1514 793 et
1537 729 1724 794 humillimis
1748 728 2044 816 supplicationibus
2069 732 2202 795 chrici

542 838 643 902 nostri
667 836 779 901 dilecti
802 836 990 901 cancellarii
1015 834 1179 922 quendam
1202 833 1357 899 abbatem
1383 836 1513 899 nomine
1533 835 1735 921 siginulfum,
1765 837 1821 922 qui
1844 847 1974 922 praeest
2003 841 2201 903 monasterio

542 943 665 1008 domini
689 942 868 1009 Salvator-is
892 942 980 1029 quod
1004 942 1124 1007 dicitur
1147 941 1251 1021 Tella,
1283 963 1357 1005 cum
1381 941 1536 1006 fratribus
1560 941 1621 1006 sub
1645 942 1804 1028 regularis
1828 943 2022 1029 discipliuae
2046 946 2201 1009 institutis

513 1048 664 1114 ribidem
687 1049 818 1114 domino
842 1049 1075 1114 famulantibus
1098 1049 1222 1135 pariter
1245 1078 1307 1113 eum
1331 1050 1402 1135 ipso
1426 1050 1623 1113 monasterio
1653 1060 1687 1113 et
1709 1064 1835 1114 omnibus
1861 1065 1943 1114 rebus
1967 1049 2151 1115 mobilibus
2172 1066 2231 1115 ets

541 1156 760 1221 immobilibus
785 1156 908 1221 colonis
933 1168 965 1220 et
988 1154 1165 1220 colonabus
1193 1168 1226 1219 et
1253 1171 1396 1234 utrimque
1422 1186 1505 1220 sexus
1532 1156 1664 1220 familiis
1688 1179 1727 1220 ac
1751 1158 1941 1221 massaritiis
1964 1157 2019 1221 vel
2044 1156 2201 1244 quicquid

541 1263 629 1327 idem
645 1262 840 1328 coenobium
855 1264 991 1327 interius
1008 1264 1218 1348 exteriusque
1235 1263 1392 1326 moderno
1409 1273 1554 1349 tempore
1575 1286 1705 1349 quoque
1724 1262 1767 1327 ad
1786 1286 1863 1327 usus
1879 1264 2016 1328 fratrum
2031 1264 2201 1350 possidere

541 1370 745 1435 videtur.vel
776 1393 860 1456 quae
891 1369 1004 1434 dimna
1034 1369 1139 1456 pietas
1169 1368 1246 1432 illue
1277 1368 1399 1433 addere
1431 1368 1624 1449 decreverit,
1656 1380 1750 1433 curnt
1779 1384 2009 1434 commendatitiis
2035 1386 2200 1444 hominibus,

541 1479 597 1564 qui
620 1489 746 1563 partem
769 1500 903 1541 suarum
932 1498 1042 1540 rerum
1073 1477 1107 1539 in
1137 1475 1253 1540 eodem
1285 1475 1356 1540 loco
1387 1476 1504 1540 efferre
1534 1475 1688 1540 videntur
1717 1498 1776 1540 seu
1806 1477 1863 1563 qui
1893 1498 1936 1540 ex
1966 1478 2100 1563 integro
2131 1501 2200 1542 cum

541 1583 690 1648 omnibus
714 1585 782 1647 suis
805 1606 864 1669 pro
895 1606 955 1646 sua
985 1582 1164 1647 salvatione
1198 1581 1306 1646 eidem
1339 1604 1374 1646 se
1407 1583 1588 1663 confertmt,
1620 1605 1680 1668 per
1713 1582 1797 1646 hanc
1831 1594 1962 1647 nostrae
1994 1585 2199 1648 auctoritatis
2217 1610 2235 1647 ιι

541 1691 695 1776 paginam
718 1705 770 1753 sub
789 1710 900 1753 nostrae
920 1704 1046 1753 tuitionis
1065 1697 1287 1752 mundburdumb
1313 1690 1432 1752 uostris
1460 1688 1641 1775 futurisque
1671 1689 1872 1775 temporibus
1898 1707 2105 1771 ene-cepimus.
2151 1691 2199 1754 De

540 1796 688 1860 vassallis
712 1818 802 1877 vero,
834 1797 890 1882 qui
913 1795 1061 1883 praefato
1090 1793 1203 1858 abbati
1234 1794 1276 1858 ad
1299 1794 1473 1859 utilitatem
1497 1796 1598 1881 ipsius
1625 1796 1813 1859 monasterii
1836 1819 1895 1883 pro
1919 1806 2069 1882 tempore
2094 1798 2198 1862 deser·

541 1904 643 1985 viunt,
674 1904 894 1989 praecipimus
919 1903 1059 1983 omnino,
1090 1913 1126 1965 ut
1149 1923 1244 1965 nemo
1269 1901 1357 1988 quod
1379 1903 1532 1965 iniustum
1557 1901 1688 1966 videtur
1711 1903 1758 1966 cis
1781 1902 1902 1966 inferre
1925 1917 2120 1989 praesumat
2142 1926 2198 1967 nec

542 2031 598 2074 eos
621 2009 704 2095 legis
728 2010 901 2073 occasione
924 2009 959 2071 in
982 2007 1091 2093 aliquo
1116 2007 1271 2071 damnare
1295 2019 1508 2093 pertemptct;
1534 2019 1565 2071 et
1584 2009 1612 2071 si
1631 2009 1760 2072 occasio
1781 2010 1828 2072 eis
1848 2011 1960 2095 gravis
1978 2010 2124 2092 ridetur,
2148 2024 2198 2073 sut

542 2126 617 2179 ante
641 2117 706 2179 iam
730 2115 811 2179 dicti
833 2115 897 2179 loci
921 2114 1074 2178 abbatem
1098 2116 1154 2200 qui
1177 2138 1236 2200 pro
1260 2126 1407 2201 tempore
1430 2115 1528 2179 fiterit
1551 2114 1725 2179 deliniatur
1743 2117 1851 2180 autin
1870 2128 1983 2181 nostra
2000 2129 2197 2181 nostrorum·
2213 2139 2233 2177 s

499 2245 605 2308 nque
640 2222 811 2286 missorum
846 2222 1043 2308 praesentia.
1097 2233 1247 2285 Castellum
1274 2236 1358 2285 etiem
1391 2221 1555 2307 quoddam
1590 2222 1626 2285 in
1654 2222 1864 2288 Lauernaseo
1899 2234 2125 2288 constructum
2159 2221 2196 2285 ob

541 2344 780 2408 persecutionem
814 2340 846 2392 ei
878 2327 1167 2415 depraedationem
1201 2327 1358 2392 malorum
1389 2327 1555 2391 bominum
1590 2343 1625 2392 ad
1657 2341 1804 2393 utilitatem
1838 2345 2006 2394 denominati
2040 2345 2196 2395 monasterii

541 2434 712 2499 redifieare
743 2447 840 2521 utque
870 2435 1010 2515 firmare,
1044 2455 1075 2498 ut
1100 2456 1194 2498 nostra
1220 2450 1386 2499 auctoritate
1412 2455 1538 2499 serretur
1564 2454 1591 2500 et
1616 2456 1734 2510 tueatur,
1763 2451 1899 2501 fraternae
1925 2454 2139 2517 congregationi
2163 2449 2194 2500 ei

541 2572 652 2605 suornm
672 2555 858 2621 plenissimam
876 2554 993 2605 salutem
1017 2552 1116 2626 atquo
1139 2540 1273 2604 tutelam
1298 2556 1475 2605 concedimus
1499 2563 1527 2605 et
1550 2555 1689 2621 largimur,
1714 2564 1775 2606 noc
1799 2566 1864 2607 non
1888 2544 1987 2607 otium
2009 2567 2071 2629 pro
2095 2544 2194 2608 salute

541 2650 669 2712 animae
689 2658 818 2712 nostrae
838 2649 1005 2733 nostrique
1025 2648 1153 2732 imperii
1174 2648 1388 2732 prosperitate
1409 2646 1590 2711 stabilimus
1609 2660 1707 2734 atque
1726 2649 1892 2713 finnamus
1911 2649 2017 2714 eidem
2039 2649 2194 2715 coenobio
2210 2673 2231 2708 s

540 2753 760 2841 fratribusque
795 2752 875 2818 inibi
910 2777 969 2840 pro
1005 2766 1150 2839 tempore
1184 2753 1246 2817 deo
1279 2753 1497 2818 seruientibus
1530 2754 1645 2818 cellam
1678 2778 1776 2819 unam
1809 2757 1843 2819 in
1875 2755 2031 2821 bonorem
2064 2774 2194 2822 sanctae

541 2860 595 2925 dei
618 2863 786 2947 genitricis
809 2861 935 2924 Mariae
959 2872 1179 2924 constructam
1209 2861 1242 2922 in
1266 2859 1344 2923 villa
1369 2859 1465 2947 [quae
1489 2861 1694 2925 blistrianum
1718 2875 1925 2949 nuncupatur
1948 2887 2022 2928 cum
2046 2865 2194 2929 massari-

541 2969 595 3031 tiis
627 2969 662 3031 in
693 2968 803 3056 villa]c
837 2969 942 3031 sancti
972 2966 1123 3032 Cassiani
1155 2978 1253 3053 atque
1286 2967 1320 3029 in
1352 2966 1545 3051 Laganiano
1579 2980 1611 3032 et
1644 2969 1804 3033 Catiuello
1839 2980 1872 3034 et
1902 2970 2055 3054 Lucullo,
2090 2970 2193 3036 casale

542 3073 696 3156 Sarbadi‚
735 3073 922 3153 Rauanioli,
963 3073 1111 3155 saliano,
1151 3072 1252 3137 Burla
1290 3087 1388 3159 atque
1426 3074 1575 3161 Pulpano
1608 3076 1894 3172 pommanentibus
1933 3100 2007 3141 cum
2047 3077 2192 3142 omnibus

541 3179 639 3245 rebus
662 3181 785 3246 eisdem
809 3179 1062 3267 pertinentibus,
1090 3192 1126 3244 ut
1148 3178 1250 3244 libere
1274 3181 1477 3266 pacificeque
1501 3180 1624 3267 absque
1649 3182 1793 3246 omnium
1815 3183 2041 3269 inquietudine
2064 3194 2192 3249 teneant
2207 3202 2228 3240 a

510 3300 638 3373 ratque
668 3288 866 3375 possideant.
918 3303 1035 3367 iusuper
1065 3289 1164 3351 etiam
1192 3302 1318 3361 iubemus
1348 3285 1563 3375 iubentesque
1593 3304 1789 3369 praecipimus,
1819 3310 1860 3363 ut,
1891 3304 2066 3377 postquam
2099 3291 2191 3376 inspi-

541 3406 631 3458 rante
662 3395 782 3481 pietate
813 3394 926 3459 divina
949 3393 1165 3481 praelibatum
1194 3409 1388 3458 monesterium
1417 3411 1444 3459 iu
1473 3409 1604 3459 honorem
1635 3394 1756 3459 domini
1788 3410 1940 3461 salvatoris
1965 3410 2190 3463 ceusuuetum.

540 3500 628 3587 quod
667 3501 786 3566 dicitur
820 3503 904 3565 sicut
938 3524 1038 3587 supra
1071 3500 1191 3586 legitur
1218 3514 1306 3575 Tutia,
1331 3514 1427 3587 prout
1457 3524 1556 3586 supra
1586 3501 1856 3587 comprehensum
1886 3516 1949 3583 est,
1979 3535 2042 3568 eum
2071 3520 2191 3571 omuibus

540 3623 621 3673 rebus
650 3607 825 3673 mobilibus
856 3620 889 3672 et
918 3606 1139 3672 immobilibus
1170 3630 1208 3672 ac
1239 3623 1381 3686 utriusque
1405 3638 1486 3672 sexus
1516 3608 1646 3672 familiis
1677 3631 1808 3696 quoquo
1839 3611 1934 3675 modo
1965 3610 2029 3675 sibi
2058 3628 2190 3692 pertimu-

539 3732 613 3781 tibus
642 3747 658 3779 a
685 3730 945 3796 praedecessoribus
972 3730 1073 3779 nostris
1102 3730 1298 3779 Ambrosianus
1331 3728 1466 3779 ecclesiae
1498 3731 1607 3795 penitus
1639 3728 1766 3794 largitum
1797 3728 1830 3780 et
1860 3747 2020 3782 concessum
2048 3734 2108 3784 iore
2135 3748 2189 3799 per·
2207 3744 2228 3781 ao

538 3832 707 3905 speximued,
730 3836 877 3887 volumius
900 3850 927 3895 ιι,
957 3844 987 3885 ut
1008 3849 1024 3881 a
1053 3837 1175 3886 eiusdem
1201 3834 1335 3885 ecclesiae
1362 3832 1609 3886 monasteriorum‘
1640 3822 1892 3887 eonsuetudines
1923 3835 1956 3887 et
1984 3848 2094 3890 mores
2123 3846 2190 3911 pro·

539 3940 695 4017 sequatur
716 3946 746 3994 in
764 3946 883 3994 eunctis:
911 3946 1006 4003 idest,
1035 3951 1064 3994 ut
1084 3943 1169 3993 abbas
1187 3943 1322 4008 praedicti
1343 3944 1501 3992 monasterii
1528 3945 1574 4007 qui
1598 3959 1647 4008 pro
1672 3949 1794 4009 tempore
1814 3944 1896 3994 fuerit
1915 3946 2047 4010 quiequid
2068 3949 2097 3997 in
2115 3947 2190 3995 domo

539 4050 627 4103 coltili
647 4052 812 4115 ubicumque
831 4067 942 4100 sitorum
964 4050 1086 4101 locorum
1107 4049 1231 4100 laborare
1252 4036 1426 4115 curaverit,
1449 4052 1527 4099 sii-c
1547 4051 1634 4115 ipsius
1654 4052 1811 4101 monasterii
1832 4035 2002 4102 domestici
2021 4038 2134 4103 famuli
2153 4036 2190 4101 tie

539 4160 599 4218 hoc,
616 4161 752 4223 quodpro
767 4159 929 4207 vestimento
947 4142 1144 4228 ubicumque
1171 4159 1282 4224 proprio
1308 4143 1492 4206 invenerint
1518 4156 1719 4207 elaborantes
1744 4159 1853 4217 sudore,
1878 4157 1956 4208 nulla
1975 4175 2008 4209 ex
2027 4160 2069 4209 bis
2089 4161 2191 4210 decima

538 4281 627 4329 neque
647 4265 681 4315 ab
701 4266 831 4330 episeopo
851 4264 1030 4314 Placentinae
1050 4263 1185 4314 eeclesiae
1204 4266 1317 4329 suisque
1342 4263 1550 4313 suecessoribus
1569 4279 1659 4327 neque
1679 4280 1695 4313 a
1721 4248 1920 4336 quibuslibet
1945 4267 2069 4316 eiusdem
2088 4268 2189 4333 episco
2206 4275 2227 4314 u

539 4379 619 4438 patus
646 4370 767 4436 plebium
794 4372 1054 4435 archipraesbytcn's
1080 4356 1132 4419 vel
1163 4357 1356 4442 praepositis
1387 4378 1446 4441 per
1476 4354 1615 4441 quodvis
1641 4372 1766 4435 exigatur
1789 4357 1965 4441 ingenium,
1999 4373 2048 4424 sed
2073 4373 2189 4439 bospitio

539 4479 661 4528 eiusdem
687 4479 854 4536 monasterii,
881 4464 927 4526 uti
950 4464 1071 4526 iustum
1095 4474 1153 4543 est,
1182 4486 1240 4548 pro
1268 4461 1467 4549 pauperibus
1495 4476 1592 4526 offerre
1619 4483 1765 4543 negetura,
1792 4478 1857 4542 quia
1882 4473 1942 4528 sich
1967 4483 2188 4545 praenominatae

539 4584 675 4635 ccclesiae
694 4584 891 4634 Ambrosianus
912 4585 1046 4634 coenobia
1065 4600 1197 4649 peragere
1218 4585 1408 4649 comperimus.
1447 4568 1532 4632 Tum
1554 4570 1652 4632 etium
1672 4586 1857 4650 praecipimus
1876 4592 1959 4650 atque
1979 4594 2073 4637 nostra
2090 4602 2108 4632 e
2128 4602 2188 4637 auc·

539 4693 650 4743 toritete
674 4677 847 4758 sancimus,
874 4698 904 4740 ut
930 4690 1023 4741 uuum
1050 4678 1226 4762 superioris
1249 4676 1303 4740 vel
1333 4676 1495 4740 inferioris
1526 4675 1649 4739 ordinis
1679 4686 1735 4739 rei¹
1764 4690 1892 4756 publicae
1919 4690 2112 4764 procurator
2140 4676 2189 4742 vel

539 4797 706 4863 quaelibet
723 4812 739 4842 e
767 4814 866 4862 magne
892 4814 1030 4863 parvaque
1059 4813 1177 4863 persone
1207 4782 1331 4867 absque
1363 4805 1523 4846 consensu
1554 4794 1585 4847 et
1615 4783 1782 4847 voluntate
1813 4784 1973 4870 praedicti
2004 4785 2227 4851 monasteriis

538 4891 668 4956 abbatis
690 4891 743 4955 vel
771 4913 995 4954 successorum
1027 4891 1096 4953 eius
1126 4891 1161 4954 in
1190 4891 1297 4976 ipsum
1328 4890 1559 4953 monasterium
1589 4889 1642 4953 vel
1672 4890 1745 4955 loca
1775 4891 1851 4956 illuc
1880 4892 1965 4955 iuste
1994 4893 2188 4978 pertinentia

538 4998 666 5085 ingredi
701 5009 757 5062 aut
790 4996 889 5060 ullam
924 4996 1105 5060 molestiam
1139 4996 1193 5059 vel
1228 4998 1490 5060 contrarietatem
1520 5006 1585 5059 tam
1612 5010 1646 5060 de
1672 5012 1799 5061 omuibus
1827 4998 1973 5063 eiusdem
2003 4999 2188 5064 monasterii

538 5121 619 5170 rebus
646 5128 743 5192 quam
768 5120 801 5170 de
827 5119 950 5176 decimis,
981 5116 1016 5167 ut
1041 5119 1163 5167 dietum
1187 5112 1246 5183 cst,
1277 5104 1338 5188 ipsi
1368 5118 1481 5167 abbati
1515 5102 1568 5166 vel
1597 5119 1824 5169 successoribus
1849 5120 1920 5169 suis
1952 5105 2018 5170 ullo
2048 5128 2188 5193 unquam

538 5224 681 5298 tempore
706 5213 826 5275 inferre
847 5230 1057 5290 praesumtum
1082 5209 1140 5273 sed
1163 5209 1261 5273 liceat
1284 5211 1530 5295 praenominato
1553 5208 1760 5274 abbaticum
1784 5209 1933 5275 omnibus
1955 5214 2022 5276 suis
2045 5236 2105 5299 per
2124 5228 2186 5277 hee

539 5340 668 5383 uestrae
697 5317 895 5383 defensionis
926 5340 965 5380 ac
993 5332 1138 5380 tuitionis
1169 5328 1380 5402 praeceptum
1412 5317 1520 5402 quiete
1544 5317 1656 5380 rivere
1687 5328 1720 5380 et
1745 5317 1883 5403 pacifico
1907 5318 2021 5383 ordine
2044 5319 2187 5384 divinum
2202 5338 2225 5377 o

539 5449 612 5489 cum
636 5425 782 5489 eiusdem
804 5424 993 5488 monasterii
1015 5422 1170 5487 fratribus
1194 5445 1324 5508 semper
1341 5421 1476 5509 implere
1501 5421 1693 5509 obsequium
1715 5455 1765 5505 pro
1788 5423 1883 5488 nobis
1908 5446 2038 5505 statuque
2063 5424 2186 5514 imperii

608 5566 672 5621 toi.
698 5565 807 5636 [Bloch]
849 5568 875 5633 a)
892 5564 921 5617 iu
940 5566 966 5617 P
1032 5564 1062 5632 b)
1081 5563 1244 5618 mandburd
1258 5565 1284 5617 P
1344 5570 1369 5632 c)
1388 5565 1456 5629 stitit
1472 5568 1502 5617 in
1518 5566 1549 5628 P,
1566 5571 1677 5632 aportat
1692 5583 1744 5620 atta
1758 5568 1806 5620 der
1822 5568 1853 5619 N
1856 5567 1885 5621 U.
1899 5568 2015 5636 Stampf
2023 5569 2088 5638 Rea.
2101 5565 2186 5622 4079·

697 5637 725 5703 d)
743 5639 799 5691 VU.
810 5639 839 5699 I,·
862 5635 1051 5704 prospeximus
1070 5637 1095 5688 P
1164 5636 1191 5703 e)
1216 5637 1265 5687 dtr
1283 5637 1422 5689 Soti-eoa
1447 5639 1482 5688 t'at
1506 5637 1566 5688 hier
1590 5640 1620 5689 ot
1637 5639 1720 5705 Foloe
1743 5639 1941 5705 enuntiatae
1959 5641 2120 5707 Beautzutsy
2141 5641 2186 5691 dc

701 5710 760 5762 VU.
771 5710 790 5760 Ι
803 5726 853 5760 aus
869 5709 917 5760 der
934 5709 1119 5759 Οιὶιιείιτιοίὶωι
1134 5708 1252 5773 asfaltes
1305 5706 1332 5775 f)
1349 5708 1375 5757 V
1377 5708 1406 5761 U.
1417 5708 1437 5759 I
1437 5727 1447 5769 ,·
1465 5708 1662 5761 monasterium
1675 5710 1701 5761 P
1750 5712 1778 5778 g)
1792 5710 1819 5761 V
1822 5710 1853 5764 U.
1862 5711 1892 5773 Ι,·
1910 5715 2027 5765 conetur
2038 5712 2064 5763 P
2105 5712 2134 5771 h)
2151 5711 2185 5769 P,-

697 5780 767 5832 sicut
783 5780 842 5834 Vt&
853 5781 876 5842 Ι,
897 5796 952 5830 tuos
969 5795 1024 5829 nur
1042 5780 1118 5831 Lest-
1136 5779 1200 5830 odet·
1217 5778 1415 5843 Seortidfehler
1432 5781 1489 5831 aaa
1506 5779 1599 5844 dorsis
1671 5780 1691 5849 i)
1710 5780 1805 5849 reique
1823 5781 1850 5833 P
2201 5794 2224 5830 so
