4836 6504
506 341 568 405 198
1101 349 1560 406 KAISERURKUNDEN.

609 532 859 623 {Eberhardus
883 534 1097 600 cancellarius
1122 538 1194 600 sice
1218 536 1384 622 Uuilligisi
1408 535 1661 623 archicapellani
1685 536 1872 622 recognovi.
1896 533 1913 623 ξ
1993 536 2050 619 (sl.
2068 535 2119 621 2.)

608 676 696 740 Data
719 676 783 740 kal.
804 687 895 741 nov.e
915 677 1091 741 indictione
1107 692 1142 759 V,
1167 700 1252 742 anno
1277 677 1438 742 dominice
1462 679 1695 743 incarnationis
1718 693 1810 759 nvn,
1835 700 1920 742 anno
1942 676 2176 742 verodomni

503 783 651 847 Heinrici
674 782 808 847 secundi
832 786 999 869 regnantis
1015 799 1069 867 v13
1101 795 1210 848 actum
1233 784 1493 867 Frankonofurt3
1519 784 1665 849 'feliciter
1687 806 1793 848 amen.

1284 1083 1368 1171 168.

500 1227 679 1303 Heinrich
704 1227 851 1302 schmitt
874 1228 955 1301 dem
978 1255 1049 1302 voss
1071 1228 1145 1301 itm
1167 1230 1414 1329 peprr's’rtdeten
1431 1229 1595 1303 Bistltum
1613 1230 1795 1331 Bautberp
1817 1232 1914 1304 seiae
1932 1241 2164 1328 pesammten
2192 1265 2209 1304 s

501 1348 739 1448 Besitzuupeu
763 1349 805 1421 iu
831 1347 897 1422 der
925 1345 1148 1455 Grasiebast
1170 1347 1358 1423 Dietmars
1382 1351 1433 1422 im
1461 1346 1547 1424 Gau
1566 1348 1744 1448 VoIIcfeld.

1615 1532 1885 1603 111111νᾶ1007
1899 1531 2059 1591 ll'oeember
2078 1532 2105 1590 1.

610 1682 853 1757 Oripinuldiplom
875 1683 916 1741 im
938 1683 966 1741 lc.
985 1681 1192 1741 Reiolasurclriv
1213 1701 1249 1741 zu
1271 1682 1413 1743 Materies
1437 1683 1509 1750 (A).

610 1823 751 1884 Deductis
780 1826 856 1884 iuris
885 1831 911 1883 et
934 1828 1008 1898 furti
1031 1828 1071 1887 30
1093 1845 1146 1886 aus
1168 1827 1204 1886 A.
1229 1857 1272 1865 —
1295 1780 1748 1903 Βε111ερερνιῖνᾶε1εῬνο111ινρ,
1776 1828 1859 1901 Beyl.
1883 1827 1946 1886 242
1968 1828 2001 1884 u⁰
2016 1826 2075 1884 134
2097 1844 2158 1883 usas

608 1931 644 1990 A.
669 1957 714 1970 -
738 1932 933 2007 (Heyberper)
958 1932 1177 2002 Laudesbobeit,
1195 1934 1281 2007 prob.
1304 1936 1373 1992 ⁷2⁰6
1395 1952 1449 1992 aas
1470 1935 1497 1991 A
1522 1955 1563 1981 =
1591 1934 1763 1993 Cssmmuuu
1786 1933 1843 2008 Ep.
1868 1932 1984 2001 Bamb,
2003 1932 2089 2006 prob.
2112 1934 2157 1990 14
2179 1950 2208 1989 ro

607 2041 639 2097 νιο
660 2040 707 2098 10.
739 2067 784 2076 -
811 2037 891 2097 Mors.
921 2039 1015 2098 Beira
1042 2042 1110 2110 28⁰,
1138 2040 1198 2098 347
1220 2042 1253 2097 a⁰
1272 2043 1336 2099 225
1362 2059 1415 2100 aua
1442 2041 1478 2100 A.
1510 2070 1555 2079 -
1585 2041 1711 2099 Bbbmer
1738 2040 1809 2115 Ray.
1837 2041 1926 2100 1006.
1957 2069 2001 2077 -
2031 2038 2161 2112 Stamps

606 2144 678 2220 Rep.
696 2145 783 2204 1463.

606 2286 851 2347 Misenensem
877 2288 925 2347 des
954 2308 1009 2348 voe
1038 2288 1100 2348 ΕΙ)
1125 2289 1342 2365 bimuqesrtpteu
1373 2290 1572 2349 Rebutokolls
1601 2290 1745 2349 muudiert
1773 2308 1828 2348 voa
1856 2290 1919 2348 deta
1948 2290 1979 2347 in
2008 2290 2060 2347 ἄεν
2078 2287 2152 2346 Vor-

605 2395 773 2469 bemerlrunp
802 2412 837 2453 zu
865 2394 905 2454 D.
924 2397 983 2456 160
1010 2398 1172 2455 erwdbmeu
1195 2396 1433 2467 Hilfaarbreiber.
1471 2396 1526 2455 Ala
1549 2397 1670 2471 Vorlspe
1695 2397 1747 2455 bet
1774 2396 2007 2455 wulsrsrbeialicb
2032 2394 2072 2453 D.
2089 2395 2152 2452 154

605 2502 716 2576 pedient
724 2524 734 2573 ,·
757 2504 816 2573 uus
833 2502 880 2561 die
901 2521 955 2561 veo
979 2503 1082 2562 diesem
1100 2509 1188 2563 etwas
1205 2504 1398 2563 ἄὸᾶείᾶιενᾶε
1415 2504 1549 2579 Fussrmq
1566 2504 1619 2562 der
1639 2502 1851 2573 Gorroborutio,
1874 2503 1922 2562 die
1938 2503 1999 2561 siclt
2014 2502 2149 2576 r‘s'bmpm
2171 2518 2200 2557 m

604 2608 676 2667 areb
705 2608 737 2667 ia
760 2606 800 2667 D.
819 2610 877 2667 164
908 2608 1006 2681 findet,
1038 2610 1142 2669 amna
1171 2611 1323 2684 mbplicher
1349 2611 1439 2669 Weiss
1468 2609 1509 2669 D.
1526 2611 1585 2669 135
1613 2610 1746 2680 Diadum
1774 2611 1908 2685 ausyes'tbt
1936 2610 2035 2668 laben.
2080 2607 2148 2667 Das

607 2714 718 2773 latuere
736 2713 777 2774 D.
797 2716 952 2787 verbriefte
974 2735 1054 2776 zwur
1076 2717 1122 2776 die
1139 2718 1245 2792 pleiehe
1262 2716 1429 2792 Sclwnlmnp
1451 2719 1505 2776 wie
1522 2716 1564 2777 D.
1581 2718 1651 2787 168,
1674 2736 1738 2776 seur
1760 2717 1828 2776 uber
1845 2736 1898 2775 vor·
1915 2717 1967 2776 der
1986 2716 2146 2790 Grbuduuq

605 2820 654 2880 des
675 2821 826 2880 Bethana
853 2823 914 2881 aad
942 2823 1020 2882 nicht
1049 2826 1108 2895 aus
1132 2824 1228 2882 dassen
1251 2824 1375 2893 Nemeo,
1404 2824 1527 2883 scudem
1555 2825 1704 2899 ullpenseiu
1733 2826 1793 2895 aas
1817 2824 1870 2883 ἄεν
1899 2824 1951 2883 ἄεν
1972 2823 2083 2882 Kircbe
2110 2841 2146 2881 za

604 2927 749 3003 Bumberp
777 2929 937 3003 auspestellt
960 2930 1085 2999 worden,
1115 2948 1146 2989 so
1169 2931 1237 2989 dass
1259 2931 1303 2989 bei
1326 2931 1378 2990 ἄεν
1399 2948 1514 3005 prosam
1535 2931 1717 3006 Wicbtipkeit
1746 2932 1839 2990 dieser
1860 2931 2061 3001 amfusseudea
2080 2929 2146 2987 Ver·

605 3035 719 3109 lasum
747 3035 808 3094 eina
837 3036 1052 3095 ausdrdrkliehe
1074 3037 1262 3112 Dseaemap
1290 3055 1326 3097 za
1350 3037 1476 3097 θιινντεη
1507 3038 1556 3097 des
1578 3037 1731 3096 Bistltums
1759 3038 1918 3096 madescit
1945 3038 2007 3096 seia
2028 3037 2144 3095 moctte.
2164 3053 2194 3091 ao

604 3140 693 3201 Dices
714 3142 814 3201 mbiclt
843 3143 890 3202 die
916 3142 1078 3219 Dotiouup
1107 3145 1160 3204 der
1185 3144 1509 3219 Grduduupsurlmudeu
1537 3144 1597 3202 aad
1625 3144 1663 3201 ist
1692 3144 1807 3203 desbulb
1836 3163 1892 3203 voa
1919 3161 1974 3202 aaa
2002 3143 2066 3202 tier
2086 3142 2144 3200 eia-

603 3250 712 3324 pereiht
734 3250 857 3309 worden.
900 3249 1029 3309 Deilmls
1051 3251 1161 3311 ldauee
1183 3252 1230 3311 die
1251 3252 1440 3325 Dwdhuuup
1461 3252 1513 3310 der
1536 3251 1665 3324 Ko‘m'pin
1689 3250 1863 3325 Kunipuude
1884 3251 1926 3309 im
1945 3248 2064 3309 Gestat
2085 3249 2146 3307 aad

603 3355 650 3414 die
667 3356 864 3431 Bezes'elmuop
882 3356 1053 3416 Eberhards
1074 3359 1119 3417 als
1137 3359 1266 3430 Biscbof
1281 3359 1313 3417 iu
1333 3358 1385 3417 der
1402 3357 1589 3432 Remeuitioa
1608 3385 1651 3396 ·-
1675 3358 1767 3416 beides
1784 3356 1890 3432 Diope,
1913 3357 1960 3417 die
1980 3357 2012 3415 ia
2035 3356 2146 3415 larisam

603 3463 656 3522 ἄεν
678 3463 796 3537 sibiipsa
819 3462 891 3521 DD.
915 3483 980 3523 eoru
1003 3465 1030 3523 1.
1047 3463 1122 3524 Noe.
1145 3466 1224 3526 1007
1247 3466 1391 3540 bepeyuen,
1421 3465 1469 3524 die
1496 3466 1709 3524 assisteretis
1732 3463 1853 3523 Studeas
1876 3464 1928 3522 der
1948 3463 2042 3524 saure
2063 3465 2146 3523 1008

604 3569 665 3628 aad
686 3570 766 3630 1009
796 3571 977 3630 υονΙνονννιεν
1005 3599 1050 3610 -
1078 3590 1115 3630 zu
1144 3573 1196 3632 ἄεν
1218 3572 1367 3631 Annubme
1397 3573 1512 3644 fabren,
1542 3572 1610 3631 duaa
1632 3571 1672 3631 D.
1691 3573 1751 3630 168
1773 3577 1832 3630 erat
1853 3576 1952 3645 1ρᾶον
1980 3570 2145 3630 metandae
2163 3585 2190 3625 aa

603 3676 645 3735 sei
674 3676 743 3752 (vpl.
766 3676 873 3736 Ficker
895 3678 990 3737 Beitr.
1016 3679 1153 3751 1‚167),·
1176 3679 1279 3753 jedocb
1308 3680 1347 3737 ist
1375 3698 1404 3738 es
1433 3679 1505 3738 surb
1534 3679 1665 3754 ntdplieb,
1695 3679 1763 3738 desa
1790 3678 1894 3753 perede
1921 3678 1973 3737 ἄεν
1995 3676 2146 3737 Scbreibrr

602 3783 692 3843 dieses
714 3782 754 3843 D.
779 3785 872 3843 solete
894 3785 1082 3860 Nerteruayen
1104 3787 1189 3845 sebon
1213 3786 1317 3857 freber
1338 3786 1399 3845 sud
1420 3787 1484 3845 dier
1505 3790 1599 3845 zuerst
1621 3785 1808 3860 uespebracltt
1829 3786 1888 3844 but.
1953 3856 1962 3863 .

603 3932 660 4022 (C.)
683 3932 701 4024 ξ
723 3933 763 3998 In
786 3936 916 3999 nomine
940 3946 1072 4000 sanctae
1100 3947 1133 4000 et
1164 3935 1343 4001 rndrudue⁸
1366 3937 1527 4000 trinitatis.
1574 3936 1750 3999 Heinricus
1780 3935 1893 3999 divine
1921 3935 2052 4000 favente
2080 3936 2144 4001 cle·

495 4043 617 4107 mentia
640 4064 709 4106 rex.
816 4055 1007 4107 Salaberrimis
1025 4058 1109 4122 igitur
1125 4059 1196 4107 sacri
1214 4056 1318 4122 eloquii
1334 4052 1573 4107 institutionibusb
1592 4058 1730 4107 erudimur
1746 4063 1774 4107 et
1790 4058 1975 4117 admonemur,
1993 4063 2023 4107 ut
2039 4064 2142 4123 tempo·

494 4164 563 4215 ralia
581 4157 595 4231 ll
615 4177 632 4207 a
658 4164 729 4213 bona
756 4169 784 4214 et
809 4170 917 4215 tenena
942 4171 1137 4230 postponentes
1164 4165 1306 4215 commoda
1331 4170 1444 4215 aeterna
1469 4170 1496 4214 et
1521 4165 1581 4214 sine
1606 4164 1659 4215 fine
1685 4179 1813 4214 mansura
1837 4165 1865 4214 in
1891 4162 1957 4234 celis
1982 4165 2142 4214 studeamus
2162 4177 2191 4215 so

494 4272 610 4337 adipisci
629 4272 801 4321 consistoria.
843 4272 1016 4337 Quapropter
1042 4287 1091 4321 nos
1118 4272 1262 4321 dominicis
1289 4287 1342 4321 nou
1367 4272 1479 4321 surdum
1503 4273 1627 4322 auditum
1653 4272 1797 4337 prebentes
1823 4273 1960 4337 preceptis
1985 4276 2013 4321 et
2038 4270 2143 4321 deificis

495 4378 709 4443 obtemperando
728 4379 902 4429 intendentes
921 4379 1096 4429 suasionibus
1115 4378 1251 4442 quendam
1277 4385 1386 4428 nostrae
1412 4388 1525 4447 paterne
1551 4379 1709 4429 hereditatis
1736 4377 1826 4429 locum
1845 4379 2004 4428 Babenberc
2030 4379 2141 4437 dictum,

495 4472 717 4536 consentiente
748 4480 845 4557 atque
876 4482 1009 4556 rogante
1040 4470 1252 4535 dilectissima
1281 4472 1418 4557 coniuge
1448 4481 1559 4535 nostra
1588 4469 1807 4557 Chunigrmda
1836 4470 1988 4536 videlicet
2016 4473 2141 4558 regina,

495 4593 523 4642 in
551 4593 642 4642 sedern
669 4598 696 4641 et
722 4590 830 4642 culmen
856 4592 1052 4658 episcobatus⁸
1077 4590 1250 4642 sublimando
1277 4594 1450 4658 proveximus
1477 4598 1504 4642 et
1529 4593 1652 4643 &mans
1677 4594 1841 4643 auctoritate
1868 4600 1950 4658 atque
1976 4591 2141 4643 venerabilis

494 4698 873 4763 HeinriciVuirsiburgensis
892 4700 1016 4765 episcopi
1036 4714 1171 4749 consensu
1196 4715 1229 4749 ae
1248 4700 1307 4764 pari
1327 4701 1517 4764 communique
1537 4701 1657 4749 omnium
1675 4701 1761 4750 nostri
1784 4699 1904 4751 fidelium
1928 4708 1983 4750 tam
2007 4701 2140 4765 archiepi·
2161 4715 2188 4754 ss

493 4820 640 4871 scoparum
659 4821 741 4870 quam
760 4807 952 4871 episcoporum
971 4806 1156 4871 abbatumque
1175 4823 1225 4857 nee
1244 4823 1298 4857 non
1318 4809 1418 4857 ducum
1437 4815 1465 4857 et
1484 4809 1612 4857 comitum
1632 4805 1758 4857 consultu
1778 4808 1944 4873 decretoque
1963 4807 2141 4857 inhonorem

493 4919 625 4964 structaec
644 4927 661 4957 a
681 4915 824 4979 genitricis
843 4913 929 4981 Maria
949 4921 1162 4978 sanctorumque
1186 4914 1372 4980 apostolorrnn
1390 4915 1466 4966 Petri
1486 4921 1513 4964 et
1531 4912 1612 4964 Pauli
1632 4930 1682 4964 nec
1702 4930 1757 4963 non
1775 4915 1915 4965 martirum
1934 4914 2038 4964 Kiliani
2057 4920 2140 4979 atque

495 5021 590 5072 Georii
608 5022 790 5073 stabilivimus
809 5028 837 5071 et
856 5022 1101 5079 corroboravimus,
1127 5028 1158 5070 ut
1184 5030 1211 5071 et
1234 5023 1303 5072 inibi
1321 5030 1444 5072 nostrum
1463 5027 1660 5088 parentumque
1685 5027 1840 5071 nostrorum
1865 5018 1897 5071 et
1920 5009 2139 5072 amantissime

495 5114 683 5180 contectalis
706 5125 815 5179 nostre
839 5112 1056 5199 Chvnigunde
1080 5114 1234 5179 videlieet
1256 5116 1369 5203 regine
1392 5138 1453 5179 nee
1477 5138 1543 5179 non
1566 5125 1599 5178 et
1617 5129 1726 5179 ottonis
1744 5129 1818 5178 tertii
1836 5142 1853 5173 ι
1873 5130 2044 5194 imperatoris
2063 5136 2139 5179 ante·

494 5237 611 5286 cessoris
628 5244 656 5286 et
671 5237 786 5286 senioris
804 5238 889 5287 nostri
907 5235 1014 5286 celebre
1031 5234 1177 5286 haberetur
1193 5234 1350 5286 memoriale
1368 5242 1395 5286 et
1412 5237 1484 5301 iugis
1502 5252 1550 5301 pro
1568 5237 1692 5286 omnibus
1711 5238 1851 5287 ortodoxis
1868 5238 1958 5287 hostia
1974 5244 2141 5288 mactaretur
2160 5256 2188 5296 m

494 5342 630 5394 salutaris.
667 5345 785 5395 Proinde
804 5345 912 5394 noverit
931 5344 1051 5393 omnium
1070 5344 1157 5393 nostri
1176 5341 1297 5392 fidelium
1316 5349 1371 5393 tam
1391 5359 1503 5408 presens
1522 5350 1598 5393 aetas
1618 5358 1698 5406 quam
1718 5358 1878 5392 successura
1898 5345 2052 5408 posteritas,
2076 5347 2140 5410 quia

493 5467 542 5503 nos
563 5439 670 5503 omnia
693 5457 783 5521 nostre
804 5452 979 5517 proprietatis
1005 5448 1087 5500 loca
1112 5451 1230 5515 inpage
1250 5435 1419 5500 Vuolkfelt
1441 5451 1513 5501 sita
1539 5456 1566 5501 et
1585 5451 1613 5500 iu
1633 5451 1764 5500 comitatu
1782 5434 1946 5500 Dielmarl
1971 5452 2078 5502 comitis
2104 5454 2140 5503 ad

563 5616 628 5672 167.
651 5617 677 5681 ε)
696 5623 800 5671 scer-a
816 5632 867 5667 aas
886 5623 914 5667 N.

566 5705 629 5760 168.
653 5703 797 5775 [Bresslau]
832 5706 859 5771 a)
881 5706 906 5757 A
979 5702 1008 5769 b)
1029 5702 1052 5755 it
1069 5718 1139 5755 corr.
1159 5719 1209 5754 aus
1227 5719 1245 5754 u
1317 5705 1342 5771 e)
1363 5703 1489 5754 duhtntsr
1507 5701 1552 5756 dei
1569 5703 1738 5770 carpebam
