<?xml version="1.0" encoding="UTF-8"?>
<!DOCTYPE html PUBLIC "-//W3C//DTD XHTML 1.0 Transitional//EN"
    "http://www.w3.org/TR/xhtml1/DTD/xhtml1-transitional.dtd">
<html xmlns="http://www.w3.org/1999/xhtml" xml:lang="en" lang="en">
 <head>
  <title>
</title>
<meta http-equiv="Content-Type" content="text/html;charset=utf-8" />
  <meta name='ocr-system' content='tesseract 3.04.00' />
  <meta name='ocr-capabilities' content='ocr_page ocr_carea ocr_par ocr_line ocrx_word'/>
</head>
<body>
  <div class='ocr_page' id='page_1' title='image "./monumentagerman01gescgoog_0752.png"; bbox 0 0 4828 6520; ppageno 0'>
   <div class='ocr_carea' id='block_1_1' title="bbox 622 417 1896 487">
    <p class='ocr_par' dir='ltr' id='par_1_1' title="bbox 622 417 1896 487">
     <span class='ocr_line' id='line_1_1' title="bbox 622 417 1896 487; baseline 0.001 -1"><span class='ocrx_word' id='word_1_1' title='bbox 622 417 918 487; x_wconf 71' lang='lat' dir='ltr'>NACHTRiion</span> <span class='ocrx_word' id='word_1_2' title='bbox 949 429 1045 486; x_wconf 83' lang='lat' dir='ltr'>UND</span> <span class='ocrx_word' id='word_1_3' title='bbox 1075 428 1523 487; x_wconf 78' lang='lat' dir='ltr'><strong>BERICHTIGUNGEN.</strong></span> <span class='ocrx_word' id='word_1_4' title='bbox 1834 425 1896 487; x_wconf 82' lang='grc'>717</span> 
     </span>
    </p>
   </div>
   <div class='ocr_carea' id='block_1_2' title="bbox 205 613 1904 3268">
    <p class='ocr_par' dir='ltr' id='par_1_2' title="bbox 205 613 1904 3268">
     <span class='ocr_line' id='line_1_2' title="bbox 248 613 1898 704; baseline -0.001 -21"><span class='ocrx_word' id='word_1_5' title='bbox 248 618 402 702; x_wconf 83' lang='lat' dir='ltr'>Cortona,</span> <span class='ocrx_word' id='word_1_6' title='bbox 433 617 588 683; x_wconf 84' lang='lat' dir='ltr'>videlicet</span> <span class='ocrx_word' id='word_1_7' title='bbox 611 617 723 683; x_wconf 86' lang='lat' dir='ltr'>domos</span> <span class='ocrx_word' id='word_1_8' title='bbox 754 618 834 682; x_wconf 90' lang='lat' dir='ltr'>sitas</span> <span class='ocrx_word' id='word_1_9' title='bbox 857 618 891 680; x_wconf 90' lang='lat' dir='ltr'>in</span> <span class='ocrx_word' id='word_1_10' title='bbox 914 615 1024 703; x_wconf 79' lang='lat' dir='ltr'>platea</span> <span class='ocrx_word' id='word_1_11' title='bbox 1046 613 1174 680; x_wconf 91' lang='lat' dir='ltr'>abbatis</span> <span class='ocrx_word' id='word_1_12' title='bbox 1198 618 1291 681; x_wconf 82' lang='lat' dir='ltr'>iuxta</span> <span class='ocrx_word' id='word_1_13' title='bbox 1312 616 1454 704; x_wconf 76' lang='lat' dir='ltr'>plateam</span> <span class='ocrx_word' id='word_1_14' title='bbox 1479 618 1718 682; x_wconf 84' lang='lat' dir='ltr'>communitatis</span> <span class='ocrx_word' id='word_1_15' title='bbox 1743 628 1776 683; x_wconf 88' lang='lat' dir='ltr'>et</span> <span class='ocrx_word' id='word_1_16' title='bbox 1798 628 1898 683; x_wconf 91' lang='lat' dir='ltr'>totam</span> 
     </span>
     <span class='ocr_line' id='line_1_3' title="bbox 249 721 1898 812; baseline -0.001 -22"><span class='ocrx_word' id='word_1_17' title='bbox 249 737 382 790; x_wconf 89' lang='lat' dir='ltr'>stratam</span> <span class='ocrx_word' id='word_1_18' title='bbox 406 724 447 789; x_wconf 95' lang='lat' dir='ltr'>de</span> <span class='ocrx_word' id='word_1_19' title='bbox 469 736 564 812; x_wconf 90' lang='lat' dir='ltr'>porta</span> <span class='ocrx_word' id='word_1_20' title='bbox 586 724 733 789; x_wconf 89' lang='lat' dir='ltr'>Berarda</span> <span class='ocrx_word' id='word_1_21' title='bbox 756 747 830 789; x_wconf 92' lang='lat' dir='ltr'>cum</span> <span class='ocrx_word' id='word_1_22' title='bbox 854 721 1035 787; x_wconf 72' lang='lat' dir='ltr'>domubus⁸</span> <span class='ocrx_word' id='word_1_23' title='bbox 1058 744 1103 787; x_wconf 83' lang='lat' dir='ltr'>ex</span> <span class='ocrx_word' id='word_1_24' title='bbox 1132 734 1269 809; x_wconf 90' lang='lat' dir='ltr'>utraque</span> <span class='ocrx_word' id='word_1_25' title='bbox 1299 734 1392 810; x_wconf 89' lang='lat' dir='ltr'>parte</span> <span class='ocrx_word' id='word_1_26' title='bbox 1417 724 1560 787; x_wconf 90' lang='lat' dir='ltr'>seriatim</span> <span class='ocrx_word' id='word_1_27' title='bbox 1584 747 1686 809; x_wconf 90' lang='lat' dir='ltr'>usque</span> <span class='ocrx_word' id='word_1_28' title='bbox 1711 724 1753 788; x_wconf 94' lang='lat' dir='ltr'>ad</span> <span class='ocrx_word' id='word_1_29' title='bbox 1775 725 1898 790; x_wconf 87' lang='lat' dir='ltr'>fontem</span> 
     </span>
     <span class='ocr_line' id='line_1_4' title="bbox 249 828 1899 919; baseline -0.001 -22"><span class='ocrx_word' id='word_1_30' title='bbox 249 854 312 919; x_wconf 90' lang='lat' dir='ltr'>que</span> <span class='ocrx_word' id='word_1_31' title='bbox 336 833 439 918; x_wconf 84' lang='lat' dir='ltr'>surgit</span> <span class='ocrx_word' id='word_1_32' title='bbox 460 833 495 895; x_wconf 92' lang='lat' dir='ltr'>in</span> <span class='ocrx_word' id='word_1_33' title='bbox 519 832 680 917; x_wconf 87' lang='lat' dir='ltr'>quatrivio</span> <span class='ocrx_word' id='word_1_34' title='bbox 704 830 791 895; x_wconf 91' lang='lat' dir='ltr'>dicte</span> <span class='ocrx_word' id='word_1_35' title='bbox 814 842 910 911; x_wconf 88' lang='lat' dir='ltr'>terre,</span> <span class='ocrx_word' id='word_1_36' title='bbox 940 828 1099 916; x_wconf 83' lang='lat' dir='ltr'>hospitale</span> <span class='ocrx_word' id='word_1_37' title='bbox 1129 831 1221 893; x_wconf 83' lang='lat' dir='ltr'>iuxta</span> <span class='ocrx_word' id='word_1_38' title='bbox 1244 840 1370 916; x_wconf 88' lang='lat' dir='ltr'>portam</span> <span class='ocrx_word' id='word_1_39' title='bbox 1398 840 1509 895; x_wconf 88' lang='lat' dir='ltr'>sancte</span> <span class='ocrx_word' id='word_1_40' title='bbox 1533 830 1637 895; x_wconf 87' lang='lat' dir='ltr'>Mario</span> <span class='ocrx_word' id='word_1_41' title='bbox 1662 853 1735 895; x_wconf 90' lang='lat' dir='ltr'>cum</span> <span class='ocrx_word' id='word_1_42' title='bbox 1759 831 1899 896; x_wconf 87' lang='lat' dir='ltr'>ecclesia</span> 
     </span>
     <span class='ocr_line' id='line_1_5' title="bbox 249 934 1900 1022; baseline -0.002 -18"><span class='ocrx_word' id='word_1_43' title='bbox 249 941 319 1004; x_wconf 88' lang='lat' dir='ltr'>eius</span> <span class='ocrx_word' id='word_1_44' title='bbox 343 949 455 1003; x_wconf 90' lang='lat' dir='ltr'>sancte</span> <span class='ocrx_word' id='word_1_45' title='bbox 478 937 582 1002; x_wconf 81' lang='lat' dir='ltr'>Maris</span> <span class='ocrx_word' id='word_1_46' title='bbox 606 960 680 1003; x_wconf 92' lang='lat' dir='ltr'>cum</span> <span class='ocrx_word' id='word_1_47' title='bbox 704 935 854 1003; x_wconf 90' lang='lat' dir='ltr'>omnibus</span> <span class='ocrx_word' id='word_1_48' title='bbox 884 936 1088 1022; x_wconf 86' lang='lat' dir='ltr'>pertinentiis</span> <span class='ocrx_word' id='word_1_49' title='bbox 1119 947 1152 1000; x_wconf 92' lang='lat' dir='ltr'>et</span> <span class='ocrx_word' id='word_1_50' title='bbox 1181 934 1305 1000; x_wconf 88' lang='lat' dir='ltr'>iuribus</span> <span class='ocrx_word' id='word_1_51' title='bbox 1336 938 1416 1018; x_wconf 86' lang='lat' dir='ltr'>eius,</span> <span class='ocrx_word' id='word_1_52' title='bbox 1448 948 1480 1000; x_wconf 90' lang='lat' dir='ltr'>ct</span> <span class='ocrx_word' id='word_1_53' title='bbox 1512 937 1583 1001; x_wconf 91' lang='lat' dir='ltr'>iura</span> <span class='ocrx_word' id='word_1_54' title='bbox 1614 949 1646 1001; x_wconf 86' lang='lat' dir='ltr'>ct</span> <span class='ocrx_word' id='word_1_55' title='bbox 1674 935 1762 1002; x_wconf 88' lang='lat' dir='ltr'>bona</span> <span class='ocrx_word' id='word_1_56' title='bbox 1791 938 1900 1001; x_wconf 91' lang='lat' dir='ltr'>omnia</span> 
     </span>
     <span class='ocr_line' id='line_1_6' title="bbox 213 1042 1898 1133; baseline -0.005 -17"><span class='ocrx_word' id='word_1_57' title='bbox 213 1068 313 1133; x_wconf 80' lang='lat' dir='ltr'>sque</span> <span class='ocrx_word' id='word_1_58' title='bbox 343 1044 442 1110; x_wconf 90' lang='lat' dir='ltr'>habet</span> <span class='ocrx_word' id='word_1_59' title='bbox 472 1044 594 1110; x_wconf 89' lang='lat' dir='ltr'>dictum</span> <span class='ocrx_word' id='word_1_60' title='bbox 623 1045 856 1109; x_wconf 87' lang='lat' dir='ltr'>monasterium</span> <span class='ocrx_word' id='word_1_61' title='bbox 887 1044 919 1106; x_wconf 92' lang='lat' dir='ltr'>in</span> <span class='ocrx_word' id='word_1_62' title='bbox 943 1042 1100 1107; x_wconf 88' lang='lat' dir='ltr'>Montalla</span> <span class='ocrx_word' id='word_1_63' title='bbox 1130 1055 1162 1107; x_wconf 91' lang='lat' dir='ltr'>et</span> <span class='ocrx_word' id='word_1_64' title='bbox 1189 1045 1223 1106; x_wconf 90' lang='lat' dir='ltr'>in</span> <span class='ocrx_word' id='word_1_65' title='bbox 1245 1044 1460 1108; x_wconf 85' lang='lat' dir='ltr'>Montanariis</span> <span class='ocrx_word' id='word_1_66' title='bbox 1484 1067 1558 1108; x_wconf 92' lang='lat' dir='ltr'>cum</span> <span class='ocrx_word' id='word_1_67' title='bbox 1581 1043 1679 1129; x_wconf 93' lang='lat' dir='ltr'>podio</span> <span class='ocrx_word' id='word_1_68' title='bbox 1704 1043 1744 1108; x_wconf 90' lang='lat' dir='ltr'>de</span> <span class='ocrx_word' id='word_1_69' title='bbox 1760 1043 1898 1129; x_wconf 84' lang='lat' dir='ltr'>Valegio</span> 
     </span>
     <span class='ocr_line' id='line_1_7' title="bbox 250 1149 1898 1237; baseline -0.002 -20"><span class='ocrx_word' id='word_1_70' title='bbox 250 1176 325 1218; x_wconf 90' lang='lat' dir='ltr'>cum</span> <span class='ocrx_word' id='word_1_71' title='bbox 347 1150 530 1216; x_wconf 82' lang='lat' dir='ltr'>domubus⁸</span> <span class='ocrx_word' id='word_1_72' title='bbox 553 1163 585 1216; x_wconf 92' lang='lat' dir='ltr'>et</span> <span class='ocrx_word' id='word_1_73' title='bbox 607 1150 827 1233; x_wconf 53' lang='lat' dir='ltr'>molendium,</span> <span class='ocrx_word' id='word_1_74' title='bbox 858 1149 1030 1214; x_wconf 86' lang='lat' dir='ltr'>ecclesiam</span> <span class='ocrx_word' id='word_1_75' title='bbox 1055 1150 1158 1214; x_wconf 92' lang='lat' dir='ltr'>sancti</span> <span class='ocrx_word' id='word_1_76' title='bbox 1181 1149 1301 1235; x_wconf 83' lang='lat' dir='ltr'>Angeli</span> <span class='ocrx_word' id='word_1_77' title='bbox 1325 1173 1398 1215; x_wconf 91' lang='lat' dir='ltr'>cum</span> <span class='ocrx_word' id='word_1_78' title='bbox 1424 1149 1572 1215; x_wconf 92' lang='lat' dir='ltr'>omnibus</span> <span class='ocrx_word' id='word_1_79' title='bbox 1596 1151 1798 1237; x_wconf 81' lang='lat' dir='ltr'>pertinentiis</span> <span class='ocrx_word' id='word_1_80' title='bbox 1822 1152 1898 1233; x_wconf 83' lang='lat' dir='ltr'>suis,</span> 
     </span>
     <span class='ocr_line' id='line_1_8' title="bbox 250 1255 1900 1342; baseline -0.002 -19"><span class='ocrx_word' id='word_1_81' title='bbox 250 1259 417 1324; x_wconf 86' lang='lat' dir='ltr'>castellum</span> <span class='ocrx_word' id='word_1_82' title='bbox 441 1258 562 1341; x_wconf 79' lang='lat' dir='ltr'>(lereti,</span> <span class='ocrx_word' id='word_1_83' title='bbox 586 1270 619 1323; x_wconf 92' lang='lat' dir='ltr'>et</span> <span class='ocrx_word' id='word_1_84' title='bbox 641 1258 752 1323; x_wconf 85' lang='lat' dir='ltr'>villam</span> <span class='ocrx_word' id='word_1_85' title='bbox 770 1256 963 1337; x_wconf 85' lang='lat' dir='ltr'>Frateceoli‚</span> <span class='ocrx_word' id='word_1_86' title='bbox 988 1268 1021 1321; x_wconf 90' lang='lat' dir='ltr'>et</span> <span class='ocrx_word' id='word_1_87' title='bbox 1043 1256 1153 1321; x_wconf 70' lang='lat' dir='ltr'>sillam</span> <span class='ocrx_word' id='word_1_88' title='bbox 1176 1255 1342 1342; x_wconf 74' lang='lat' dir='ltr'>Capccaui</span> <span class='ocrx_word' id='word_1_89' title='bbox 1367 1279 1440 1321; x_wconf 90' lang='lat' dir='ltr'>cum</span> <span class='ocrx_word' id='word_1_90' title='bbox 1464 1257 1542 1321; x_wconf 89' lang='lat' dir='ltr'>villa</span> <span class='ocrx_word' id='word_1_91' title='bbox 1565 1257 1605 1321; x_wconf 91' lang='lat' dir='ltr'>de</span> <span class='ocrx_word' id='word_1_92' title='bbox 1624 1258 1717 1339; x_wconf 85' lang='lat' dir='ltr'>Rota,</span> <span class='ocrx_word' id='word_1_93' title='bbox 1742 1269 1775 1322; x_wconf 88' lang='lat' dir='ltr'>et</span> <span class='ocrx_word' id='word_1_94' title='bbox 1797 1268 1900 1322; x_wconf 90' lang='lat' dir='ltr'>terras</span> 
     </span>
     <span class='ocr_line' id='line_1_9' title="bbox 250 1363 1900 1452; baseline -0.002 -22"><span class='ocrx_word' id='word_1_95' title='bbox 250 1388 331 1452; x_wconf 90' lang='lat' dir='ltr'>quas</span> <span class='ocrx_word' id='word_1_96' title='bbox 354 1364 453 1430; x_wconf 90' lang='lat' dir='ltr'>habet</span> <span class='ocrx_word' id='word_1_97' title='bbox 476 1365 598 1430; x_wconf 90' lang='lat' dir='ltr'>dictum</span> <span class='ocrx_word' id='word_1_98' title='bbox 621 1365 853 1430; x_wconf 89' lang='lat' dir='ltr'>monasterium</span> <span class='ocrx_word' id='word_1_99' title='bbox 876 1365 910 1428; x_wconf 91' lang='lat' dir='ltr'>in</span> <span class='ocrx_word' id='word_1_100' title='bbox 933 1364 1082 1447; x_wconf 75' lang='lat' dir='ltr'>Forconc</span> <span class='ocrx_word' id='word_1_101' title='bbox 1106 1374 1138 1427; x_wconf 95' lang='lat' dir='ltr'>et</span> <span class='ocrx_word' id='word_1_102' title='bbox 1161 1364 1194 1427; x_wconf 92' lang='lat' dir='ltr'>in</span> <span class='ocrx_word' id='word_1_103' title='bbox 1218 1363 1353 1428; x_wconf 88' lang='lat' dir='ltr'>Padule.</span> <span class='ocrx_word' id='word_1_104' title='bbox 1392 1364 1436 1428; x_wconf 88' lang='lat' dir='ltr'>Et</span> <span class='ocrx_word' id='word_1_105' title='bbox 1460 1366 1569 1428; x_wconf 93' lang='lat' dir='ltr'>omnia</span> <span class='ocrx_word' id='word_1_106' title='bbox 1592 1387 1690 1451; x_wconf 90' lang='lat' dir='ltr'>supra</span> <span class='ocrx_word' id='word_1_107' title='bbox 1714 1363 1802 1429; x_wconf 83' lang='lat' dir='ltr'>dicta</span> <span class='ocrx_word' id='word_1_108' title='bbox 1824 1387 1900 1429; x_wconf 91' lang='lat' dir='ltr'>con-</span> 
     </span>
     <span class='ocr_line' id='line_1_10' title="bbox 250 1469 1900 1557; baseline -0.002 -20"><span class='ocrx_word' id='word_1_109' title='bbox 250 1472 395 1537; x_wconf 91' lang='lat' dir='ltr'>cedimus</span> <span class='ocrx_word' id='word_1_110' title='bbox 419 1484 452 1537; x_wconf 88' lang='lat' dir='ltr'>et</span> <span class='ocrx_word' id='word_1_111' title='bbox 474 1472 702 1537; x_wconf 86' lang='lat' dir='ltr'>confirmamus</span> <span class='ocrx_word' id='word_1_112' title='bbox 727 1494 801 1535; x_wconf 87' lang='lat' dir='ltr'>cunr</span> <span class='ocrx_word' id='word_1_113' title='bbox 824 1469 974 1536; x_wconf 91' lang='lat' dir='ltr'>omnibus</span> <span class='ocrx_word' id='word_1_114' title='bbox 1004 1469 1129 1534; x_wconf 91' lang='lat' dir='ltr'>iuribus</span> <span class='ocrx_word' id='word_1_115' title='bbox 1160 1482 1193 1534; x_wconf 89' lang='lat' dir='ltr'>ct</span> <span class='ocrx_word' id='word_1_116' title='bbox 1221 1472 1425 1557; x_wconf 83' lang='lat' dir='ltr'>pertinentiis</span> <span class='ocrx_word' id='word_1_117' title='bbox 1456 1472 1522 1535; x_wconf 91' lang='lat' dir='ltr'>suis</span> <span class='ocrx_word' id='word_1_118' title='bbox 1545 1470 1721 1535; x_wconf 83' lang='lat' dir='ltr'>honoribus</span> <span class='ocrx_word' id='word_1_119' title='bbox 1744 1469 1900 1535; x_wconf 90' lang='lat' dir='ltr'>limitibus</span> 
     </span>
     <span class='ocr_line' id='line_1_11' title="bbox 207 1575 1900 1665; baseline -0.001 -22"><span class='ocrx_word' id='word_1_120' title='bbox 207 1613 232 1650; x_wconf 74' lang='grc' dir='ltr'>ιο</span> <span class='ocrx_word' id='word_1_121' title='bbox 249 1577 409 1643; x_wconf 88' lang='lat' dir='ltr'>reditibus</span> <span class='ocrx_word' id='word_1_122' title='bbox 432 1577 643 1665; x_wconf 90' lang='lat' dir='ltr'>pensionibus</span> <span class='ocrx_word' id='word_1_123' title='bbox 667 1590 764 1664; x_wconf 90' lang='lat' dir='ltr'>atque</span> <span class='ocrx_word' id='word_1_124' title='bbox 788 1575 1045 1641; x_wconf 90' lang='lat' dir='ltr'>iurisditionibus</span> <span class='ocrx_word' id='word_1_125' title='bbox 1069 1588 1102 1642; x_wconf 92' lang='lat' dir='ltr'>et</span> <span class='ocrx_word' id='word_1_126' title='bbox 1121 1575 1362 1641; x_wconf 82' lang='lat' dir='ltr'>destrictubus⁸</span> <span class='ocrx_word' id='word_1_127' title='bbox 1386 1589 1493 1663; x_wconf 70' lang='lat' dir='ltr'>aque*</span> <span class='ocrx_word' id='word_1_128' title='bbox 1516 1579 1611 1642; x_wconf 89' lang='lat' dir='ltr'>terris</span> <span class='ocrx_word' id='word_1_129' title='bbox 1630 1577 1737 1664; x_wconf 90' lang='lat' dir='ltr'>podiis</span> <span class='ocrx_word' id='word_1_130' title='bbox 1758 1588 1791 1642; x_wconf 88' lang='lat' dir='ltr'>et</span> <span class='ocrx_word' id='word_1_131' title='bbox 1808 1578 1900 1642; x_wconf 89' lang='lat' dir='ltr'>terri·</span> 
     </span>
     <span class='ocr_line' id='line_1_12' title="bbox 250 1683 1901 1771; baseline -0.002 -21"><span class='ocrx_word' id='word_1_132' title='bbox 250 1686 340 1750; x_wconf 89' lang='lat' dir='ltr'>toriis</span> <span class='ocrx_word' id='word_1_133' title='bbox 364 1685 399 1748; x_wconf 92' lang='lat' dir='ltr'>in</span> <span class='ocrx_word' id='word_1_134' title='bbox 421 1685 573 1750; x_wconf 79' lang='lat' dir='ltr'>memoli⁸</span> <span class='ocrx_word' id='word_1_135' title='bbox 596 1687 761 1750; x_wconf 77' lang='lat' dir='ltr'>masonis⁸</span> <span class='ocrx_word' id='word_1_136' title='bbox 784 1684 934 1770; x_wconf 84' lang='lat' dir='ltr'>pedagiis</span> <span class='ocrx_word' id='word_1_137' title='bbox 958 1695 990 1748; x_wconf 91' lang='lat' dir='ltr'>et</span> <span class='ocrx_word' id='word_1_138' title='bbox 1013 1683 1150 1769; x_wconf 84' lang='lat' dir='ltr'>gabellis</span> <span class='ocrx_word' id='word_1_139' title='bbox 1174 1683 1351 1748; x_wconf 71' lang='lat' dir='ltr'>acchaliis²</span> <span class='ocrx_word' id='word_1_140' title='bbox 1375 1683 1472 1748; x_wconf 89' lang='lat' dir='ltr'>robus</span> <span class='ocrx_word' id='word_1_141' title='bbox 1496 1695 1529 1749; x_wconf 92' lang='lat' dir='ltr'>et</span> <span class='ocrx_word' id='word_1_142' title='bbox 1548 1683 1640 1749; x_wconf 87' lang='lat' dir='ltr'>bonis</span> <span class='ocrx_word' id='word_1_143' title='bbox 1663 1684 1901 1771; x_wconf 89' lang='lat' dir='ltr'>pertinentibus</span> 
     </span>
     <span class='ocr_line' id='line_1_13' title="bbox 251 1790 1901 1879; baseline -0.001 -23"><span class='ocrx_word' id='word_1_144' title='bbox 251 1814 381 1879; x_wconf 91' lang='lat' dir='ltr'>quoquo</span> <span class='ocrx_word' id='word_1_145' title='bbox 404 1791 501 1857; x_wconf 91' lang='lat' dir='ltr'>modo</span> <span class='ocrx_word' id='word_1_146' title='bbox 524 1794 708 1856; x_wconf 76' lang='lat' dir='ltr'>universis⁸</span> <span class='ocrx_word' id='word_1_147' title='bbox 724 1803 778 1856; x_wconf 81' lang='lat' dir='ltr'>et⁸</span> <span class='ocrx_word' id='word_1_148' title='bbox 794 1792 922 1877; x_wconf 90' lang='lat' dir='ltr'>tuisque</span> <span class='ocrx_word' id='word_1_149' title='bbox 942 1790 1187 1855; x_wconf 73' lang='lat' dir='ltr'>succssoribus⁸</span> <span class='ocrx_word' id='word_1_150' title='bbox 1203 1791 1364 1877; x_wconf 89' lang='lat' dir='ltr'>imperiali</span> <span class='ocrx_word' id='word_1_151' title='bbox 1380 1791 1562 1872; x_wconf 81' lang='lat' dir='ltr'>clementia,</span> <span class='ocrx_word' id='word_1_152' title='bbox 1586 1804 1694 1856; x_wconf 90' lang='lat' dir='ltr'>nostre</span> <span class='ocrx_word' id='word_1_153' title='bbox 1711 1794 1901 1878; x_wconf 83' lang='lat' dir='ltr'>mayestatis</span> 
     </span>
     <span class='ocr_line' id='line_1_14' title="bbox 251 1897 1902 1984; baseline 0.001 -22"><span class='ocrx_word' id='word_1_154' title='bbox 251 1898 349 1963; x_wconf 89' lang='lat' dir='ltr'>anulo</span> <span class='ocrx_word' id='word_1_155' title='bbox 385 1897 612 1963; x_wconf 84' lang='lat' dir='ltr'>liberalitatis‘l</span> <span class='ocrx_word' id='word_1_156' title='bbox 646 1899 857 1963; x_wconf 88' lang='lat' dir='ltr'>investientes</span> <span class='ocrx_word' id='word_1_157' title='bbox 892 1897 933 1961; x_wconf 88' lang='lat' dir='ltr'>de</span> <span class='ocrx_word' id='word_1_158' title='bbox 969 1897 1137 1962; x_wconf 75' lang='lat' dir='ltr'>eiusdem²</span> <span class='ocrx_word' id='word_1_159' title='bbox 1172 1898 1287 1962; x_wconf 85' lang='lat' dir='ltr'>dantes</span> <span class='ocrx_word' id='word_1_160' title='bbox 1317 1897 1410 1963; x_wconf 86' lang='lat' dir='ltr'>vobis</span> <span class='ocrx_word' id='word_1_161' title='bbox 1441 1900 1621 1984; x_wconf 89' lang='lat' dir='ltr'>vestrisque</span> <span class='ocrx_word' id='word_1_162' title='bbox 1657 1897 1902 1964; x_wconf 80' lang='lat' dir='ltr'>sucessoribus²</span> 
     </span>
     <span class='ocr_line' id='line_1_15' title="bbox 249 2004 1901 2092; baseline 0.001 -23"><span class='ocrx_word' id='word_1_163' title='bbox 249 2005 382 2092; x_wconf 90' lang='lat' dir='ltr'>plenum</span> <span class='ocrx_word' id='word_1_164' title='bbox 406 2016 438 2069; x_wconf 90' lang='lat' dir='ltr'>et</span> <span class='ocrx_word' id='word_1_165' title='bbox 461 2005 539 2070; x_wconf 86' lang='lat' dir='ltr'>utile</span> <span class='ocrx_word' id='word_1_166' title='bbox 564 2006 742 2072; x_wconf 90' lang='lat' dir='ltr'>dominium</span> <span class='ocrx_word' id='word_1_167' title='bbox 766 2028 840 2069; x_wconf 91' lang='lat' dir='ltr'>cum</span> <span class='ocrx_word' id='word_1_168' title='bbox 864 2028 953 2069; x_wconf 91' lang='lat' dir='ltr'>mero</span> <span class='ocrx_word' id='word_1_169' title='bbox 978 2016 1010 2069; x_wconf 86' lang='lat' dir='ltr'>et</span> <span class='ocrx_word' id='word_1_170' title='bbox 1032 2006 1134 2069; x_wconf 83' lang='lat' dir='ltr'>mixto</span> <span class='ocrx_word' id='word_1_171' title='bbox 1157 2006 1303 2091; x_wconf 86' lang='lat' dir='ltr'>imperio,</span> <span class='ocrx_word' id='word_1_172' title='bbox 1335 2004 1521 2069; x_wconf 87' lang='lat' dir='ltr'>omnimoda</span> <span class='ocrx_word' id='word_1_173' title='bbox 1550 2004 1751 2071; x_wconf 84' lang='lat' dir='ltr'>iurisditione</span> <span class='ocrx_word' id='word_1_174' title='bbox 1775 2007 1808 2070; x_wconf 92' lang='lat' dir='ltr'>in</span> <span class='ocrx_word' id='word_1_175' title='bbox 1832 2029 1901 2070; x_wconf 91' lang='lat' dir='ltr'>rea-</span> 
     </span>
     <span class='ocr_line' id='line_1_16' title="bbox 207 2111 1901 2198; baseline 0.001 -21"><span class='ocrx_word' id='word_1_176' title='bbox 207 2139 231 2178; x_wconf 83' lang='lat' dir='ltr'>rs</span> <span class='ocrx_word' id='word_1_177' title='bbox 249 2111 335 2176; x_wconf 91' lang='lat' dir='ltr'>libus</span> <span class='ocrx_word' id='word_1_178' title='bbox 365 2124 397 2177; x_wconf 87' lang='lat' dir='ltr'>et</span> <span class='ocrx_word' id='word_1_179' title='bbox 427 2112 664 2198; x_wconf 85' lang='lat' dir='ltr'>personalibus,</span> <span class='ocrx_word' id='word_1_180' title='bbox 697 2112 863 2198; x_wconf 88' lang='lat' dir='ltr'>predictas</span> <span class='ocrx_word' id='word_1_181' title='bbox 894 2122 996 2176; x_wconf 89' lang='lat' dir='ltr'>terras</span> <span class='ocrx_word' id='word_1_182' title='bbox 1027 2112 1236 2198; x_wconf 81' lang='lat' dir='ltr'>ipsarumque</span> <span class='ocrx_word' id='word_1_183' title='bbox 1267 2113 1429 2176; x_wconf 90' lang='lat' dir='ltr'>tcrritoria</span> <span class='ocrx_word' id='word_1_184' title='bbox 1459 2111 1553 2176; x_wconf 88' lang='lat' dir='ltr'>villas</span> <span class='ocrx_word' id='word_1_185' title='bbox 1583 2135 1641 2176; x_wconf 88' lang='lat' dir='ltr'>seu</span> <span class='ocrx_word' id='word_1_186' title='bbox 1671 2111 1835 2178; x_wconf 89' lang='lat' dir='ltr'>districtus</span> <span class='ocrx_word' id='word_1_187' title='bbox 1862 2136 1901 2178; x_wconf 90' lang='lat' dir='ltr'>ac</span> 
     </span>
     <span class='ocr_line' id='line_1_17' title="bbox 249 2217 1901 2308; baseline 0.002 -26"><span class='ocrx_word' id='word_1_188' title='bbox 249 2220 352 2305; x_wconf 91' lang='lat' dir='ltr'>ipsius</span> <span class='ocrx_word' id='word_1_189' title='bbox 382 2219 529 2284; x_wconf 77' lang='lat' dir='ltr'>laculas⁸</span> <span class='ocrx_word' id='word_1_190' title='bbox 558 2221 728 2284; x_wconf 80' lang='lat' dir='ltr'>universas</span> <span class='ocrx_word' id='word_1_191' title='bbox 758 2217 921 2283; x_wconf 75' lang='lat' dir='ltr'>induciis¹²</span> <span class='ocrx_word' id='word_1_192' title='bbox 951 2229 1018 2282; x_wconf 87' lang='lat' dir='ltr'>tarn</span> <span class='ocrx_word' id='word_1_193' title='bbox 1048 2217 1190 2282; x_wconf 86' lang='lat' dir='ltr'>realibus</span> <span class='ocrx_word' id='word_1_194' title='bbox 1220 2241 1318 2308; x_wconf 90' lang='lat' dir='ltr'>quam</span> <span class='ocrx_word' id='word_1_195' title='bbox 1348 2217 1520 2304; x_wconf 86' lang='lat' dir='ltr'>penalibus</span> <span class='ocrx_word' id='word_1_196' title='bbox 1528 2230 1552 2301; x_wconf 81' lang='lat'>⁸,</span> <span class='ocrx_word' id='word_1_197' title='bbox 1583 2217 1685 2283; x_wconf 90' lang='lat' dir='ltr'>libere</span> <span class='ocrx_word' id='word_1_198' title='bbox 1717 2220 1901 2285; x_wconf 84' lang='lat' dir='ltr'>exercendo</span> 
     </span>
     <span class='ocr_line' id='line_1_18' title="bbox 250 2324 1901 2412; baseline 0 -22"><span class='ocrx_word' id='word_1_199' title='bbox 250 2348 362 2390; x_wconf 90' lang='lat' dir='ltr'>omnes</span> <span class='ocrx_word' id='word_1_200' title='bbox 386 2325 637 2391; x_wconf 89' lang='lat' dir='ltr'>consuetudines</span> <span class='ocrx_word' id='word_1_201' title='bbox 660 2325 815 2389; x_wconf 87' lang='lat' dir='ltr'>utilitates</span> <span class='ocrx_word' id='word_1_202' title='bbox 838 2348 916 2389; x_wconf 93' lang='lat' dir='ltr'>usus</span> <span class='ocrx_word' id='word_1_203' title='bbox 936 2324 1074 2389; x_wconf 88' lang='lat' dir='ltr'>comoda</span> <span class='ocrx_word' id='word_1_204' title='bbox 1091 2324 1231 2389; x_wconf 88' lang='lat' dir='ltr'>honores</span> <span class='ocrx_word' id='word_1_205' title='bbox 1250 2336 1436 2389; x_wconf 74' lang='lat' dir='ltr'>momenta²</span> <span class='ocrx_word' id='word_1_206' title='bbox 1459 2325 1554 2390; x_wconf 91' lang='lat' dir='ltr'>dictis</span> <span class='ocrx_word' id='word_1_207' title='bbox 1578 2327 1672 2390; x_wconf 87' lang='lat' dir='ltr'>terris</span> <span class='ocrx_word' id='word_1_208' title='bbox 1696 2328 1901 2412; x_wconf 89' lang='lat' dir='ltr'>pertinentia,</span> 
     </span>
     <span class='ocr_line' id='line_1_19' title="bbox 249 2430 1901 2519; baseline 0.001 -24"><span class='ocrx_word' id='word_1_209' title='bbox 249 2455 308 2495; x_wconf 85' lang='lat' dir='ltr'>vos</span> <span class='ocrx_word' id='word_1_210' title='bbox 339 2443 372 2497; x_wconf 90' lang='lat' dir='ltr'>et</span> <span class='ocrx_word' id='word_1_211' title='bbox 401 2443 527 2497; x_wconf 87' lang='lat' dir='ltr'>vestros</span> <span class='ocrx_word' id='word_1_212' title='bbox 558 2443 763 2498; x_wconf 70' lang='lat' dir='ltr'>sucessores*</span> <span class='ocrx_word' id='word_1_213' title='bbox 793 2430 915 2496; x_wconf 89' lang='lat' dir='ltr'>habere</span> <span class='ocrx_word' id='word_1_214' title='bbox 946 2442 1055 2496; x_wconf 88' lang='lat' dir='ltr'>tenere</span> <span class='ocrx_word' id='word_1_215' title='bbox 1086 2432 1254 2518; x_wconf 91' lang='lat' dir='ltr'>possidere</span> <span class='ocrx_word' id='word_1_216' title='bbox 1285 2454 1324 2496; x_wconf 89' lang='lat' dir='ltr'>ac</span> <span class='ocrx_word' id='word_1_217' title='bbox 1355 2433 1453 2496; x_wconf 87' lang='lat' dir='ltr'>etiam</span> <span class='ocrx_word' id='word_1_218' title='bbox 1483 2432 1625 2519; x_wconf 82' lang='lat' dir='ltr'>gaudere</span> <span class='ocrx_word' id='word_1_219' title='bbox 1656 2433 1697 2497; x_wconf 91' lang='lat' dir='ltr'>de</span> <span class='ocrx_word' id='word_1_220' title='bbox 1722 2433 1901 2516; x_wconf 74' lang='lat' dir='ltr'>eiusdem²‚</span> 
     </span>
     <span class='ocr_line' id='line_1_20' title="bbox 250 2537 1901 2626; baseline 0.001 -23"><span class='ocrx_word' id='word_1_221' title='bbox 250 2539 468 2604; x_wconf 80' lang='lat' dir='ltr'>haberemus·</span> <span class='ocrx_word' id='word_1_222' title='bbox 497 2538 721 2626; x_wconf 88' lang='lat' dir='ltr'>personaliter,</span> <span class='ocrx_word' id='word_1_223' title='bbox 753 2540 780 2602; x_wconf 90' lang='lat' dir='ltr'>si</span> <span class='ocrx_word' id='word_1_224' title='bbox 810 2540 858 2602; x_wconf 94' lang='lat' dir='ltr'>uti</span> <span class='ocrx_word' id='word_1_225' title='bbox 887 2537 1056 2602; x_wconf 81' lang='lat' dir='ltr'>volemus⁸</span> <span class='ocrx_word' id='word_1_226' title='bbox 1087 2537 1264 2602; x_wconf 81' lang='lat' dir='ltr'>eiusdem⁸.</span> <span class='ocrx_word' id='word_1_227' title='bbox 1318 2538 1457 2624; x_wconf 89' lang='lat' dir='ltr'>lnsuper</span> <span class='ocrx_word' id='word_1_228' title='bbox 1487 2538 1695 2603; x_wconf 83' lang='lat' dir='ltr'>concedimus</span> <span class='ocrx_word' id='word_1_229' title='bbox 1726 2551 1759 2604; x_wconf 89' lang='lat' dir='ltr'>et</span> <span class='ocrx_word' id='word_1_230' title='bbox 1788 2540 1901 2605; x_wconf 87' lang='lat' dir='ltr'>damus</span> 
     </span>
     <span class='ocr_line' id='line_1_21' title="bbox 205 2644 1902 2732; baseline 0 -21"><span class='ocrx_word' id='word_1_231' title='bbox 205 2674 232 2712; x_wconf 84' lang='lat' dir='ltr'>ro</span> <span class='ocrx_word' id='word_1_232' title='bbox 250 2658 283 2710; x_wconf 91' lang='lat' dir='ltr'>et</span> <span class='ocrx_word' id='word_1_233' title='bbox 313 2646 541 2710; x_wconf 90' lang='lat' dir='ltr'>confirmamus</span> <span class='ocrx_word' id='word_1_234' title='bbox 571 2645 751 2727; x_wconf 78' lang='lat' dir='ltr'>fortilicias‚</span> <span class='ocrx_word' id='word_1_235' title='bbox 787 2668 850 2731; x_wconf 93' lang='lat' dir='ltr'>que</span> <span class='ocrx_word' id='word_1_236' title='bbox 880 2645 1021 2709; x_wconf 81' lang='lat' dir='ltr'>inveniri</span> <span class='ocrx_word' id='word_1_237' title='bbox 1051 2656 1084 2709; x_wconf 94' lang='lat' dir='ltr'>et</span> <span class='ocrx_word' id='word_1_238' title='bbox 1112 2646 1249 2731; x_wconf 87' lang='lat' dir='ltr'>reperiri</span> <span class='ocrx_word' id='word_1_239' title='bbox 1278 2657 1414 2732; x_wconf 88' lang='lat' dir='ltr'>possunt</span> <span class='ocrx_word' id='word_1_240' title='bbox 1443 2648 1478 2709; x_wconf 92' lang='lat' dir='ltr'>in</span> <span class='ocrx_word' id='word_1_241' title='bbox 1509 2644 1641 2710; x_wconf 81' lang='lat' dir='ltr'>Clusino</span> <span class='ocrx_word' id='word_1_242' title='bbox 1673 2658 1706 2711; x_wconf 89' lang='lat' dir='ltr'>ct</span> <span class='ocrx_word' id='word_1_243' title='bbox 1734 2647 1902 2727; x_wconf 84' lang='lat' dir='ltr'>Perusino,</span> 
     </span>
     <span class='ocr_line' id='line_1_22' title="bbox 250 2751 1902 2840; baseline 0.001 -24"><span class='ocrx_word' id='word_1_244' title='bbox 250 2752 405 2818; x_wconf 84' lang='lat' dir='ltr'>videlicet</span> <span class='ocrx_word' id='word_1_245' title='bbox 427 2754 456 2817; x_wconf 89' lang='lat' dir='ltr'>si</span> <span class='ocrx_word' id='word_1_246' title='bbox 479 2753 664 2818; x_wconf 78' lang='lat' dir='ltr'>comititur⁸</span> <span class='ocrx_word' id='word_1_247' title='bbox 683 2752 839 2816; x_wconf 89' lang='lat' dir='ltr'>fossatum</span> <span class='ocrx_word' id='word_1_248' title='bbox 859 2751 1005 2833; x_wconf 87' lang='lat' dir='ltr'>Uenelle‚</span> <span class='ocrx_word' id='word_1_249' title='bbox 1031 2751 1118 2837; x_wconf 90' lang='lat' dir='ltr'>quod</span> <span class='ocrx_word' id='word_1_250' title='bbox 1138 2762 1187 2816; x_wconf 89' lang='lat' dir='ltr'>est</span> <span class='ocrx_word' id='word_1_251' title='bbox 1206 2763 1326 2838; x_wconf 82' lang='lat' dir='ltr'>supra⁰</span> <span class='ocrx_word' id='word_1_252' title='bbox 1346 2764 1493 2818; x_wconf 88' lang='lat' dir='ltr'>sanctum</span> <span class='ocrx_word' id='word_1_253' title='bbox 1511 2753 1687 2817; x_wconf 81' lang='lat' dir='ltr'>Martinam</span> <span class='ocrx_word' id='word_1_254' title='bbox 1706 2764 1871 2840; x_wconf 86' lang='lat' dir='ltr'>repertum</span> <span class='ocrx_word' id='word_1_255' title='bbox 1880 2754 1902 2837; x_wconf 66' lang='lat' dir='ltr'>s,</span> 
     </span>
     <span class='ocr_line' id='line_1_23' title="bbox 251 2857 1904 2946; baseline 0.001 -23"><span class='ocrx_word' id='word_1_256' title='bbox 251 2859 293 2924; x_wconf 91' lang='lat' dir='ltr'>ad</span> <span class='ocrx_word' id='word_1_257' title='bbox 317 2859 423 2924; x_wconf 92' lang='lat' dir='ltr'>locum</span> <span class='ocrx_word' id='word_1_258' title='bbox 446 2859 503 2925; x_wconf 92' lang='lat' dir='ltr'>ubi</span> <span class='ocrx_word' id='word_1_259' title='bbox 526 2860 587 2924; x_wconf 90' lang='lat' dir='ltr'>fuit</span> <span class='ocrx_word' id='word_1_260' title='bbox 610 2870 750 2946; x_wconf 73' lang='lat' dir='ltr'>qercus⁸</span> <span class='ocrx_word' id='word_1_261' title='bbox 773 2858 967 2941; x_wconf 78' lang='lat' dir='ltr'>Bellilantis,</span> <span class='ocrx_word' id='word_1_262' title='bbox 992 2857 1033 2923; x_wconf 86' lang='lat' dir='ltr'>ab</span> <span class='ocrx_word' id='word_1_263' title='bbox 1057 2859 1128 2945; x_wconf 90' lang='lat' dir='ltr'>ipso</span> <span class='ocrx_word' id='word_1_264' title='bbox 1153 2858 1224 2923; x_wconf 91' lang='lat' dir='ltr'>loco</span> <span class='ocrx_word' id='word_1_265' title='bbox 1249 2860 1375 2923; x_wconf 80' lang='lat' dir='ltr'>mictit⁸</span> <span class='ocrx_word' id='word_1_266' title='bbox 1398 2859 1441 2923; x_wconf 96' lang='lat' dir='ltr'>ad</span> <span class='ocrx_word' id='word_1_267' title='bbox 1464 2871 1611 2925; x_wconf 87' lang='lat' dir='ltr'>sanctum</span> <span class='ocrx_word' id='word_1_268' title='bbox 1629 2860 1804 2925; x_wconf 92' lang='lat' dir='ltr'>Proculum</span> <span class='ocrx_word' id='word_1_269' title='bbox 1828 2872 1861 2925; x_wconf 92' lang='lat' dir='ltr'>et</span> <span class='ocrx_word' id='word_1_270' title='bbox 1883 2884 1904 2924; x_wconf 91' lang='lat' dir='ltr'>a</span> 
     </span>
     <span class='ocr_line' id='line_1_24' title="bbox 251 2964 1902 3056; baseline 0 -25"><span class='ocrx_word' id='word_1_271' title='bbox 251 2978 363 3031; x_wconf 86' lang='lat' dir='ltr'>sancto</span> <span class='ocrx_word' id='word_1_272' title='bbox 382 2966 522 3032; x_wconf 88' lang='lat' dir='ltr'>Proculo</span> <span class='ocrx_word' id='word_1_273' title='bbox 546 2968 580 3031; x_wconf 92' lang='lat' dir='ltr'>in</span> <span class='ocrx_word' id='word_1_274' title='bbox 598 2964 719 3031; x_wconf 83' lang='lat' dir='ltr'>Olanas</span> <span class='ocrx_word' id='word_1_275' title='bbox 739 2977 771 3030; x_wconf 89' lang='lat' dir='ltr'>et</span> <span class='ocrx_word' id='word_1_276' title='bbox 789 2965 909 3030; x_wconf 88' lang='lat' dir='ltr'>abinde</span> <span class='ocrx_word' id='word_1_277' title='bbox 932 2967 967 3029; x_wconf 92' lang='lat' dir='ltr'>in</span> <span class='ocrx_word' id='word_1_278' title='bbox 986 2966 1117 3030; x_wconf 77' lang='lat' dir='ltr'>Foues⁸</span> <span class='ocrx_word' id='word_1_279' title='bbox 1139 2988 1242 3051; x_wconf 89' lang='lat' dir='ltr'>usquc</span> <span class='ocrx_word' id='word_1_280' title='bbox 1266 2965 1309 3030; x_wconf 93' lang='lat' dir='ltr'>ad</span> <span class='ocrx_word' id='word_1_281' title='bbox 1332 2966 1494 3030; x_wconf 66' lang='lat' dir='ltr'>focatum*</span> <span class='ocrx_word' id='word_1_282' title='bbox 1512 2967 1651 3030; x_wconf 88' lang='lat' dir='ltr'>Pantani</span> <span class='ocrx_word' id='word_1_283' title='bbox 1676 2977 1708 3032; x_wconf 90' lang='lat' dir='ltr'>et</span> <span class='ocrx_word' id='word_1_284' title='bbox 1725 2966 1902 3056; x_wconf 78' lang='lat' dir='ltr'>bl[ur]ani⁰</span> 
     </span>
     <span class='ocr_line' id='line_1_25' title="bbox 251 3071 1903 3160; baseline 0.001 -22"><span class='ocrx_word' id='word_1_285' title='bbox 251 3085 283 3138; x_wconf 92' lang='lat' dir='ltr'>et</span> <span class='ocrx_word' id='word_1_286' title='bbox 305 3075 391 3138; x_wconf 90' lang='lat' dir='ltr'>inter</span> <span class='ocrx_word' id='word_1_287' title='bbox 412 3073 520 3138; x_wconf 90' lang='lat' dir='ltr'>lacurn</span> <span class='ocrx_word' id='word_1_288' title='bbox 544 3085 577 3138; x_wconf 88' lang='lat' dir='ltr'>et</span> <span class='ocrx_word' id='word_1_289' title='bbox 596 3071 716 3138; x_wconf 83' lang='lat' dir='ltr'>Olanas</span> <span class='ocrx_word' id='word_1_290' title='bbox 739 3084 842 3137; x_wconf 87' lang='lat' dir='ltr'>terras</span> <span class='ocrx_word' id='word_1_291' title='bbox 861 3074 976 3137; x_wconf 78' lang='lat' dir='ltr'>vineas</span> <span class='ocrx_word' id='word_1_292' title='bbox 995 3072 1098 3137; x_wconf 90' lang='lat' dir='ltr'>cultas</span> <span class='ocrx_word' id='word_1_293' title='bbox 1118 3083 1151 3137; x_wconf 93' lang='lat' dir='ltr'>et</span> <span class='ocrx_word' id='word_1_294' title='bbox 1167 3072 1307 3137; x_wconf 90' lang='lat' dir='ltr'>incultas</span> <span class='ocrx_word' id='word_1_295' title='bbox 1327 3084 1359 3136; x_wconf 89' lang='lat' dir='ltr'>et</span> <span class='ocrx_word' id='word_1_296' title='bbox 1377 3086 1479 3159; x_wconf 82' lang='lat' dir='ltr'>prata.</span> <span class='ocrx_word' id='word_1_297' title='bbox 1518 3073 1657 3160; x_wconf 88' lang='lat' dir='ltr'>Insuper</span> <span class='ocrx_word' id='word_1_298' title='bbox 1676 3073 1903 3139; x_wconf 88' lang='lat' dir='ltr'>confirmamus</span> 
     </span>
     <span class='ocr_line' id='line_1_26' title="bbox 205 3178 1903 3268; baseline -0.001 -21"><span class='ocrx_word' id='word_1_299' title='bbox 205 3207 232 3247; x_wconf 83' lang='lat' dir='ltr'>rs</span> <span class='ocrx_word' id='word_1_300' title='bbox 251 3192 283 3245; x_wconf 90' lang='lat' dir='ltr'>et</span> <span class='ocrx_word' id='word_1_301' title='bbox 306 3180 515 3246; x_wconf 86' lang='lat' dir='ltr'>concedimus</span> <span class='ocrx_word' id='word_1_302' title='bbox 538 3191 636 3266; x_wconf 90' lang='lat' dir='ltr'>atquc</span> <span class='ocrx_word' id='word_1_303' title='bbox 662 3179 776 3244; x_wconf 89' lang='lat' dir='ltr'>damus</span> <span class='ocrx_word' id='word_1_304' title='bbox 799 3178 857 3243; x_wconf 90' lang='lat' dir='ltr'>tibi</span> <span class='ocrx_word' id='word_1_305' title='bbox 882 3179 994 3244; x_wconf 89' lang='lat' dir='ltr'>abbati</span> <span class='ocrx_word' id='word_1_306' title='bbox 1018 3180 1146 3265; x_wconf 89' lang='lat' dir='ltr'>tuisque</span> <span class='ocrx_word' id='word_1_307' title='bbox 1170 3178 1415 3244; x_wconf 68' lang='lat' dir='ltr'>sucessoribusl</span> <span class='ocrx_word' id='word_1_308' title='bbox 1438 3179 1568 3266; x_wconf 86' lang='lat' dir='ltr'>plenam</span> <span class='ocrx_word' id='word_1_309' title='bbox 1599 3192 1631 3245; x_wconf 92' lang='lat' dir='ltr'>et</span> <span class='ocrx_word' id='word_1_310' title='bbox 1653 3180 1789 3245; x_wconf 90' lang='lat' dir='ltr'>liberam</span> <span class='ocrx_word' id='word_1_311' title='bbox 1812 3192 1903 3268; x_wconf 90' lang='lat' dir='ltr'>pote-</span> 
     </span>
    </p>
   </div>
   <div class='ocr_carea' id='block_1_3' title="bbox 250 3285 1903 3589">
    <p class='ocr_par' dir='ltr' id='par_1_3' title="bbox 250 3285 1903 3589">
     <span class='ocr_line' id='line_1_27' title="bbox 250 3285 1903 3376; baseline 0.001 -24"><span class='ocrx_word' id='word_1_312' title='bbox 250 3299 366 3353; x_wconf 87' lang='lat' dir='ltr'>statem</span> <span class='ocrx_word' id='word_1_313' title='bbox 389 3289 462 3353; x_wconf 85' lang='lat' dir='ltr'>vice</span> <span class='ocrx_word' id='word_1_314' title='bbox 487 3299 519 3352; x_wconf 91' lang='lat' dir='ltr'>et</span> <span class='ocrx_word' id='word_1_315' title='bbox 542 3288 734 3353; x_wconf 88' lang='lat' dir='ltr'>auctoritate</span> <span class='ocrx_word' id='word_1_316' title='bbox 758 3298 868 3351; x_wconf 90' lang='lat' dir='ltr'>nostra</span> <span class='ocrx_word' id='word_1_317' title='bbox 891 3285 1052 3374; x_wconf 90' lang='lat' dir='ltr'>imperiali</span> <span class='ocrx_word' id='word_1_318' title='bbox 1075 3309 1149 3350; x_wconf 92' lang='lat' dir='ltr'>cum</span> <span class='ocrx_word' id='word_1_319' title='bbox 1167 3285 1390 3373; x_wconf 76' lang='lat' dir='ltr'>inlegiptime⁸</span> <span class='ocrx_word' id='word_1_320' title='bbox 1414 3300 1446 3351; x_wconf 90' lang='lat' dir='ltr'>et</span> <span class='ocrx_word' id='word_1_321' title='bbox 1465 3309 1508 3351; x_wconf 83' lang='lat' dir='ltr'>ex</span> <span class='ocrx_word' id='word_1_322' title='bbox 1526 3286 1648 3352; x_wconf 91' lang='lat' dir='ltr'>inlicito</span> <span class='ocrx_word' id='word_1_323' title='bbox 1669 3290 1903 3376; x_wconf 90' lang='lat' dir='ltr'>cuiuscumque</span> 
     </span>
     <span class='ocr_line' id='line_1_28' title="bbox 250 3392 1903 3482; baseline 0 -23"><span class='ocrx_word' id='word_1_324' title='bbox 250 3396 380 3481; x_wconf 85' lang='lat' dir='ltr'>generis</span> <span class='ocrx_word' id='word_1_325' title='bbox 410 3396 497 3460; x_wconf 92' lang='lat' dir='ltr'>coitu</span> <span class='ocrx_word' id='word_1_326' title='bbox 526 3396 611 3458; x_wconf 86' lang='lat' dir='ltr'>natis</span> <span class='ocrx_word' id='word_1_327' title='bbox 643 3416 741 3481; x_wconf 90' lang='lat' dir='ltr'>super</span> <span class='ocrx_word' id='word_1_328' title='bbox 771 3393 935 3458; x_wconf 84' lang='lat' dir='ltr'>defectum</span> <span class='ocrx_word' id='word_1_329' title='bbox 965 3392 1121 3458; x_wconf 89' lang='lat' dir='ltr'>natalium</span> <span class='ocrx_word' id='word_1_330' title='bbox 1152 3392 1363 3480; x_wconf 86' lang='lat' dir='ltr'>dispensandi</span> <span class='ocrx_word' id='word_1_331' title='bbox 1394 3395 1548 3482; x_wconf 86' lang='lat' dir='ltr'>ipsosque</span> <span class='ocrx_word' id='word_1_332' title='bbox 1575 3396 1635 3459; x_wconf 89' lang='lat' dir='ltr'>rite</span> <span class='ocrx_word' id='word_1_333' title='bbox 1659 3407 1692 3460; x_wconf 90' lang='lat' dir='ltr'>et</span> <span class='ocrx_word' id='word_1_334' title='bbox 1713 3394 1903 3482; x_wconf 80' lang='lat' dir='ltr'>legiptime⁸</span> 
     </span>
     <span class='ocr_line' id='line_1_29' title="bbox 251 3500 1902 3589; baseline 0.001 -23"><span class='ocrx_word' id='word_1_335' title='bbox 251 3502 359 3589; x_wconf 93' lang='lat' dir='ltr'>quoad</span> <span class='ocrx_word' id='word_1_336' title='bbox 389 3524 500 3567; x_wconf 89' lang='lat' dir='ltr'>omnes</span> <span class='ocrx_word' id='word_1_337' title='bbox 530 3513 621 3567; x_wconf 89' lang='lat' dir='ltr'>actus</span> <span class='ocrx_word' id='word_1_338' title='bbox 653 3501 861 3588; x_wconf 74' lang='lat' dir='ltr'>legiptimos⁸</span> <span class='ocrx_word' id='word_1_339' title='bbox 885 3512 917 3565; x_wconf 89' lang='lat' dir='ltr'>et</span> <span class='ocrx_word' id='word_1_340' title='bbox 947 3500 1060 3565; x_wconf 89' lang='lat' dir='ltr'>civiles</span> <span class='ocrx_word' id='word_1_341' title='bbox 1092 3500 1229 3565; x_wconf 87' lang='lat' dir='ltr'>honores</span> <span class='ocrx_word' id='word_1_342' title='bbox 1260 3523 1389 3586; x_wconf 91' lang='lat' dir='ltr'>quoque</span> <span class='ocrx_word' id='word_1_343' title='bbox 1415 3500 1551 3566; x_wconf 86' lang='lat' dir='ltr'>comoda</span> <span class='ocrx_word' id='word_1_344' title='bbox 1574 3513 1607 3566; x_wconf 88' lang='lat' dir='ltr'>et</span> <span class='ocrx_word' id='word_1_345' title='bbox 1629 3502 1784 3567; x_wconf 87' lang='lat' dir='ltr'>utilitates</span> <span class='ocrx_word' id='word_1_346' title='bbox 1808 3526 1902 3589; x_wconf 90' lang='lat' dir='ltr'>quas·</span> 
     </span>
    </p>
   </div>
   <div class='ocr_carea' id='block_1_4' title="bbox 204 3606 1902 5514">
    <p class='ocr_par' dir='ltr' id='par_1_4' title="bbox 204 3606 1902 5514">
     <span class='ocr_line' id='line_1_30' title="bbox 251 3606 1901 3693; baseline 0 -20"><span class='ocrx_word' id='word_1_347' title='bbox 251 3608 339 3691; x_wconf 82' lang='lat' dir='ltr'>libet,</span> <span class='ocrx_word' id='word_1_348' title='bbox 371 3620 403 3673; x_wconf 92' lang='lat' dir='ltr'>et</span> <span class='ocrx_word' id='word_1_349' title='bbox 431 3619 467 3672; x_wconf 93' lang='lat' dir='ltr'>ut</span> <span class='ocrx_word' id='word_1_350' title='bbox 496 3631 539 3672; x_wconf 85' lang='lat' dir='ltr'>ex</span> <span class='ocrx_word' id='word_1_351' title='bbox 561 3619 755 3673; x_wconf 88' lang='lat' dir='ltr'>testamento</span> <span class='ocrx_word' id='word_1_352' title='bbox 780 3619 812 3672; x_wconf 89' lang='lat' dir='ltr'>et</span> <span class='ocrx_word' id='word_1_353' title='bbox 835 3606 877 3671; x_wconf 88' lang='lat' dir='ltr'>ab</span> <span class='ocrx_word' id='word_1_354' title='bbox 901 3609 1052 3671; x_wconf 89' lang='lat' dir='ltr'>intestato</span> <span class='ocrx_word' id='word_1_355' title='bbox 1079 3608 1227 3692; x_wconf 87' lang='lat' dir='ltr'>personis</span> <span class='ocrx_word' id='word_1_356' title='bbox 1251 3606 1509 3693; x_wconf 90' lang='lat' dir='ltr'>quibuscumque</span> <span class='ocrx_word' id='word_1_357' title='bbox 1534 3607 1737 3673; x_wconf 85' lang='lat' dir='ltr'>subcedere⁸</span> <span class='ocrx_word' id='word_1_358' title='bbox 1761 3608 1901 3691; x_wconf 85' lang='lat' dir='ltr'>valeant,</span> 
     </span>
     <span class='ocr_line' id='line_1_31' title="bbox 205 3713 1902 3802; baseline 0 -22"><span class='ocrx_word' id='word_1_359' title='bbox 205 3742 232 3781; x_wconf 81' lang='lat' dir='ltr'>so</span> <span class='ocrx_word' id='word_1_360' title='bbox 249 3715 498 3802; x_wconf 79' lang='lat' dir='ltr'>legiptimandi¹²</span> <span class='ocrx_word' id='word_1_361' title='bbox 529 3726 562 3779; x_wconf 92' lang='lat' dir='ltr'>et</span> <span class='ocrx_word' id='word_1_362' title='bbox 592 3713 796 3796; x_wconf 72' lang='lat' dir='ltr'>nobilitandi,</span> <span class='ocrx_word' id='word_1_363' title='bbox 827 3715 873 3778; x_wconf 88' lang='lat' dir='ltr'>ita</span> <span class='ocrx_word' id='word_1_364' title='bbox 902 3725 938 3778; x_wconf 91' lang='lat' dir='ltr'>ut</span> <span class='ocrx_word' id='word_1_365' title='bbox 967 3736 1026 3800; x_wconf 89' lang='lat' dir='ltr'>pro</span> <span class='ocrx_word' id='word_1_366' title='bbox 1056 3713 1166 3777; x_wconf 81' lang='lat' dir='ltr'>idem⁸</span> <span class='ocrx_word' id='word_1_367' title='bbox 1190 3713 1373 3778; x_wconf 70' lang='lat' dir='ltr'>habentur*</span> <span class='ocrx_word' id='word_1_368' title='bbox 1397 3714 1591 3795; x_wconf 85' lang='lat' dir='ltr'>omnimode,</span> <span class='ocrx_word' id='word_1_369' title='bbox 1622 3717 1707 3780; x_wconf 90' lang='lat' dir='ltr'>sicut</span> <span class='ocrx_word' id='word_1_370' title='bbox 1737 3738 1757 3779; x_wconf 99' lang='lat' dir='ltr'>a</span> <span class='ocrx_word' id='word_1_371' title='bbox 1779 3719 1902 3780; x_wconf 75' lang='lat' dir='ltr'>nostri·</span> 
     </span>
     <span class='ocr_line' id='line_1_32' title="bbox 249 3819 1902 3908; baseline 0.001 -22"><span class='ocrx_word' id='word_1_372' title='bbox 249 3821 411 3904; x_wconf 87' lang='lat' dir='ltr'>imperiali</span> <span class='ocrx_word' id='word_1_373' title='bbox 441 3821 612 3887; x_wconf 87' lang='lat' dir='ltr'>clementia</span> <span class='ocrx_word' id='word_1_374' title='bbox 643 3820 892 3908; x_wconf 80' lang='lat' dir='ltr'>legiptimandi⁸</span> <span class='ocrx_word' id='word_1_375' title='bbox 922 3844 961 3885; x_wconf 89' lang='lat' dir='ltr'>ac</span> <span class='ocrx_word' id='word_1_376' title='bbox 992 3821 1097 3885; x_wconf 90' lang='lat' dir='ltr'>eciam</span> <span class='ocrx_word' id='word_1_377' title='bbox 1127 3819 1319 3884; x_wconf 80' lang='lat' dir='ltr'>obilitandi⁸</span> <span class='ocrx_word' id='word_1_378' title='bbox 1349 3821 1456 3885; x_wconf 89' lang='lat' dir='ltr'>forent</span> <span class='ocrx_word' id='word_1_379' title='bbox 1490 3820 1532 3884; x_wconf 90' lang='lat' dir='ltr'>ad</span> <span class='ocrx_word' id='word_1_380' title='bbox 1564 3823 1733 3908; x_wconf 86' lang='lat' dir='ltr'>premissa,</span> <span class='ocrx_word' id='word_1_381' title='bbox 1769 3823 1902 3887; x_wconf 88' lang='lat' dir='ltr'>creandi</span> 
     </span>
     <span class='ocr_line' id='line_1_33' title="bbox 250 3926 1901 4016; baseline 0 -23"><span class='ocrx_word' id='word_1_382' title='bbox 250 3931 393 3993; x_wconf 89' lang='lat' dir='ltr'>notarios</span> <span class='ocrx_word' id='word_1_383' title='bbox 428 3939 460 3992; x_wconf 91' lang='lat' dir='ltr'>et</span> <span class='ocrx_word' id='word_1_384' title='bbox 494 3926 696 3993; x_wconf 88' lang='lat' dir='ltr'>thabeliones</span> <span class='ocrx_word' id='word_1_385' title='bbox 730 3926 878 4014; x_wconf 91' lang='lat' dir='ltr'>publicos</span> <span class='ocrx_word' id='word_1_386' title='bbox 911 3927 1060 3992; x_wconf 66' lang='lat' dir='ltr'>indicesl</span> <span class='ocrx_word' id='word_1_387' title='bbox 1095 3927 1282 3991; x_wconf 78' lang='lat' dir='ltr'>ordinatos⁸</span> <span class='ocrx_word' id='word_1_388' title='bbox 1317 3951 1356 3993; x_wconf 90' lang='lat' dir='ltr'>ac</span> <span class='ocrx_word' id='word_1_389' title='bbox 1389 3929 1499 4013; x_wconf 74' lang='lat' dir='ltr'>regis·</span> <span class='ocrx_word' id='word_1_390' title='bbox 1533 3929 1663 4009; x_wconf 90' lang='lat' dir='ltr'>missos,</span> <span class='ocrx_word' id='word_1_391' title='bbox 1703 3941 1901 4016; x_wconf 78' lang='lat' dir='ltr'>eorumque⁸</span> 
     </span>
     <span class='ocr_line' id='line_1_34' title="bbox 250 4032 1902 4121; baseline 0.001 -22"><span class='ocrx_word' id='word_1_392' title='bbox 250 4037 382 4100; x_wconf 92' lang='lat' dir='ltr'>nomina</span> <span class='ocrx_word' id='word_1_393' title='bbox 399 4048 636 4121; x_wconf 79' lang='lat' dir='ltr'>nuncupentur,</span> <span class='ocrx_word' id='word_1_394' title='bbox 661 4033 941 4121; x_wconf 87' lang='lat' dir='ltr'>solempnitatibus</span> <span class='ocrx_word' id='word_1_395' title='bbox 961 4032 1079 4098; x_wconf 90' lang='lat' dir='ltr'>debitis</span> <span class='ocrx_word' id='word_1_396' title='bbox 1098 4032 1251 4097; x_wconf 89' lang='lat' dir='ltr'>adhibitis</span> <span class='ocrx_word' id='word_1_397' title='bbox 1273 4044 1306 4099; x_wconf 89' lang='lat' dir='ltr'>et</span> <span class='ocrx_word' id='word_1_398' title='bbox 1329 4034 1502 4116; x_wconf 90' lang='lat' dir='ltr'>consuetis,</span> <span class='ocrx_word' id='word_1_399' title='bbox 1526 4036 1689 4120; x_wconf 74' lang='lat' dir='ltr'>receptis²</span> <span class='ocrx_word' id='word_1_400' title='bbox 1712 4034 1754 4099; x_wconf 92' lang='lat' dir='ltr'>ab</span> <span class='ocrx_word' id='word_1_401' title='bbox 1778 4036 1902 4100; x_wconf 88' lang='lat' dir='ltr'>eisdem</span> 
     </span>
     <span class='ocr_line' id='line_1_35' title="bbox 249 4140 1901 4230; baseline 0.001 -25"><span class='ocrx_word' id='word_1_402' title='bbox 249 4143 397 4228; x_wconf 90' lang='lat' dir='ltr'>primitus</span> <span class='ocrx_word' id='word_1_403' title='bbox 422 4141 462 4206; x_wconf 90' lang='lat' dir='ltr'>de</span> <span class='ocrx_word' id='word_1_404' title='bbox 485 4140 641 4206; x_wconf 88' lang='lat' dir='ltr'>fidelitate</span> <span class='ocrx_word' id='word_1_405' title='bbox 671 4163 764 4205; x_wconf 86' lang='lat' dir='ltr'>sacro</span> <span class='ocrx_word' id='word_1_406' title='bbox 789 4140 995 4205; x_wconf 85' lang='lat' dir='ltr'>observanda</span> <span class='ocrx_word' id='word_1_407' title='bbox 1024 4141 1160 4226; x_wconf 86' lang='lat' dir='ltr'>imperio</span> <span class='ocrx_word' id='word_1_408' title='bbox 1183 4141 1311 4204; x_wconf 84' lang='lat' dir='ltr'>iuratoh</span> <span class='ocrx_word' id='word_1_409' title='bbox 1334 4152 1587 4223; x_wconf 80' lang='lat' dir='ltr'>sascramento⁸,</span> <span class='ocrx_word' id='word_1_410' title='bbox 1619 4141 1742 4205; x_wconf 90' lang='lat' dir='ltr'>eisdem</span> <span class='ocrx_word' id='word_1_411' title='bbox 1772 4165 1901 4230; x_wconf 94' lang='lat' dir='ltr'>quoque</span> 
     </span>
     <span class='ocr_line' id='line_1_36' title="bbox 205 4245 1900 4335; baseline -0.001 -19"><span class='ocrx_word' id='word_1_412' title='bbox 205 4275 232 4316; x_wconf 80' lang='lat' dir='ltr'>u</span> <span class='ocrx_word' id='word_1_413' title='bbox 250 4248 358 4314; x_wconf 91' lang='lat' dir='ltr'>dando</span> <span class='ocrx_word' id='word_1_414' title='bbox 381 4248 513 4335; x_wconf 90' lang='lat' dir='ltr'>plenum</span> <span class='ocrx_word' id='word_1_415' title='bbox 538 4259 570 4312; x_wconf 90' lang='lat' dir='ltr'>et</span> <span class='ocrx_word' id='word_1_416' title='bbox 593 4247 731 4313; x_wconf 89' lang='lat' dir='ltr'>liberum</span> <span class='ocrx_word' id='word_1_417' title='bbox 750 4246 920 4311; x_wconf 87' lang='lat' dir='ltr'>arbitrium</span> <span class='ocrx_word' id='word_1_418' title='bbox 943 4258 1024 4334; x_wconf 77' lang='lat' dir='ltr'>per⁸</span> <span class='ocrx_word' id='word_1_419' title='bbox 1047 4247 1127 4312; x_wconf 91' lang='lat' dir='ltr'>locis</span> <span class='ocrx_word' id='word_1_420' title='bbox 1147 4245 1285 4311; x_wconf 89' lang='lat' dir='ltr'>ubilibet</span> <span class='ocrx_word' id='word_1_421' title='bbox 1303 4270 1363 4334; x_wconf 91' lang='lat' dir='ltr'>per</span> <span class='ocrx_word' id='word_1_422' title='bbox 1381 4270 1507 4312; x_wconf 90' lang='lat' dir='ltr'>sacrum</span> <span class='ocrx_word' id='word_1_423' title='bbox 1528 4248 1709 4312; x_wconf 89' lang='lat' dir='ltr'>Romanum</span> <span class='ocrx_word' id='word_1_424' title='bbox 1728 4250 1900 4335; x_wconf 91' lang='lat' dir='ltr'>imperium</span> 
     </span>
     <span class='ocr_line' id='line_1_37' title="bbox 250 4353 1900 4437; baseline 0.001 -17"><span class='ocrx_word' id='word_1_425' title='bbox 250 4357 431 4420; x_wconf 89' lang='lat' dir='ltr'>constitutis</span> <span class='ocrx_word' id='word_1_426' title='bbox 462 4356 512 4419; x_wconf 91' lang='lat' dir='ltr'>sui</span> <span class='ocrx_word' id='word_1_427' title='bbox 540 4355 649 4437; x_wconf 89' lang='lat' dir='ltr'>officii,</span> <span class='ocrx_word' id='word_1_428' title='bbox 682 4353 802 4419; x_wconf 76' lang='lat' dir='ltr'>vellut⁸</span> <span class='ocrx_word' id='word_1_429' title='bbox 825 4364 979 4418; x_wconf 88' lang='lat' dir='ltr'>anostra</span> <span class='ocrx_word' id='word_1_430' title='bbox 1002 4355 1170 4419; x_wconf 85' lang='lat' dir='ltr'>maiestate</span> <span class='ocrx_word' id='word_1_431' title='bbox 1195 4356 1313 4418; x_wconf 88' lang='lat' dir='ltr'>creatis</span> <span class='ocrx_word' id='word_1_432' title='bbox 1336 4355 1432 4419; x_wconf 88' lang='lat' dir='ltr'>factis</span> <span class='ocrx_word' id='word_1_433' title='bbox 1456 4367 1489 4420; x_wconf 86' lang='lat' dir='ltr'>et</span> <span class='ocrx_word' id='word_1_434' title='bbox 1511 4356 1663 4420; x_wconf 90' lang='lat' dir='ltr'>institutis</span> <span class='ocrx_word' id='word_1_435' title='bbox 1687 4355 1900 4421; x_wconf 89' lang='lat' dir='ltr'>thabelliones</span> 
     </span>
     <span class='ocr_line' id='line_1_38' title="bbox 249 4459 1899 4549; baseline 0.001 -23"><span class='ocrx_word' id='word_1_436' title='bbox 249 4462 374 4527; x_wconf 89' lang='lat' dir='ltr'>iudices</span> <span class='ocrx_word' id='word_1_437' title='bbox 394 4473 427 4527; x_wconf 88' lang='lat' dir='ltr'>et</span> <span class='ocrx_word' id='word_1_438' title='bbox 444 4463 598 4543; x_wconf 85' lang='lat' dir='ltr'>notarios,</span> <span class='ocrx_word' id='word_1_439' title='bbox 618 4462 833 4526; x_wconf 78' lang='lat' dir='ltr'>exercitium⁸</span> <span class='ocrx_word' id='word_1_440' title='bbox 853 4484 927 4525; x_wconf 89' lang='lat' dir='ltr'>cum</span> <span class='ocrx_word' id='word_1_441' title='bbox 946 4459 1096 4525; x_wconf 88' lang='lat' dir='ltr'>omnibus</span> <span class='ocrx_word' id='word_1_442' title='bbox 1113 4460 1199 4525; x_wconf 89' lang='lat' dir='ltr'>dicto</span> <span class='ocrx_word' id='word_1_443' title='bbox 1219 4461 1326 4527; x_wconf 87' lang='lat' dir='ltr'>officio</span> <span class='ocrx_word' id='word_1_444' title='bbox 1343 4461 1579 4549; x_wconf 89' lang='lat' dir='ltr'>pertinentibus</span> <span class='ocrx_word' id='word_1_445' title='bbox 1599 4474 1655 4527; x_wconf 92' lang='lat' dir='ltr'>aut</span> <span class='ocrx_word' id='word_1_446' title='bbox 1671 4462 1899 4545; x_wconf 79' lang='lat' dir='ltr'>facientibus⁸,</span> 
     </span>
     <span class='ocr_line' id='line_1_39' title="bbox 250 4566 1902 4657; baseline 0.001 -24"><span class='ocrx_word' id='word_1_447' title='bbox 250 4568 346 4633; x_wconf 90' lang='lat' dir='ltr'>modo</span> <span class='ocrx_word' id='word_1_448' title='bbox 365 4591 430 4632; x_wconf 89' lang='lat' dir='ltr'>non</span> <span class='ocrx_word' id='word_1_449' title='bbox 450 4566 654 4633; x_wconf 86' lang='lat' dir='ltr'>obstantibus</span> <span class='ocrx_word' id='word_1_450' title='bbox 673 4566 802 4654; x_wconf 86' lang='lat' dir='ltr'>legibus</span> <span class='ocrx_word' id='word_1_451' title='bbox 819 4566 944 4632; x_wconf 90' lang='lat' dir='ltr'>iuribus</span> <span class='ocrx_word' id='word_1_452' title='bbox 963 4566 1034 4631; x_wconf 89' lang='lat' dir='ltr'>vcl¹</span> <span class='ocrx_word' id='word_1_453' title='bbox 1057 4567 1346 4632; x_wconf 90' lang='lat' dir='ltr'>consuetudinibus</span> <span class='ocrx_word' id='word_1_454' title='bbox 1365 4580 1422 4633; x_wconf 88' lang='lat' dir='ltr'>aut</span> <span class='ocrx_word' id='word_1_455' title='bbox 1444 4570 1571 4634; x_wconf 87' lang='lat' dir='ltr'>statutis</span> <span class='ocrx_word' id='word_1_456' title='bbox 1595 4609 1638 4617; x_wconf 90' lang='lat'>—</span> <span class='ocrx_word' id='word_1_457' title='bbox 1662 4581 1694 4634; x_wconf 90' lang='lat' dir='ltr'>et</span> <span class='ocrx_word' id='word_1_458' title='bbox 1717 4571 1902 4657; x_wconf 85' lang='lat' dir='ltr'>specialiter</span> 
     </span>
     <span class='ocr_line' id='line_1_40' title="bbox 249 4673 1898 4766; baseline 0.002 -27"><span class='ocrx_word' id='word_1_459' title='bbox 249 4674 377 4761; x_wconf 86' lang='lat' dir='ltr'>legibus</span> <span class='ocrx_word' id='word_1_460' title='bbox 400 4675 463 4740; x_wconf 91' lang='lat' dir='ltr'>illis</span> <span class='ocrx_word' id='word_1_461' title='bbox 483 4689 514 4739; x_wconf 83' lang='lat' dir='ltr'>O.</span> <span class='ocrx_word' id='word_1_462' title='bbox 535 4675 576 4740; x_wconf 89' lang='lat' dir='ltr'>de</span> <span class='ocrx_word' id='word_1_463' title='bbox 599 4673 827 4762; x_wconf 70' lang='lat' dir='ltr'>presentibus*</span> <span class='ocrx_word' id='word_1_464' title='bbox 850 4676 1037 4761; x_wconf 89' lang='lat' dir='ltr'>imperatori</span> <span class='ocrx_word' id='word_1_465' title='bbox 1061 4673 1234 4738; x_wconf 89' lang='lat' dir='ltr'>offerendis</span> <span class='ocrx_word' id='word_1_466' title='bbox 1257 4674 1278 4739; x_wconf 95' lang='lat' dir='ltr'>l.</span> <span class='ocrx_word' id='word_1_467' title='bbox 1301 4675 1356 4740; x_wconf 82' lang='lat' dir='ltr'>ult</span> <span class='ocrx_word' id='word_1_468' title='bbox 1381 4677 1464 4740; x_wconf 92' lang='lat' dir='ltr'>etsi</span> <span class='ocrx_word' id='word_1_469' title='bbox 1488 4676 1625 4763; x_wconf 79' lang='lat' dir='ltr'>quevis¹¹</span> <span class='ocrx_word' id='word_1_470' title='bbox 1648 4676 1700 4741; x_wconf 84' lang='lat' dir='ltr'>vel</span> <span class='ocrx_word' id='word_1_471' title='bbox 1724 4677 1805 4741; x_wconf 91' lang='lat' dir='ltr'>utili.</span> <span class='ocrx_word' id='word_1_472' title='bbox 1829 4679 1898 4766; x_wconf 89' lang='lat' dir='ltr'>pn.¹</span> 
     </span>
     <span class='ocr_line' id='line_1_41' title="bbox 204 4780 1901 4872; baseline 0.001 -24"><span class='ocrx_word' id='word_1_473' title='bbox 204 4809 232 4848; x_wconf 78' lang='lat' dir='ltr'>ro</span> <span class='ocrx_word' id='word_1_474' title='bbox 251 4806 279 4847; x_wconf 92' lang='lat' dir='ltr'>e.</span> <span class='ocrx_word' id='word_1_475' title='bbox 298 4781 355 4847; x_wconf 83' lang='lat' dir='ltr'>b.¹¹²</span> <span class='ocrx_word' id='word_1_476' title='bbox 373 4782 393 4847; x_wconf 92' lang='lat' dir='ltr'>l.</span> <span class='ocrx_word' id='word_1_477' title='bbox 413 4782 466 4847; x_wconf 87' lang='lat' dir='ltr'>vel</span> <span class='ocrx_word' id='word_1_478' title='bbox 485 4782 666 4869; x_wconf 84' lang='lat' dir='ltr'>privilegiis</span> <span class='ocrx_word' id='word_1_479' title='bbox 687 4780 951 4847; x_wconf 90' lang='lat' dir='ltr'>concessionibus</span> <span class='ocrx_word' id='word_1_480' title='bbox 970 4781 1064 4846; x_wconf 87' lang='lat' dir='ltr'>factis</span> <span class='ocrx_word' id='word_1_481' title='bbox 1084 4792 1117 4845; x_wconf 94' lang='lat' dir='ltr'>et</span> <span class='ocrx_word' id='word_1_482' title='bbox 1135 4783 1298 4846; x_wconf 91' lang='lat' dir='ltr'>concessis</span> <span class='ocrx_word' id='word_1_483' title='bbox 1316 4806 1376 4869; x_wconf 90' lang='lat' dir='ltr'>per</span> <span class='ocrx_word' id='word_1_484' title='bbox 1394 4782 1642 4869; x_wconf 87' lang='lat' dir='ltr'>predecessores</span> <span class='ocrx_word' id='word_1_485' title='bbox 1662 4796 1786 4849; x_wconf 90' lang='lat' dir='ltr'>nostros</span> <span class='ocrx_word' id='word_1_486' title='bbox 1806 4808 1901 4872; x_wconf 91' lang='lat' dir='ltr'>quos·</span> 
     </span>
     <span class='ocr_line' id='line_1_42' title="bbox 250 4887 1901 4979; baseline 0.002 -25"><span class='ocrx_word' id='word_1_487' title='bbox 250 4912 388 4976; x_wconf 90' lang='lat' dir='ltr'>cumque</span> <span class='ocrx_word' id='word_1_488' title='bbox 412 4888 620 4976; x_wconf 82' lang='lat' dir='ltr'>generalibus</span> <span class='ocrx_word' id='word_1_489' title='bbox 650 4900 683 4953; x_wconf 91' lang='lat' dir='ltr'>et</span> <span class='ocrx_word' id='word_1_490' title='bbox 713 4887 911 4975; x_wconf 87' lang='lat' dir='ltr'>specialibus</span> <span class='ocrx_word' id='word_1_491' title='bbox 945 4889 1040 4953; x_wconf 88' lang='lat' dir='ltr'>factis</span> <span class='ocrx_word' id='word_1_492' title='bbox 1075 4888 1267 4953; x_wconf 88' lang='lat' dir='ltr'>introductis</span> <span class='ocrx_word' id='word_1_493' title='bbox 1303 4902 1336 4954; x_wconf 89' lang='lat' dir='ltr'>et</span> <span class='ocrx_word' id='word_1_494' title='bbox 1370 4891 1535 4954; x_wconf 88' lang='lat' dir='ltr'>concessis</span> <span class='ocrx_word' id='word_1_495' title='bbox 1569 4913 1628 4977; x_wconf 90' lang='lat' dir='ltr'>per</span> <span class='ocrx_word' id='word_1_496' title='bbox 1663 4914 1901 4979; x_wconf 87' lang='lat' dir='ltr'>quamcumque</span> 
     </span>
     <span class='ocr_line' id='line_1_43' title="bbox 249 4995 1900 5084; baseline 0.001 -23"><span class='ocrx_word' id='word_1_497' title='bbox 249 5019 421 5084; x_wconf 88' lang='lat' dir='ltr'>personam</span> <span class='ocrx_word' id='word_1_498' title='bbox 456 4995 715 5083; x_wconf 86' lang='lat' dir='ltr'>quibuscumque</span> <span class='ocrx_word' id='word_1_499' title='bbox 751 4995 900 5082; x_wconf 82' lang='lat' dir='ltr'>colegio⁸</span> <span class='ocrx_word' id='word_1_500' title='bbox 930 4996 1027 5060; x_wconf 88' lang='lat' dir='ltr'>etiam</span> <span class='ocrx_word' id='word_1_501' title='bbox 1058 4995 1077 5059; x_wconf 89' lang='lat' dir='ltr'>l.</span> <span class='ocrx_word' id='word_1_502' title='bbox 1108 5018 1170 5060; x_wconf 90' lang='lat' dir='ltr'>nec</span> <span class='ocrx_word' id='word_1_503' title='bbox 1205 4995 1385 5083; x_wconf 91' lang='lat' dir='ltr'>dampnosa</span> <span class='ocrx_word' id='word_1_504' title='bbox 1415 4998 1520 5062; x_wconf 81' lang='lat' dir='ltr'>civis·</span> <span class='ocrx_word' id='word_1_505' title='bbox 1550 4999 1800 5062; x_wconf 77' lang='lat' dir='ltr'>communicati·</span> <span class='ocrx_word' id='word_1_506' title='bbox 1831 5001 1900 5064; x_wconf 90' lang='lat' dir='ltr'>sive</span> 
     </span>
     <span class='ocr_line' id='line_1_44' title="bbox 249 5103 1900 5190; baseline 0.002 -23"><span class='ocrx_word' id='word_1_507' title='bbox 249 5126 387 5190; x_wconf 89' lang='lat' dir='ltr'>persone</span> <span class='ocrx_word' id='word_1_508' title='bbox 420 5103 592 5190; x_wconf 84' lang='lat' dir='ltr'>singulari,</span> <span class='ocrx_word' id='word_1_509' title='bbox 629 5104 862 5190; x_wconf 91' lang='lat' dir='ltr'>cuiuscumque</span> <span class='ocrx_word' id='word_1_510' title='bbox 892 5103 1173 5190; x_wconf 82' lang='lat' dir='ltr'>prehcminentie⁸</span> <span class='ocrx_word' id='word_1_511' title='bbox 1203 5103 1450 5169; x_wconf 78' lang='lat' dir='ltr'>conductionisn</span> <span class='ocrx_word' id='word_1_512' title='bbox 1481 5116 1513 5169; x_wconf 88' lang='lat' dir='ltr'>ct</span> <span class='ocrx_word' id='word_1_513' title='bbox 1543 5115 1645 5169; x_wconf 87' lang='lat' dir='ltr'>status</span> <span class='ocrx_word' id='word_1_514' title='bbox 1676 5106 1805 5179; x_wconf 84' lang='lat' dir='ltr'>existat,</span> <span class='ocrx_word' id='word_1_515' title='bbox 1840 5105 1900 5171; x_wconf 88' lang='lat' dir='ltr'>sub</span> 
     </span>
     <span class='ocr_line' id='line_1_45' title="bbox 251 5210 1901 5301; baseline 0.001 -26"><span class='ocrx_word' id='word_1_516' title='bbox 251 5232 455 5297; x_wconf 88' lang='lat' dir='ltr'>quacumque</span> <span class='ocrx_word' id='word_1_517' title='bbox 487 5212 698 5275; x_wconf 90' lang='lat' dir='ltr'>concessione</span> <span class='ocrx_word' id='word_1_518' title='bbox 729 5210 943 5275; x_wconf 90' lang='lat' dir='ltr'>condicione⁰</span> <span class='ocrx_word' id='word_1_519' title='bbox 967 5232 1025 5274; x_wconf 89' lang='lat' dir='ltr'>seu</span> <span class='ocrx_word' id='word_1_520' title='bbox 1055 5212 1288 5297; x_wconf 87' lang='lat' dir='ltr'>compositione</span> <span class='ocrx_word' id='word_1_521' title='bbox 1312 5210 1486 5276; x_wconf 77' lang='lat' dir='ltr'>verborum</span> <span class='ocrx_word' id='word_1_522' title='bbox 1518 5213 1616 5276; x_wconf 88' lang='lat' dir='ltr'>etiam</span> <span class='ocrx_word' id='word_1_523' title='bbox 1639 5212 1703 5276; x_wconf 70' lang='lat' dir='ltr'>dc*</span> <span class='ocrx_word' id='word_1_524' title='bbox 1726 5214 1805 5300; x_wconf 89' lang='lat' dir='ltr'>ipsis</span> <span class='ocrx_word' id='word_1_525' title='bbox 1829 5236 1901 5301; x_wconf 88' lang='lat' dir='ltr'>spe-</span> 
     </span>
     <span class='ocr_line' id='line_1_46' title="bbox 204 5315 1901 5408; baseline 0.001 -25"><span class='ocrx_word' id='word_1_526' title='bbox 204 5343 233 5383; x_wconf 77' lang='lat' dir='ltr'>rs</span> <span class='ocrx_word' id='word_1_527' title='bbox 252 5315 411 5381; x_wconf 80' lang='lat' dir='ltr'>cialibus·</span> <span class='ocrx_word' id='word_1_528' title='bbox 440 5316 481 5382; x_wconf 89' lang='lat' dir='ltr'>de</span> <span class='ocrx_word' id='word_1_529' title='bbox 504 5317 606 5382; x_wconf 88' lang='lat' dir='ltr'>verbo</span> <span class='ocrx_word' id='word_1_530' title='bbox 637 5317 679 5381; x_wconf 93' lang='lat' dir='ltr'>ad</span> <span class='ocrx_word' id='word_1_531' title='bbox 702 5317 839 5382; x_wconf 87' lang='lat' dir='ltr'>verbum</span> <span class='ocrx_word' id='word_1_532' title='bbox 862 5318 955 5382; x_wconf 85' lang='lat' dir='ltr'>fieret</span> <span class='ocrx_word' id='word_1_533' title='bbox 977 5318 1012 5381; x_wconf 92' lang='lat' dir='ltr'>in</span> <span class='ocrx_word' id='word_1_534' title='bbox 1042 5319 1159 5382; x_wconf 89' lang='lat' dir='ltr'>nostris</span> <span class='ocrx_word' id='word_1_535' title='bbox 1183 5318 1298 5382; x_wconf 88' lang='lat' dir='ltr'>litteris</span> <span class='ocrx_word' id='word_1_536' title='bbox 1322 5320 1442 5383; x_wconf 87' lang='lat' dir='ltr'>mentio</span> <span class='ocrx_word' id='word_1_537' title='bbox 1466 5318 1627 5401; x_wconf 86' lang='lat' dir='ltr'>facienda,</span> <span class='ocrx_word' id='word_1_538' title='bbox 1659 5343 1721 5407; x_wconf 91' lang='lat' dir='ltr'>que</span> <span class='ocrx_word' id='word_1_539' title='bbox 1745 5320 1901 5408; x_wconf 91' lang='lat' dir='ltr'>predictis</span> 
     </span>
     <span class='ocr_line' id='line_1_47' title="bbox 252 5422 1901 5514; baseline 0.003 -26"><span class='ocrx_word' id='word_1_540' title='bbox 252 5422 360 5510; x_wconf 86' lang='lat' dir='ltr'>aliquo</span> <span class='ocrx_word' id='word_1_541' title='bbox 383 5423 480 5489; x_wconf 94' lang='lat' dir='ltr'>modo</span> <span class='ocrx_word' id='word_1_542' title='bbox 503 5423 675 5489; x_wconf 81' lang='lat' dir='ltr'>obvivari⁸</span> <span class='ocrx_word' id='word_1_543' title='bbox 698 5436 805 5512; x_wconf 91' lang='lat' dir='ltr'>potest</span> <span class='ocrx_word' id='word_1_544' title='bbox 828 5447 956 5511; x_wconf 91' lang='lat' dir='ltr'>queque</span> <span class='ocrx_word' id='word_1_545' title='bbox 980 5424 1022 5488; x_wconf 92' lang='lat' dir='ltr'>ad</span> <span class='ocrx_word' id='word_1_546' title='bbox 1044 5426 1259 5512; x_wconf 80' lang='lat' dir='ltr'>premissam⁸</span> <span class='ocrx_word' id='word_1_547' title='bbox 1283 5426 1401 5490; x_wconf 90' lang='lat' dir='ltr'>nullius</span> <span class='ocrx_word' id='word_1_548' title='bbox 1420 5426 1567 5491; x_wconf 86' lang='lat' dir='ltr'>volumus</span> <span class='ocrx_word' id='word_1_549' title='bbox 1586 5429 1733 5514; x_wconf 89' lang='lat' dir='ltr'>optinere</span> <span class='ocrx_word' id='word_1_550' title='bbox 1751 5428 1901 5494; x_wconf 83' lang='lat' dir='ltr'>roborem</span> 
     </span>
    </p>
   </div>
   <div class='ocr_carea' id='block_1_5' title="bbox 322 5654 1903 5871">
    <p class='ocr_par' dir='ltr' id='par_1_5' title="bbox 322 5654 1903 5871">
     <span class='ocr_line' id='line_1_48' title="bbox 322 5654 1903 5729; baseline 0.003 -19"><span class='ocrx_word' id='word_1_551' title='bbox 322 5654 387 5712; x_wconf 74' lang='lat'><strong>288.</strong></span> <span class='ocrx_word' id='word_1_552' title='bbox 411 5654 441 5721; x_wconf 82' lang='lat' dir='ltr'>d)</span> <span class='ocrx_word' id='word_1_553' title='bbox 462 5655 648 5709; x_wconf 81' lang='lat' dir='ltr'>liberalitatA</span> <span class='ocrx_word' id='word_1_554' title='bbox 703 5658 729 5723; x_wconf 83' lang='lat' dir='ltr'>a)</span> <span class='ocrx_word' id='word_1_555' title='bbox 750 5656 801 5723; x_wconf 78' lang='lat' dir='ltr'>sup</span> <span class='ocrx_word' id='word_1_556' title='bbox 816 5658 840 5707; x_wconf 81' lang='lat' dir='ltr'><em>A</em></span> <span class='ocrx_word' id='word_1_557' title='bbox 896 5654 921 5721; x_wconf 86' lang='lat' dir='ltr'>l)</span> <span class='ocrx_word' id='word_1_558' title='bbox 938 5655 1025 5723; x_wconf 76' lang='lat' dir='ltr'>repA</span> <span class='ocrx_word' id='word_1_559' title='bbox 1080 5658 1109 5724; x_wconf 82' lang='lat' dir='ltr'>g)</span> <span class='ocrx_word' id='word_1_560' title='bbox 1131 5654 1205 5709; x_wconf 77' lang='lat' dir='ltr'>indic</span> <span class='ocrx_word' id='word_1_561' title='bbox 1224 5655 1371 5710; x_wconf 61' lang='lat' dir='ltr'>ordinatii</span> <span class='ocrx_word' id='word_1_562' title='bbox 1433 5656 1462 5723; x_wconf 93' lang='lat' dir='ltr'>h)</span> <span class='ocrx_word' id='word_1_563' title='bbox 1484 5654 1565 5711; x_wconf 75' lang='lat' dir='ltr'>1qu</span> <span class='ocrx_word' id='word_1_564' title='bbox 1628 5660 1648 5726; x_wconf 86' lang='lat' dir='ltr'>i)</span> <span class='ocrx_word' id='word_1_565' title='bbox 1669 5660 1733 5713; x_wconf 72' lang='lat' dir='ltr'>oder</span> <span class='ocrx_word' id='word_1_566' title='bbox 1750 5660 1903 5729; x_wconf 84' lang='lat' dir='ltr'>iuribusvc,·</span> 
     </span>
     <span class='ocr_line' id='line_1_49' title="bbox 410 5726 1900 5801; baseline 0.006 -24"><span class='ocrx_word' id='word_1_567' title='bbox 410 5728 454 5779; x_wconf 75' lang='lat' dir='ltr'>die</span> <span class='ocrx_word' id='word_1_568' title='bbox 466 5728 572 5793; x_wconf 57' lang='lat' dir='ltr'>aarum</span> <span class='ocrx_word' id='word_1_569' title='bbox 588 5730 623 5779; x_wconf 76' lang='lat' dir='ltr'>ist</span> <span class='ocrx_word' id='word_1_570' title='bbox 638 5728 763 5778; x_wconf 59' lang='lat' dir='ltr'>araches·</span> <span class='ocrx_word' id='word_1_571' title='bbox 815 5726 844 5793; x_wconf 81' lang='lat' dir='ltr'>k)</span> <span class='ocrx_word' id='word_1_572' title='bbox 863 5727 960 5789; x_wconf 78' lang='lat' dir='ltr'>quisA</span> <span class='ocrx_word' id='word_1_573' title='bbox 1015 5727 1036 5795; x_wconf 86' lang='lat' dir='ltr'>l)</span> <span class='ocrx_word' id='word_1_574' title='bbox 1055 5728 1118 5781; x_wconf 76' lang='lat' dir='ltr'>oder</span> <span class='ocrx_word' id='word_1_575' title='bbox 1133 5745 1178 5795; x_wconf 90' lang='lat' dir='ltr'>pu.</span> <span class='ocrx_word' id='word_1_576' title='bbox 1192 5732 1217 5781; x_wconf 76' lang='lat' dir='ltr'><strong><em>A</em></strong></span> <span class='ocrx_word' id='word_1_577' title='bbox 1272 5731 1311 5795; x_wconf 91' lang='lat' dir='ltr'>m)</span> <span class='ocrx_word' id='word_1_578' title='bbox 1332 5730 1381 5780; x_wconf 83' lang='lat' dir='ltr'>der</span> <span class='ocrx_word' id='word_1_579' title='bbox 1393 5729 1540 5783; x_wconf 66' lang='lat' dir='ltr'>scamus</span> <span class='ocrx_word' id='word_1_580' title='bbox 1556 5734 1590 5783; x_wconf 79' lang='lat' dir='ltr'>r&#39;rt</span> <span class='ocrx_word' id='word_1_581' title='bbox 1605 5749 1677 5797; x_wconf 71' lang='lat' dir='ltr'>ponz</span> <span class='ocrx_word' id='word_1_582' title='bbox 1693 5734 1900 5801; x_wconf 70' lang='lat' dir='ltr'>unyewdlmlr&#39;clr,</span> 
     </span>
     <span class='ocr_line' id='line_1_50' title="bbox 411 5797 1901 5871; baseline 0.006 -22"><span class='ocrx_word' id='word_1_583' title='bbox 411 5799 443 5850; x_wconf 84' lang='lat' dir='ltr'>ob</span> <span class='ocrx_word' id='word_1_584' title='bbox 460 5800 479 5852; x_wconf 91' lang='lat' dir='ltr'>b</span> <span class='ocrx_word' id='word_1_585' title='bbox 497 5800 561 5851; x_wconf 79' lang='lat' dir='ltr'>oder</span> <span class='ocrx_word' id='word_1_586' title='bbox 579 5797 597 5850; x_wconf 91' lang='lat' dir='ltr'>h</span> <span class='ocrx_word' id='word_1_587' title='bbox 616 5800 679 5849; x_wconf 83' lang='lat' dir='ltr'>oder</span> <span class='ocrx_word' id='word_1_588' title='bbox 697 5797 715 5850; x_wconf 80' lang='lat' dir='ltr'>k</span> <span class='ocrx_word' id='word_1_589' title='bbox 734 5800 798 5850; x_wconf 81' lang='lat' dir='ltr'>oder</span> <span class='ocrx_word' id='word_1_590' title='bbox 816 5797 844 5863; x_wconf 88' lang='lat' dir='ltr'>li,</span> <span class='ocrx_word' id='word_1_591' title='bbox 864 5797 929 5850; x_wconf 70' lang='lat' dir='ltr'>lusu</span> <span class='ocrx_word' id='word_1_592' title='bbox 946 5798 1002 5849; x_wconf 63' lang='lat' dir='ltr'>arth</span> <span class='ocrx_word' id='word_1_593' title='bbox 1021 5800 1094 5851; x_wconf 73' lang='lat' dir='ltr'>nicht</span> <span class='ocrx_word' id='word_1_594' title='bbox 1111 5800 1198 5853; x_wconf 61' lang='lat' dir='ltr'>meter</span> <span class='ocrx_word' id='word_1_595' title='bbox 1216 5800 1378 5853; x_wconf 64' lang='lat' dir='ltr'>mamona</span> <span class='ocrx_word' id='word_1_596' title='bbox 1448 5804 1479 5868; x_wconf 81' lang='lat' dir='ltr'>n)</span> <span class='ocrx_word' id='word_1_597' title='bbox 1500 5801 1606 5856; x_wconf 72' lang='lat' dir='ltr'>conduc</span> <span class='ocrx_word' id='word_1_598' title='bbox 1618 5807 1643 5856; x_wconf 79' lang='lat' dir='ltr'><strong><em>A</em></strong></span> <span class='ocrx_word' id='word_1_599' title='bbox 1716 5808 1744 5871; x_wconf 94' lang='lat' dir='ltr'>o)</span> <span class='ocrx_word' id='word_1_600' title='bbox 1766 5804 1863 5858; x_wconf 86' lang='lat' dir='ltr'>condic</span> <span class='ocrx_word' id='word_1_601' title='bbox 1876 5809 1901 5859; x_wconf 75' lang='lat' dir='ltr'><em>A</em></span> 
     </span>
    </p>
   </div>
   <div class='ocr_carea' id='block_1_6' title="bbox 0 0 2421 6516">
    <p class='ocr_par' dir='ltr' id='par_1_6' title="bbox 0 0 2421 6516">
     <span class='ocr_line' id='line_1_51' title="bbox 0 0 2421 6516; baseline 0 0"><span class='ocrx_word' id='word_1_602' title='bbox 0 0 2421 6516; x_wconf 95' lang='lat' dir='ltr'> </span> 
     </span>
    </p>
   </div>
  </div>
 </body>
</html>
