4836 6492
882 571 1119 629 HEINRICH
1141 572 1181 629 Π.
1223 570 1320 629 1023.
1863 565 1927 629 1119

271 759 432 848 placuerit
461 757 504 823 ad
535 781 630 823 usum
661 758 842 823 aecclesiae
870 757 1023 839 faciendi,
1047 759 1190 824 omnium
1221 758 1388 824 hominum
1417 760 1511 846 regni
1540 761 1643 825 nostri
1670 760 1927 826 contradictione

270 877 405 932 remota.
451 866 496 931 Et
525 877 561 931 nt
590 865 673 931 hacc
701 877 832 930 nostrae
862 867 1073 952 ingenuitatis
1103 867 1280 931 auctoritas
1310 864 1436 931 stabilis
1460 878 1493 931 et
1515 866 1707 931 inconvulsa
1730 867 1818 932 omni
1840 876 1927 954 post·

271 973 347 1038 hinc
370 984 562 1061 permaneat
584 983 742 1059 tempore,
765 971 828 1037 hoc
851 972 1020 1060 imperiale
1043 983 1235 1060 preceptum
1257 972 1334 1037 inde
1351 974 1571 1061 couscriptum
1586 996 1686 1038 manu
1704 974 1836 1061 propria
1852 995 1927 1038 con-

270 1080 437 1145 firmantes
460 1079 559 1167 sigilli
582 1080 684 1144 nostri
707 1080 921 1166 impressione
947 1078 1111 1168 [iussimus
1133 1078 1307 1168 in]signiri.

234 1243 249 1283 b

377 1363 395 1454 ᾗ
420 1364 620 1430 Guutherius
644 1365 859 1430 cancellarius
882 1366 956 1430 vice
978 1363 1134 1430 Aribonia
1158 1364 1435 1452 archicappellani
1458 1366 1660 1451 recognovit.
1684 1362 1702 1455 ξ
1725 1364 1785 1453 (81.
1811 1365 1856 1453 3.)

378 1508 468 1573 Data
485 1522 600 1572 XVIIII.
620 1507 686 1572 kal.
706 1506 771 1572 feb.
795 1495 1042 1590 indictionem,
1066 1530 1151 1573 anno
1175 1506 1359 1573 dominicae
1382 1508 1616 1572 iucarnationis
1639 1507 1810 1573 millesimo
1826 1495 1926 1592 xxlfl,

272 1637 357 1680 anno
380 1637 459 1680 vero
483 1614 594 1680 domni
616 1614 764 1679 Heinrici
796 1613 932 1679 secundi
956 1615 1123 1701 regnantis
1146 1629 1217 1697 IIIII,
1247 1615 1376 1702 imperii
1406 1624 1515 1678 autem
1541 1601 1640 1699 V1f113
1672 1626 1781 1680 actum
1805 1614 1928 1681 Poder-

271 1720 439 1806 brunnou3
462 1721 602 1786 feliciter
624 1722 752 1786 amend.

229 2026 256 2066 to
1056 1988 1150 2075 485.

275 2148 454 2223 Heinrich
478 2148 625 2225 aebenkt
658 2149 724 2224 der
749 2149 1002 2250 biacltbfliclten
1028 2149 1166 2224 Kirclte
1189 2176 1235 2224 zo
1260 2146 1477 2223 Poderdorn
1503 2150 1571 2223 dos
1599 2147 1675 2226 Get
1699 2150 1926 2225 Hohunseli.

1396 2296 1567 2356 Puderbotu
1590 2298 1670 2357 1023
1693 2297 1812 2357 Jamsar
1834 2297 1882 2358 14.

382 2457 535 2529 Abseltrift
557 2458 605 2516 dea
628 2459 675 2517 11.
692 2457 721 2517 J
721 2458 748 2516 lt.
773 2458 814 2516 im
836 2458 1037 2532 Abdiuqhoser
1059 2457 1238 2533 &sepeliar
1259 2458 1301 2515 t'm
1323 2456 1496 2517 Domsctmz
1518 2475 1554 2517 zu
1580 2457 1667 2517 Tn'er
1690 2456 1755 2527 (0).

382 2600 497 2673 Auszap
519 2599 550 2658 iu
577 2600 629 2658 der
651 2599 718 2659 Vita
740 2599 908 2659 Meiotcerei
931 2618 993 2674 cop.
1016 2601 1077 2658 188
1106 2600 1150 2659 bei
1171 2600 1296 2660 Brower
1318 2600 1423 2661 &dero
1446 2602 1486 2660 66
1507 2600 1568 2660 aad
1589 2602 1620 2661 ia
1642 2602 1723 2662 Mon.
1750 2602 1847 2662 Germ
1872 2601 1925 2663 SS.

383 2707 516 2777 11,150.
541 2736 584 2744 -
609 2706 832 2780 (saracenico)
856 2706 937 2766 Mos.
958 2705 1083 2766 Pederb.
1108 2707 1151 2766 od.
1172 2706 1200 2766 I.
1223 2709 1284 2767 102
1306 2708 1421 2784 Auszap
1443 2709 1497 2767 mit
1517 2709 1603 2768 XVI.
1627 2711 1689 2769 kal.
1714 2711 1792 2770 febr.
1818 2731 1860 2758 =
1883 2710 1927 2770 ed.

382 2812 429 2873 Π.
455 2815 512 2872 181
537 2834 579 2860 =
601 2813 644 2872 ed.
669 2812 734 2873 III.
760 2815 820 2873 166
847 2834 889 2860 =
918 2813 961 2873 ed.
985 2812 1042 2874 IV.
1066 2814 1135 2873 173.
1161 2842 1202 2852 -
1233 2812 1354 2875 Sebotes
1375 2814 1453 2875 Asa.
1477 2815 1602 2875 Puderb.
1627 2816 1669 2875 ed.
1694 2815 1722 2875 Ι.
1747 2818 1853 2888 1152
1875 2834 1929 2876 aas

381 2920 534 2992 Abscbrift
557 2941 599 2967 =
622 2920 720 2995 deniq
742 2919 810 2980 ΒΑ.
835 2921 875 2979 17
880 2924 905 2991 ⁰,
928 2921 988 2979 713
1017 2922 1049 2978 a⁰
1071 2921 1122 2991 32,
1146 2941 1188 2968 =
1212 2919 1334 2980 Sedotut
1356 2921 1431 2982 Ano.
1456 2921 1581 2983 Pedere.
1606 2923 1649 2982 ed.
1674 2922 1720 2984 ΙΙ.
1745 2925 1774 2995 1,
1791 2925 1859 2985 310.
1883 2954 1926 2962 -

387 3027 689 3101 Witmoos·Pltilippi
710 3027 812 3099 Wests.
836 3027 907 3087 ΚΠ.
931 3029 963 3098 2,
980 3027 1037 3086 194
1059 3029 1093 3086 a⁰
1107 3028 1165 3086 161
1188 3046 1242 3087 aas
1266 3026 1297 3088 0.
1322 3058 1366 3069 -·
1389 3029 1516 3089 Bdbmer
1538 3028 1610 3105 Req.
1628 3031 1717 3089 1238.
1741 3060 1785 3069 -
1809 3030 1933 3105 Stampf

382 3133 453 3209 Req.
470 3134 559 3193 1801.

383 3276 569 3336 caestuum
591 3296 646 3337 voa
671 3276 739 3347 GB,
769 3277 823 3336 wie
850 3277 899 3337 die
920 3277 1157 3353 Naebzet'ebasaq
1179 3279 1314 3338 monebo
1336 3277 1562 3351 Schriftses'ebes
1583 3281 1616 3340 ia
1641 3280 1825 3341 Ocrlreaseo
1846 3283 1927 3341 idest.

382 3383 482 3443 Isdem
511 3384 568 3442 wir
590 3384 637 3443 die
667 3385 728 3454 fust
757 3385 903 3443 wddlielte
929 3373 1205 3461 medostimmusq
1226 3387 1281 3445 mit
1303 3385 1344 3446 D.
1361 3387 1421 3445 484
1451 3387 1542 3447 durch
1564 3387 1735 3448 Petitdracls
1757 3389 1928 3460 eructum,

381 3492 481 3550 welles
504 3491 562 3549 wir
582 3490 712 3550 dodurclt
742 3490 812 3550 tiber
840 3492 887 3550 die
909 3492 1016 3567 Frope,
1046 3492 1148 3551 8881818
1175 3494 1228 3552 der
1250 3493 1347 3553 beiden
1374 3493 1531 3553 Urlraadea
1553 3513 1607 3554 oss
1628 3495 1681 3555 der
1702 3496 1827 3555 cadmea
1849 3496 1929 3571 obpe-

381 3598 457 3657 leitet
486 3598 535 3668 ist,
564 3599 630 3657 lacto
658 3597 769 3657 Urtltet'l
798 3598 950 3673 obqeqebeo
979 3598 1086 3671 baben,
1114 3600 1156 3659 sie
1184 3601 1224 3658 ist
1252 3601 1331 3659 nield
1352 3601 1446 3660 818188
1468 3620 1503 3660 zu
1525 3603 1708 3662 eatsedet'den.
1733 3633 1777 3642 —
1797 3603 1858 3677 Vel.
1882 3603 1930 3662 die

386 3704 613 3780 Vorbemerlotop
630 3724 666 3763 za
684 3703 725 3764 D.
742 3705 819 3777 484,
841 3706 888 3764 die
907 3705 1043 3765 Urlotnde
1059 3707 1128 3765 lom
1142 3706 1197 3765 mit
1211 3707 1274 3765 dem
1288 3708 1469 3782 pmcheolctert
1487 3707 1547 3767 eut
1561 3728 1601 3767 aa
1615 3708 1736 3768 Kloster
1750 3710 1926 3784 Abdioqlsof.

230 3898 257 3939 ss
382 3880 441 3953 (C.)
464 3870 482 3961 ᾖ
504 3873 544 3937 In
567 3874 697 3938 nomine
721 3883 852 3938 sanctae
883 3883 916 3938 et
945 3873 1114 3938 individue
1144 3875 1308 3939 trinitatis.
1355 3875 1531 3941 Heinricus
1561 3876 1674 3941 divina
1703 3877 1834 3942 favente
1864 3877 1928 3943 cle·

274 3982 397 4045 mentia
418 3981 638 4045 Romanorum
662 3981 840 4067 imperator
863 3979 1064 4068 augustam}
1150 3995 1180 4045 Si
1205 3995 1374 4047 reserabitis
1400 3996 1597 4048 aecclesiarum
1622 3998 1668 4049 dei
1695 3997 1756 4048 loca
1781 3999 1869 4049 ditare
1896 4015 1928 4049 ae

274 4101 422 4152 sublimare
447 4101 644 4162 studuerimus,
673 4102 752 4152 uobis
780 4101 808 4151 id
836 4103 998 4166 animaeque
1026 4108 1137 4153 nostrae
1165 4103 1286 4153 remedio
1313 4100 1411 4176 atque
1440 4111 1583 4170 parentum
1610 4110 1767 4156 nostrorum
1793 4122 1844 4156 nec
1872 4122 1929 4158 non

275 4210 352 4275 regni
370 4209 458 4259 nostri
477 4210 563 4259 statui
582 4209 754 4274 profuturum
780 4224 840 4258 csse
867 4209 976 4258 minime
1003 4209 1168 4259 dubitamus.
1206 4209 1382 4276 Quapropter
1406 4212 1514 4263 noverit
1539 4214 1660 4263 omnium
1680 4212 1779 4263 Christi
1807 4212 1929 4264 fidelium

274 4322 485 4380 nostrorumque
504 4316 677 4376 universitas,
696 4314 815 4381 qualiter
833 4331 884 4366 nos
903 4316 1082 4381 inspicientes
1101 4317 1283 4367 interventum
1296 4316 1472 4389 dilectissime
1488 4321 1613 4386 coniugis
1626 4326 1735 4371 nostrae
1749 4320 1929 4386 cunigundae

230 4431 259 4473 to
275 4422 455 4489 imperatricis
483 4428 619 4487 augustae
647 4422 758 4472 assidue
787 4423 922 4474 monentis
950 4428 1034 4487 atque
1067 4423 1268 4474 incessabiliter
1298 4426 1377 4476 nobis
1407 4428 1436 4476 in
1467 4428 1624 4477 memoriam
1655 4427 1824 4488 reducentis,
1855 4429 1930 4494 qnod

274 4528 488 4594 Meginnuercus
506 4530 760 4579 Puderbrnunensis
780 4527 937 4579 acclesiae*
956 4528 1122 4581 venerabilis
1149 4532 1295 4596 episcopus
1321 4531 1384 4598 plus
1410 4534 1509 4599 ceteris
1535 4532 1660 4584 fidelibus
1679 4535 1780 4585 nostris
1799 4535 1827 4585 in
1845 4536 1930 4585 servi·

275 4643 335 4688 tute
353 4642 448 4688 nostra
466 4637 523 4702 iugi
543 4636 691 4687 devotione
710 4637 829 4697 sudarit,
856 4638 944 4688 eidem
963 4637 1201 4688 Pederbruuueusi
1221 4637 1378 4690 acclesiae·
1396 4641 1424 4691 in
1443 4640 1575 4691 honorem
1593 4647 1704 4691 sanctae
1724 4642 1769 4691 dei
1787 4643 1930 4706 genitricis

275 4743 379 4794 Mariae
399 4745 542 4809 sanctique
555 4741 659 4793 Kiliani
679 4744 796 4794 martiris
815 4760 866 4793 nec
885 4760 941 4795 nou
960 4746 1079 4811 preciosi
1098 4745 1262 4796 confessoris
1280 4746 1384 4797 Liborii
1404 4748 1538 4815 dedicate,
1558 4749 1603 4797 cui
1623 4749 1694 4798 idem
1714 4747 1831 4798 dilectus
1850 4751 1929 4801 nobis

276 4851 391 4901 antistes
410 4867 519 4917 preesse
538 4851 655 4911 videtin,
682 4850 819 4915 quoddam
845 4858 967 4902 nostnam
986 4853 1111 4917 predium
1136 4838 1320 4903 Hohunsell
1345 4853 1449 4904 dictum
1467 4856 1549 4905 situm
1574 4856 1603 4906 in
1628 4871 1701 4922 pago
1722 4855 1876 4907 Westt‘alon
1901 4858 1930 4906 in

231 4967 258 5009 at
277 4959 407 5011 comitatu
426 4974 492 5009 vero
512 4958 662 5009 Bernhardi
682 4959 791 5009 comitis
811 4975 872 5008 cum
892 4959 1018 5010 omnibns
1038 4960 1160 5010 eiusdem
1178 4961 1266 5026 predii
1286 4961 1467 5027 pertiuentiis,
1494 4963 1572 5013 terris
1591 4962 1723 5014 videlicet
1742 4963 1823 5015 cultis
1842 4970 1870 5016 et
1888 4965 1929 5014 in·

276 5065 357 5115 cultis
377 5065 517 5116 curtificiis
534 5079 551 5110 s
573 5065 687 5116 edificiis
707 5066 850 5131 mancipiis
869 5067 1013 5130 utriusque
1032 5082 1115 5116 sexus
1128 5069 1213 5133 pratis
1228 5069 1339 5133 pascuis
1351 5067 1429 5118 silvis
1443 5070 1638 5120 venationibus
1651 5071 1730 5135 aquia
1743 5086 1930 5138 aquarumque

276 5181 439 5231 decursibus
459 5183 659 5247 piscationibus
677 5180 842 5232 molendinis
861 5183 914 5231 viis
934 5189 962 5232 et
979 5183 1061 5233 inviis
1081 5183 1200 5233 exitibus
1220 5189 1248 5233 et
1266 5184 1399 5234 reditibus
1426 5185 1540 5249 quesitis
1564 5182 1597 5235 et
1622 5186 1793 5250 inquirendis
1820 5188 1930 5257 ceteris·

277 5304 330 5353 que
349 5290 475 5340 omuibus
495 5307 565 5355 quae
585 5290 842 5355 quomodocumque
862 5291 916 5339 dici
935 5291 994 5340 sive
1014 5291 1097 5340 scribi
1117 5296 1165 5340 aut
1182 5291 1318 5340 nominari
1337 5297 1453 5357 possunt
1473 5290 1639 5343 utilitatibus
1656 5293 1691 5343 ad
1704 5294 1793 5359 ipsum
1806 5296 1930 5359 predium

277 5398 485 5461 pertinentibus,
512 5414 561 5463 per
585 5398 655 5448 hanc
682 5402 801 5448 nostram
826 5396 995 5464 imperialem
1021 5398 1149 5462 paginam
1176 5398 1353 5448 concedimus
1378 5406 1461 5462 atque
1488 5397 1620 5465 largimur
1646 5406 1673 5449 et
1699 5401 1733 5451 de
1756 5407 1851 5453 nostro
1870 5403 1930 5453 iure

230 5499 259 5539 so
277 5493 310 5544 ct
332 5495 453 5546 dominio
479 5496 508 5546 in
533 5496 592 5547 eius
617 5496 660 5546 ins
680 5502 708 5546 et
727 5495 877 5546 dominium
899 5496 1008 5547 omnino
1028 5495 1251 5556 transfundimus,
1277 5512 1311 5546 ea
1329 5495 1460 5547 videlicet
1482 5498 1590 5548 ratione
1609 5503 1640 5548 ut
1658 5499 1798 5563 pradictus
1817 5500 1854 5551 II.
1873 5503 1930 5567 epi·

348 5700 413 5759 184.
439 5701 468 5771 d)
490 5705 533 5758 dio
559 5704 712 5771 Damna
739 5706 782 5768 ist,
809 5706 858 5757 aa
883 5704 978 5772 lsdafiy
1005 5707 1035 5756 s’ss
1061 5705 1111 5757 den
1137 5709 1260 5773 spdtoren
1287 5705 1433 5759 lamma
1459 5707 1505 5759 des
1532 5707 1591 5772 OB,
1620 5709 1650 5761 iss
1677 5710 1738 5761 dres'
1761 5710 1853 5765 281188
1879 5712 1936 5777 oss

438 5776 686 5914 &pamm
697 5776 864 5903 ww
879 5777 1061 5843 umbricius:
1085 5776 1142 5841 aas
1155 5776 1293 5843 vosmet
1310 5777 1483 5844 Besr'epelanp
1501 5780 1536 5831 ist
1553 5779 1659 5833 dorosa
1675 5781 1750 5835 nest
1767 5784 1816 5835 mat
1834 5784 1933 5837 Fs'eleer

351 5931 415 5990 481.
443 5933 588 6006 [Bresslan]
624 5940 651 6004 a)
671 5937 699 5991 C.

1667 6053 1719 6105 78‘
