4766 6604
839 415 1077 471 HEINRICH
1099 416 1138 471 11.
1181 414 1275 471 1014.
1843 407 1905 468 371

255 604 396 668 endum’.
439 603 556 691 Curnl‘¹
578 604 739 668 Eufraxia
762 602 929 668 abbatissa
953 614 985 666 et
1009 602 1148 667 eundem
1171 603 1268 666 Petro
1293 612 1431 666 avocato
1455 624 1513 665 suo
1538 613 1571 665 et
1593 601 1696 686 ipsius
1719 601 1909 665 monasterii

254 709 380 774 taliter⁸
405 709 612 791 retullissent,
643 709 684 774 sd
709 733 750 774 ea
772 709 1011 795 responderunt
1033 709 1097 795 ipsi
1120 709 1341 794 Bercugarius
1365 706 1527 793 presbiter
1550 718 1582 771 et
1604 706 1679 792 Ugo
1704 729 1811 771 comes
1835 729 1907 792 ger·

254 817 369 897 manis,
402 818 459 902 qui
492 828 523 880 et
555 817 625 901 ipse
656 816 730 901 Ugo
764 816 870 879 eidem
902 815 1094 901 Berengarii
1127 812 1289 900 presbiter
1320 836 1476 899 germano
1509 836 1567 877 suo
1601 824 1756 877 avocatus
1789 815 1907 894 extitit,

255 921 408 986 dixerunt
432 934 463 986 et
484 921 624 1007 professi
648 921 757 985 fuere:
790 922 870 985 ‘lam
900 921 989 985 dicta
1017 921 1176 985 medietas
1207 920 1248 983 de
1279 921 1540 1006 suprascriptas
1564 919 1645 983 duas
1668 921 1840 1005 porciones
1864 943 1908 983 ex

219 1028 440 1114 apraedictas
470 1042 575 1092 cortes
606 1039 729 1092 castras
762 1027 896 1114 capellis
920 1042 953 1091 et
976 1026 1074 1092 rebus
1098 1024 1247 1091 omnibus
1272 1028 1375 1089 servis
1399 1025 1494 1089 aldiis
1518 1027 1685 1111 utriusque
1710 1048 1819 1105 sexsu,
1851 1025 1907 1111 qui

254 1136 288 1198 in
311 1158 410 1220 supra
440 1136 596 1220 scriptum
626 1140 834 1220 preceptum¹
867 1146 900 1198 et
930 1135 1025 1197 sicuti
1055 1156 1114 1197 vos
1144 1134 1175 1196 ic
1206 1132 1451 1213 denominastis,
1482 1131 1576 1195 vobis
1606 1154 1668 1195 nec
1699 1154 1775 1217 pars
1804 1133 1907 1217 ipsius

254 1242 441 1305 monasterii
469 1239 579 1329 [nou]u
610 1240 863 1304 contradicimus
894 1262 955 1304 nec
986 1239 1209 1304 contradicere
1242 1238 1428 1325 [querimus
1460 1237 1570 1325 quia]d
1601 1259 1675 1301 cum
1705 1237 1811 1323 legem
1841 1260 1907 1301 non

254 1370 435 1433 possumus,
463 1369 502 1411 eo
527 1346 614 1432 quod
637 1346 680 1410 ad
703 1347 874 1410 utilitatem
897 1369 958 1409 usu
982 1357 1015 1410 et
1037 1347 1127 1409 victu
1149 1344 1362 1409 monebarum
1385 1346 1487 1430 ipsius
1511 1346 1707 1408 monasterio
1733 1342 1907 1431 [pertinent

255 1466 286 1516 ct
305 1451 542 1540 per-ptinere
562 1451 708 1516 debentw
728 1475 801 1516 curn
820 1451 893 1537 lege
913 1462 945 1515 et
963 1451 1058 1515 nobis
1078 1451 1121 1515 ad
1140 1450 1304 1515 abendam
1323 1462 1355 1515 et
1373 1451 1605 1537 requirendum
1623 1450 1704 1514 nihil
1723 1452 1906 1535 pertinent¹

210 1580 237 1618 ιο
255 1582 315 1622 nec
338 1560 500 1643 pertinere
524 1556 646 1622 debent
670 1581 743 1622 cum
764 1544 882 1643 legem,
906 1581 965 1644 pro
990 1580 1028 1621 eo
1053 1558 1140 1644 quod
1159 1557 1278 1621 exinde
1297 1556 1398 1621 ullum
1418 1559 1584 1643 scriptum,
1608 1556 1698 1621 nulla
1719 1557 1906 1621 firmitatem

254 1687 315 1728 neo
339 1666 554 1750 scripcionem
578 1686 684 1749 neque
703 1665 869 1728 racionem
887 1663 964 1728 inde
982 1687 1049 1728 non
1068 1663 1202 1728 abemus
1221 1686 1282 1728 nec
1304 1663 1402 1728 abere
1422 1686 1603 1749 possumus,
1628 1686 1687 1748 pro
1708 1686 1773 1749 qua
1791 1662 1907 1727 vobisr

253 1783 309 1834 aut
331 1793 406 1857 pars
429 1772 531 1856 ipsius
555 1771 742 1834 monasterii
765 1770 808 1834 ad
831 1772 896 1833 iam
920 1769 1008 1835 dicta
1031 1770 1189 1834 medietas
1214 1792 1257 1833 ex
1278 1768 1443 1855 predictas
1468 1768 1549 1833 duas
1573 1771 1744 1854 porciones
1769 1768 1810 1833 de
1834 1793 1906 1856 pre-

253 1877 375 1940 factasl'
400 1890 506 1941 cortes
530 1886 654 1941 castras
678 1876 819 1962 capellas
844 1877 950 1963 adque
975 1875 1072 1940 rebus
1097 1875 1246 1940 omnibus
1270 1877 1373 1939 servis
1396 1875 1491 1939 aldiis
1514 1876 1682 1961 utriusque
1706 1898 1806 1939 sexsu
1830 1900 1905 1940 con-

254 1982 413 2048 tradicere
437 1994 493 2047 aut
517 1983 684 2047 subtraere
707 2006 888 2070 possamus,
920 1994 978 2063 set,
1007 1995 1042 2047 ut
1065 1982 1210 2063 disimus,
1235 1982 1278 2046 ad
1296 1981 1434 2045 utilitate
1453 2005 1514 2046 usu
1533 1993 1566 2045 et
1583 1983 1674 2045 victu
1694 1982 1906 2047 monebarum

210 2108 235 2148 ιι
253 2091 355 2175 ipsius
378 2091 564 2154 monosterii
588 2091 751 2175 pertinent
774 2099 807 2153 et
828 2091 991 2175 pertinere
1016 2088 1137 2153 debent
1160 2111 1235 2152 cum
1258 2088 1363 2174 legem
1388 2100 1420 2151 et
1442 2100 1478 2151 ut
1500 2087 1656 2173 legitur’.²
1699 2089 1761 2152 Et·
1786 2089 1906 2153 exinde

252 2197 316 2281 ipsi
338 2197 486 2281 germani
510 2218 544 2260 se
575 2207 668 2282 parte
699 2198 801 2282 ipsius
831 2197 1020 2259 monasterii
1047 2195 1289 2281 adwarpierunt
1317 2207 1349 2258 et
1380 2193 1605 2258 obliearerunt
1635 2216 1670 2258 se
1698 2196 1761 2280 ipsi
1784 2195 1907 2259 Beren-

253 2304 362 2387 garius
385 2301 546 2389 presbiter
569 2316 602 2366 et
625 2302 698 2387 Ugo
730 2324 838 2365 comes
868 2303 1042 2387 germanis,
1073 2314 1118 2381 ut,
1149 2302 1176 2363 si
1207 2324 1351 2387 unquam
1380 2302 1414 2364 in
1445 2312 1590 2386 ternpore
1620 2302 1683 2386 ipsi
1711 2324 1906 2387 suorumque

252 2406 390 2471 heredes
420 2430 459 2471 ac
489 2407 665 2493 proeredes
696 2421 752 2471 aut
776 2430 885 2471 eorum
915 2409 1117 2471 sumittantes
1141 2429 1298 2493 personas
1322 2407 1479 2472 adversus
1504 2406 1644 2471 eandem
1666 2408 1827 2471 Eufraxia
1850 2406 1906 2471 ab·

252 2512 375 2576 batissa
398 2524 454 2577 aut
477 2513 634 2577 adversus
657 2537 734 2599 pars
757 2514 860 2599 ipsius
884 2514 1071 2578 monesterii
1102 2513 1142 2577 de
1173 2514 1239 2577 iam
1269 2514 1359 2578 dicta
1387 2513 1547 2578 medietas
1576 2513 1616 2577 do
1645 2515 1906 2600 suprascriptas

208 2641 235 2679 ao
253 2619 334 2683 duas
357 2620 529 2704 porciones
556 2619 597 2683 de
627 2621 692 2683 iam
722 2621 905 2683 nominatas
936 2631 1042 2683 cortes
1073 2632 1196 2683 castras
1227 2620 1370 2706 capellas
1393 2620 1479 2684 villis
1502 2620 1610 2705 adque
1633 2618 1732 2684 rebus
1756 2619 1907 2684 omnibus

253 2727 356 2789 servis
387 2725 481 2790 aldiis
511 2727 679 2812 utriusque
710 2749 809 2789 sexsu
839 2748 938 2811 agere
969 2737 1025 2789 aut
1052 2748 1187 2789 causare
1211 2726 1265 2789 vel
1287 2749 1456 2790 removere
1480 2727 1737 2812 presumpserint
1761 2737 1793 2790 et
1816 2728 1907 2790 taciti

254 2832 373 2896 exinde
397 2833 485 2896 omni
508 2844 653 2918 ternpore
676 2855 742 2895 non
765 2833 1014 2917 permanserint,
1044 2832 1097 2896 vel
1127 2834 1154 2896 si
1182 2834 1347 2918 aparuerit
1370 2832 1471 2896 ullum
1495 2831 1605 2896 datum
1630 2844 1686 2896 aut
1709 2833 1830 2896 facturn
1854 2833 1907 2897 vel

254 2937 373 3003 colibet
388 2939 553 3024 scriptum,
574 2937 661 3023 quod
679 2939 742 3024 ipsi
760 2939 879 3002 exinde
899 2940 932 3001 in
951 2938 1016 3002 alia
1034 2950 1126 3025 parte
1146 2939 1309 3019 fecissent,
1330 2950 1363 3002 et
1382 2938 1543 3021 claruerit,
1564 2950 1641 3003 tuuc
1661 2937 1908 3003 obblicarerunt

255 3066 448 3130 componere
472 3045 536 3129 ipsi
558 3047 721 3129 germanis
746 3067 941 3130 suorumque
972 3044 1110 3109 heredes
1141 3068 1180 3109 ac
1211 3045 1386 3131 proeredes
1416 3068 1492 3131 pars
1522 3046 1584 3130 ipsi
1614 3046 1822 3126 monasterio,
1852 3056 1909 3109 aut

210 3171 236 3210 as
255 3151 307 3214 cui
330 3174 406 3237 pars
428 3151 532 3235 ipsius
555 3152 743 3215 monasterii
767 3150 904 3233 dederit,
936 3150 1043 3216 dublis
1074 3153 1163 3238 ipsas
1192 3174 1245 3215 res
1269 3162 1302 3215 et
1325 3149 1475 3215 omnibus
1499 3150 1607 3233 rebus,
1639 3152 1723 3216 sicut
1744 3174 1804 3238 pro
1828 3162 1907 3215 tem-

254 3279 332 3342 pore
354 3257 475 3320 fuerint
498 3256 674 3320 melioratis
698 3268 754 3320 aut
775 3257 938 3321 valuerint
962 3256 1022 3322 sub
1047 3259 1258 3321 estimacione
1282 3259 1316 3321 in
1344 3256 1568 3321 consimilibus
1591 3257 1681 3339 locis,
1714 3257 1808 3321 simul
1832 3281 1907 3322 curn

254 3363 376 3426 eisdem
397 3363 500 3426 servis
522 3375 554 3426 et
574 3362 679 3442 aldiis,
703 3364 838 3449 insuper
857 3386 943 3449 pena
963 3363 1186 3450 stipulacionis
1207 3365 1348 3445 nomine,
1373 3362 1461 3450 quod
1484 3373 1533 3428 est
1555 3362 1665 3444 multa,
1689 3385 1769 3427 auro
1786 3366 1907 3449 optimo

254 3471 366 3533 uncias
389 3468 486 3549 mille,
517 3470 644 3554 argenti
668 3469 830 3554 ponderas
861 3468 925 3533 duo
949 3470 1048 3534 milia.
1071 3509 1116 3517 —
1140 3471 1189 3535 Oc
1213 3481 1332 3551 actum,
1362 3469 1408 3534 ibi
1438 3469 1546 3534 locum
1576 3471 1610 3533 in
1641 3470 1756 3534 eodem
1785 3470 1907 3535 iudicio

253 3598 313 3660 per
334 3575 430 3655 fuste,
461 3596 559 3660 quarn
582 3575 652 3660 ipse
678 3575 754 3639 Otto
779 3597 888 3639 comes
918 3576 1037 3661 palacii
1067 3599 1160 3640 suam
1184 3575 1317 3640 tenebat
1339 3598 1482 3658 manum,
1512 3577 1608 3640 mixit
1631 3575 1776 3641 bannum
1806 3578 1908 3663 ipsius

210 3700 237 3739 so
255 3682 364 3745 domni
386 3682 592 3768 imperatoris
615 3703 714 3767 super
737 3681 875 3746 eandem
898 3682 1058 3746 Eufraxia
1081 3681 1248 3746 abbatissa
1277 3693 1310 3746 et
1339 3705 1438 3768 super
1461 3682 1599 3746 eundern
1624 3683 1740 3747 Petrus
1763 3685 1908 3747 notarius

255 3797 391 3851 avocato
422 3809 480 3851 suo
510 3798 543 3851 et
572 3788 675 3873 ipsius
705 3790 900 3852 monasterio
931 3800 964 3852 et
992 3811 1091 3874 super
1120 3790 1199 3874 ipsis
1232 3787 1329 3853 rebus
1362 3790 1396 3852 in
1428 3811 1600 3853 mancosos
1632 3790 1723 3853 aurei
1757 3800 1909 3875 quattuor

255 3892 353 3974 milia,
383 3904 419 3957 ut
448 3892 554 3957 nullus
586 3892 739 3979 quislibet
769 3916 842 3957 omo
866 3893 1004 3958 eandem
1027 3894 1187 3959 Eufraxia
1211 3893 1377 3959 abbatissa
1400 3918 1462 3959 nec
1485 3918 1562 3982 pars
1585 3897 1689 3981 ipsius
1711 3898 1907 3960 monasterio

255 3998 296 4062 de
326 4000 405 4085 ipsis
436 3997 534 4062 rebus
564 4022 625 4063 nec
656 3999 787 4063 familiis
818 3999 997 4064 desvestire
1029 3999 1157 4065 audead
1188 4002 1257 4064 sine
1281 4000 1387 4087 legale
1410 4001 1543 4066 iudicio.
1591 4001 1656 4083 Qui
1679 4025 1758 4066 vero
1782 4003 1907 4084 fecerit,

254 4105 419 4191 predictos
449 4116 601 4191 quattuor
630 4104 721 4169 milia
750 4129 919 4171 mancosos
943 4108 1033 4171 aurei
1058 4130 1092 4171 se
1117 4108 1361 4192 compoxiturus
1385 4119 1551 4194 agnoscat,
1583 4108 1792 4173 medietatem
1815 4120 1907 4195 parte

210 4231 237 4270 ιι
255 4234 384 4276 camere
408 4211 518 4275 domni
541 4212 746 4297 imperatoris
771 4224 803 4275 et
826 4212 1033 4277 medietatem
1058 4237 1134 4299 pars
1164 4214 1266 4300 ipsius
1296 4217 1494 4279 monasterii.
1535 4215 1603 4279 -His
1634 4216 1715 4279 actis
1746 4226 1779 4280 et
1806 4217 1908 4279 mani·

255 4319 390 4382 festacio
413 4329 449 4382 ut
471 4340 570 4404 supra
593 4318 690 4399 facta,
713 4329 837 4382 rectum
862 4341 974 4382 eorum
996 4318 1098 4383 iudici
1122 4330 1154 4384 et
1177 4319 1380 4384 auditoribus
1400 4322 1508 4406 paruit
1526 4344 1598 4385 esse
1618 4332 1650 4385 et
1668 4321 1906 4403 iudicaverunt,
1996 4336 1998 4339 ’

255 4436 289 4489 ut
312 4427 397 4488 iusta
420 4447 531 4488 eorum
556 4424 788 4510 altercaptione
819 4435 851 4488 et
874 4447 986 4489 eorum
1008 4425 1192 4490 Lanfranki
1221 4425 1322 4490 iudici
1353 4438 1384 4490 et
1415 4427 1604 4492 advocatori
1635 4438 1667 4492 et
1689 4427 1907 4513 Berengarius

254 4529 416 4616 presbiter
439 4553 496 4594 seu
520 4530 630 4616 Ugoni
653 4532 763 4595 comiti
792 4533 957 4617 germanis
987 4532 1188 4618 professione
1220 4544 1252 4596 et
1281 4533 1558 4615 manifestacione,
1588 4545 1625 4598 ut
1653 4536 1726 4619 ipsa
1747 4534 1908 4598 Eufraxia

255 4635 424 4700 abbatissa
453 4659 511 4700 seu
541 4636 629 4701 idem
656 4647 793 4701 avocato
817 4660 875 4701 suo
898 4639 964 4701 iam
988 4637 1076 4702 dicta
1099 4638 1258 4703 medietas
1283 4638 1323 4703 de
1347 4641 1606 4725 suprascriptas
1631 4640 1713 4704 duas
1736 4641 1907 4727 porciones

208 4740 296 4807 rode
319 4744 383 4807 iarn
407 4744 589 4807 nominatas
613 4756 718 4807 cortes
743 4755 867 4808 castras
891 4743 977 4808 villis
1004 4745 1138 4831 capellis
1169 4744 1277 4832 adque
1308 4745 1406 4810 rebus
1437 4745 1586 4810 omnibus
1616 4748 1719 4811 servis
1750 4758 1783 4810 et
1812 4746 1907 4810 aldiis

254 4850 422 4935 utriusque
446 4871 528 4912 sexu
551 4872 570 4912 a
593 4832 685 4935 parte
708 4851 810 4936 ipsius
834 4852 1023 4914 monosterii
1046 4850 1144 4915 abere
1165 4862 1197 4915 et
1216 4852 1362 4916 definere
1382 4850 1541 4916 deberent
1559 4851 1602 4917 ad
1621 4876 1715 4916 usum
1734 4863 1766 4916 ct
1784 4854 1907 4917 victum

253 4955 466 5020 monebarum
495 4956 598 5040 ipsius
621 4958 816 5020 monasterio
841 4969 873 5020 et
896 4958 959 5042 ipsi
982 4957 1188 5022 Lanfrancus
1217 4957 1319 5022 iudex
1349 4970 1382 5022 et
1412 4970 1568 5023 avocatus
1595 4981 1654 5023 seu
1676 4981 1752 5045 pars
1775 4957 1906 5046 publice

254 5060 361 5147 adque
384 5061 603 5147 Berengarius
627 5061 790 5148 presbiter
812 5076 844 5127 et
868 5063 942 5149 Ugo
966 5065 1130 5149 germanis
1155 5075 1323 5129 manerent
1351 5065 1470 5129 exinde
1493 5066 1584 5128 taciti
1608 5077 1641 5129 et
1664 5065 1817 5129 contenti.
1863 5066 1908 5129 Et

253 5166 345 5231 finita
363 5178 413 5232 est
431 5191 541 5232 causa.
580 5167 623 5231 Et
642 5191 704 5233 auc
723 5170 846 5233 noticia
868 5192 928 5255 pro
952 5172 1127 5234 securitate
1151 5194 1227 5258 pars
1250 5172 1353 5257 ipsius
1377 5171 1564 5235 monesterii
1587 5171 1658 5236 fieri
1681 5184 1906 5237 amonuerunt.

208 5294 236 5333 ιι
255 5272 396 5354 Quidem
419 5286 452 5338 et
475 5295 536 5360 ego
559 5272 724 5339 Ausuldus
747 5277 892 5339 notarius
917 5278 1000 5341 sacri
1024 5276 1144 5363 palacii
1171 5301 1214 5342 ex
1237 5279 1363 5341 iusione
1387 5300 1486 5364 supra
1509 5278 1629 5364 scripto
1654 5279 1764 5342 comiti
1787 5278 1907 5365 palacii

324 5528 388 5586 Μ.
414 5534 437 5597 s)
459 5531 498 5582 ita
517 5573 632 5585 .....
652 5533 677 5583 Β
749 5538 771 5591 ιι
793 5533 919 5584 doliture·
937 5537 972 5585 ist
990 5534 1116 5586 rietteutr
1136 5535 1265 5603 leguntur
1282 5536 1346 5587 oder
1363 5537 1448 5602 derel.
1466 5553 1501 5587 zu
1520 5540 1664 5600 erqdnzem
1689 5538 1719 5588 in
1738 5536 1763 5587 Β
1780 5539 1814 5589 ist
1833 5538 1909 5592 letne

413 5603 502 5654 bilche
519 5603 673 5667 cnyedeutet
753 5608 782 5661 ιι)
804 5605 869 5667 fehlt
889 5607 917 5655 in
937 5606 970 5669 B,
990 5605 1057 5658 ohne
1075 5607 1238 5670 Andeutuny
1255 5610 1328 5659 einer
1345 5608 1433 5659 Lucia
1511 5612 1539 5673 v)
1561 5614 1654 5659 tencre
1674 5609 1699 5659 Β
1769 5618 1805 5669 w)
1825 5607 1908 5661 debe·

414 5689 475 5725 mus
493 5673 518 5723 Β
578 5678 607 5739 ιι)
628 5672 749 5741 pertinet
769 5676 793 5725 B
853 5680 882 5742 ι’)
903 5675 983 5727 nobis
1001 5677 1026 5728 Β
1080 5688 1105 5737 z)
1128 5678 1253 5729 rielleiclrt
1272 5681 1306 5729 ist
1324 5680 1409 5730 dacor
1426 5678 1490 5729 oder
1506 5679 1634 5730 dattmer
1652 5678 1680 5731 in
1698 5678 1757 5747 ipso
1776 5686 1908 5749 precepto

414 5743 580 5809 ausyesollen
651 5748 678 5811 a)
699 5761 727 5797 se
748 5745 779 5803 Β,

1641 5862 1693 5913 ti*
