4836 6504
582 402 644 465 196
1179 417 1637 478 KAISERURKUNDEN.

686 607 930 684 Originoldsplorn
951 612 993 671 im
1014 613 1043 671 lc.
1063 612 1271 675 Reicbeorcbio
1293 635 1328 675 sn
1350 615 1493 676 Mttncben
1517 617 1589 685 (A).

682 766 848 843 Heyberper
858 769 1073 846 Icltnopropbio
1087 774 1213 835 Bobenb.
1232 778 1260 846 1,
1273 777 1312 835 69
1327 777 1375 836 cit,
1392 796 1446 837 ans
1460 778 1496 837 A.
1509 807 1553 817 —
1570 777 1697 837 Sobrdtes
1711 778 1792 838 Hist.
1806 732 1953 850 Sebritien
1967 779 2027 838 337
2041 780 2106 838 n⁰5
2120 777 2234 837 nnvoll·

681 875 804 951 stdndiy.
821 904 866 914 —
880 876 961 937 Mon.
978 878 1072 939 Boion
1086 882 1154 953 28⁰,
1171 884 1230 941 346
1247 883 1351 942 n⁰22d
1366 901 1419 941 ons
1433 884 1461 942 A
1477 906 1518 932 =
1538 884 1633 944 Veiter
1647 886 1679 944 in
1695 883 1843 956 Schriften
1858 885 1907 945 des
1922 885 2038 945 Vereins
2054 886 2109 956 fair
2126 884 2232 944 Gescb.

681 980 730 1040 des
748 982 906 1043 Bodensees
924 986 972 1055 13,
989 987 1037 1045 64.
1055 1017 1098 1025 —
1117 988 1233 1048 Hidbcr
1250 989 1322 1064 neq.
1340 990 1430 1049 1220.
1444 1021 1488 1030 -
1503 992 1630 1051 Bobmer
1644 992 1716 1067 Ray.
1735 993 1822 1053 1005.
1843 1022 1887 1031 -
1909 991 2033 1066 Stnmpf
2046 991 2119 1068 Rep.
2136 992 2231 1050 1462.

687 1141 877 1204 Unmittelbor
899 1164 952 1205 ons
974 1145 1014 1206 D.
1029 1149 1089 1207 165
1111 1151 1219 1223 copiert
1246 1170 1300 1211 von
1321 1151 1392 1226 EC;
1418 1152 1465 1211 die
1482 1151 1596 1211 Nomen
1617 1153 1669 1212 der
1686 1152 1770 1212 Abtei
1792 1153 1851 1212 ond
1873 1153 1922 1212 des
1941 1153 2036 1213 Goon
2061 1152 2150 1212 sowie
2178 1151 2267 1210 dass

684 1248 874 1325 Topesdotnm
892 1254 943 1312 bot
961 1253 1023 1312 ΕΙ)
1040 1256 1255 1332 nmbpetropen.
1269 1288 1313 1296 -
1328 1258 1387 1318 Die
1404 1259 1604 1334 eipersbdndioe
1620 1259 1800 1334 Volltiebnnp
1817 1260 1866 1319 des
1880 1259 1920 1318 D.
1937 1260 2028 1319 dnrcb
2047 1259 2102 1319 den
2116 1257 2233 1332 Kenio,

679 1357 781 1416 soelebe
798 1358 889 1418 durcb
907 1359 1116 1436 Nocbtropnnp
1134 1363 1209 1422 eines
1227 1363 1354 1424 Stricbes
1372 1366 1413 1424 int
1431 1364 1632 1441 Monoprornrn
1649 1384 1685 1425 tn
1703 1367 1832 1441 ersolpen
1851 1367 1939 1438 batte,
1962 1367 2002 1425 ist
2018 1365 2233 1436 nnterble'eben5

680 1462 750 1522 decb
772 1464 812 1523 ist
833 1465 887 1524 dos
909 1467 984 1525 wobl
1006 1486 1063 1527 nor
1085 1469 1146 1539 ont*
1164 1470 1210 1529 ein
1231 1470 1368 1530 Verscben
1390 1472 1650 1543 znrdcbrnsttbren,
1673 1473 1720 1531 die
1737 1472 1983 1548 Recbtsps'ltiplteit
2005 1473 2057 1532 der
2079 1471 2231 1540 Urbnnde,
2370 1526 2371 1555 ,

680 1570 782 1629 ncelcbe
804 1573 858 1629 nn't
879 1573 983 1632 ecblern
1005 1572 1098 1649 Sieyel
1120 1577 1252 1636 oermben
1274 1578 1334 1637 ond
1355 1596 1395 1637 on
1416 1578 1561 1653 Bomberp
1584 1579 1787 1654 ottspebdndipl
1808 1580 1916 1649 warde,
1944 1580 2041 1639 descen
2062 1578 2233 1654 nnoeacblet

681 1676 759 1735 nicbt
773 1696 809 1736 zo
823 1678 1000 1749 berroMeln:
1023 1699 1052 1739 cs
1069 1682 1141 1741 stelit
1155 1684 1243 1759 oolliq
1259 1687 1325 1756 sest,
1344 1685 1413 1744 dass
1427 1685 1547 1745 Kloster
1563 1685 1643 1745 Stein
1657 1687 1721 1745 dem
1735 1687 1870 1745 Bistbnm
1886 1688 2081 1757 nntmworfen
2095 1705 2172 1745 soar.
2185 1713 2232 1722 -
2250 1705 2274 1743 no
2370 1696 2371 1749 l

680 1781 736 1841 EG
756 1784 808 1843 bot
830 1787 884 1855 [ἄν
905 1785 959 1845 das
985 1787 1175 1862 Topesdolorn
1204 1790 1265 1849 eine
1287 1790 1385 1851 Inteke
1412 1793 1548 1866 pelossen,
1577 1793 1673 1852 isdem
1702 1812 1734 1852 er
1763 1798 1960 1863 vmosnsetrte,
1988 1792 2067 1862 dass,
2096 1792 2153 1851 wic
2184 1792 2232 1862 otl

679 1890 711 1948 in
738 1890 832 1949 dieser
853 1891 928 1962 Zeit,
958 1894 1085 1954 dosselbe
1113 1896 1157 1955 bn
1186 1897 1239 1956 der
1264 1897 1447 1973 Vollriebnnp
1477 1900 1683 1975 naebpetropen
1712 1900 1825 1959 werden
1853 1900 1948 1972 sollte;
1976 1898 2039 1957 ΕΙ)
2059 1898 2118 1980 ἄαᾶ
2148 1899 2231 1958 donn
2370 1864 2371 1935 l

680 2025 724 2035 -
747 1998 821 2057 teobl
848 1999 891 2057 bei
918 1999 971 2058 der
992 2001 1179 2077 Besiepelnnp
1202 2033 1247 2042 -
1276 2004 1330 2063 dos
1352 2004 1465 2064 Dotnns
1494 2006 1543 2064 des
1572 2007 1599 2065 1.
1622 2006 1782 2065 November
1808 2006 1962 2081 eingess's'qt,
1992 2006 2047 2065 snit
2075 2006 2140 2064 mm
2171 2005 2230 2064 alte

587 2154 591 2161 .
679 2104 755 2163 diosc
777 2109 869 2164 asten
891 2106 1069 2183 Bomberper
1095 2108 1261 2180 Urltnnden,
1291 2111 1437 2186 pleioboiel
1460 2131 1545 2171 monn
1567 2113 1609 2172 sie
1630 2113 1772 2188 oollzopen
1794 2113 1921 2184 worden,
1950 2114 2083 2172 cesenas
2111 2112 2231 2172 werden

678 2211 790 2281 sollten,
813 2212 868 2287 opl.
885 2213 925 2272 N.
943 2214 1054 2274 Arellio
1076 2218 1129 2286 22,
1152 2218 1221 2276 214.
2248 2235 2271 2275 ιδ
2370 2224 2371 2259 l

680 2431 738 2502 (C.)
761 2422 778 2513 ξ
801 2424 841 2489 In
863 2429 995 2492 nomine
1021 2439 1153 2493 sanctae
1178 2440 1211 2493 et
1233 2429 1424 2495 individuae
1447 2432 1610 2495 trinitatis,
1657 2432 1832 2496 Heinricus
1861 2432 1972 2495 divina
1998 2430 2132 2495 favente
2163 2430 2230 2495 cle-

571 2531 693 2594 mentia
714 2553 784 2596 rex.
892 2547 1105 2601 Saluberrimisa
1130 2551 1216 2616 igitur
1241 2552 1313 2602 sacri
1339 2550 1443 2616 eloquii
1469 2554 1688 2603 institutionibus
1715 2552 1853 2603 crudimur
1878 2547 1925 2603 ctb
1949 2553 2135 2610 admonemur,
2159 2544 2175 2616 Ι
2199 2556 2230 2600 ut

571 2651 733 2718 temporalia
759 2652 946 2719 relinquentes
971 2658 1045 2707 bona
1071 2663 1099 2708 et
1124 2662 1234 2708 terrena
1257 2666 1453 2725 postponentes
1479 2660 1621 2710 commoda
1648 2665 1762 2709 aeterna
1787 2661 1846 2710 sine
1871 2659 1923 2709 fine
1948 2674 2078 2709 mansura
2103 2660 2132 2708 in
2161 2656 2229 2727 celia

571 2760 729 2810 studeamus
748 2759 863 2826 adipisci
882 2764 1053 2814 consistoria.
1091 2764 1265 2829 Quapropter
1283 2781 1333 2815 nos
1352 2765 1496 2816 dominicis
1515 2782 1570 2816 non
1588 2767 1700 2816 surdum
1724 2767 1846 2816 auditum
1869 2766 2013 2831 prebentes
2037 2766 2181 2831 preceptis
2201 2771 2229 2814 et

571 2866 674 2916 deificis
697 2867 911 2932 obtemperando
935 2869 1108 2921 intendentes
1130 2853 1305 2921 suasionibus
1323 2873 1460 2936 quendam
1483 2878 1592 2923 nostrae
1615 2880 1746 2938 paternae
1769 2872 1928 2923 hereditatis
1952 2870 2042 2922 locum
2062 2872 2229 2937 Babenpere
2245 2882 2269 2921 ro

571 2973 673 3022 dictum
690 2974 718 3022 in
734 2974 827 3023 sedem
844 2980 872 3024 et
888 2973 998 3025 culmen
1015 2978 1191 3042 episcopatus
1208 2976 1381 3028 sublimando
1399 2980 1573 3042 proveximus
1590 2988 1618 3029 et
1633 2979 1757 3030 Romana
1773 2980 1937 3030 auctoritate
1953 2985 2038 3042 atque
2055 2977 2227 3029 venerabilis

571 3079 696 3129 Heinrici
709 3079 942 3145 wirciburgensis
961 3084 1085 3149 episcopi
1106 3099 1241 3134 consensu
1261 3100 1294 3134 ac
1313 3086 1372 3147 pari
1393 3086 1584 3149 communique
1608 3087 1728 3135 omnium
1751 3087 1836 3136 nostri
1859 3083 1979 3135 fidelium
2004 3091 2061 3135 tam
2086 3085 2225 3150 archiepi-

570 3192 735 3251 scoporum⁰
757 3202 838 3252 quam
855 3190 1064 3255 episcoporum⁰
1083 3191 1269 3255 abbatumque
1286 3207 1338 3241 nec
1355 3206 1410 3242 non
1426 3192 1527 3242 ducum
1544 3198 1571 3242 et
1588 3193 1717 3243 comitum
1734 3190 1861 3243 consultu
1877 3193 2043 3255 decretoque
2060 3192 2090 3241 in
2105 3192 2227 3242 honore

569 3300 680 3343 sanctae
700 3294 745 3343 dei
764 3292 905 3359 genitricis
922 3295 1027 3347 Mariae
1046 3304 1260 3362 sanctorumque
1280 3295 1467 3362 apostolorum
1484 3298 1560 3347 Petri
1577 3304 1604 3348 et
1620 3296 1701 3347 Pauli
1719 3314 1770 3348 nec
1788 3314 1843 3348 non
1862 3299 2000 3347 martirum
2016 3295 2122 3347 Kiliani
2140 3304 2225 3361 atque

570 3400 664 3450 Georii
683 3400 865 3452 stabilivimus
885 3410 913 3452 et
932 3404 1178 3464 corroboravimus,
1203 3410 1234 3453 ut
1251 3418 1268 3449 s
1289 3404 1357 3453 inibi
1380 3409 1503 3454 nostrum
1527 3411 1726 3470 parentumque
1750 3410 1904 3454 nostrornm
1922 3411 1961 3453 80
1980 3403 2093 3454 Ottonis
2113 3403 2225 3455 celebre
2242 3412 2265 3453 tt

570 3508 717 3558 haberetur
735 3506 891 3558 memoriale
908 3509 1024 3561 senioris
1040 3512 1128 3561 nostri
1145 3519 1172 3560 et
1188 3512 1261 3576 iugis
1278 3527 1327 3576 pro
1344 3511 1469 3560 omnibus
1486 3511 1625 3560 ortodoxis
1642 3512 1734 3560 hostia
1749 3516 1914 3561 mactaretur
1929 3508 2067 3560 salutaria.
2102 3510 2225 3561 Proinde

569 3615 678 3664 noverit
696 3616 817 3665 omnium
835 3617 921 3666 nostri
940 3616 1062 3668 fidelium
1081 3625 1137 3669 tam
1155 3635 1268 3684 presens
1288 3624 1346 3668 etas
1366 3632 1447 3681 quam
1467 3624 1494 3667 et
1511 3632 1673 3666 successura
1691 3610 1866 3681 posteritasd,
1886 3617 1950 3681 quia
1966 3631 2016 3665 noa
2033 3617 2122 3666 nostri
2139 3632 2225 3680 quan·

569 3722 631 3772 dam
649 3723 716 3772 iuris
740 3722 879 3773 abbatiam
899 3708 1010 3773 Stein⁰
1031 3726 1131 3775 dictam
1154 3727 1184 3775 in
1207 3740 1279 3789 pago
1303 3709 1484 3794 Ηθςοῑιῑιθθ
1508 3724 1586 3772 sitam
1610 3722 1645 3773 ad
1669 3723 1784 3773 eandem
1806 3738 1889 3789 supra
1911 3723 2012 3772 dictam
2036 3721 2225 3788 episcopalem

571 3829 663 3880 sedem
683 3846 745 3880 cum
764 3830 890 3881 omnibus
910 3831 969 3880 eius
988 3833 1161 3897 pertinentiis
1184 3834 1242 3882 sive
1267 3831 1442 3888 adherentiis,
1467 3828 1595 3879 videlicet
1621 3828 1763 3880 aecclesiis
1787 3829 2013 3879 decimationibus
2039 3827 2119 3879 silvia
2138 3844 2223 3879 vena-

569 3937 690 3987 tionibus
709 3953 760 3987 seu
779 3937 904 3987 omnibus
924 3953 994 4001 quae
1014 3937 1139 4002 quolibet
1157 3940 1238 3989 modo
1259 3938 1313 3987 dici
1332 3934 1376 3987 rel
1396 3937 1478 3986 scribi
1502 3940 1617 4000 possunt
1642 3934 1816 3994 utilitatibus,
1840 3936 1891 3986 hac
1915 3942 2025 3985 nostrae
2045 3936 2223 3985 auctoritatis
2240 3945 2264 3985 tt

568 4042 719 4109 preceptali
735 4045 844 4109 pagina,
865 4050 947 4109 prout
963 4043 1065 4095 firmius
1082 4061 1236 4110 possumus,
1257 4045 1390 4094 donamus
1407 4050 1491 4106 atque
1507 4043 1716 4107 proprietamus,
1735 4021 1854 4092 bmnium
1871 4041 2090 4092 contradictione
2107 4048 2223 4099 remota,

568 4151 751 4216 precipientes
770 4150 862 4215 igitur,
883 4156 914 4199 ut
932 4152 960 4200 in
980 4151 1032 4201 deo
1052 4149 1169 4201 dilectus
1186 4167 1251 4217 sepe
1270 4151 1360 4200 dictae
1377 4150 1450 4199 sedis
1466 4148 1641 4198 Eberhardus
1658 4149 1805 4213 spiscopus
1822 4146 1934 4198 liberam
1950 4147 2050 4197 dehinc
2067 4142 2222 4198 habeantf

566 4262 731 4322 potestatem
752 4257 867 4307 eandem
886 4258 1025 4307 abbatiam
1045 4274 1107 4307 cum
1126 4259 1252 4307 omnibus
1274 4258 1332 4307 eius
1353 4255 1523 4321 appendiciis
1542 4255 1651 4304 tenendi
1671 4254 1828 4319 possidendi
1846 4268 1895 4303 scu
1911 4253 2043 4317 quicquid
2062 4254 2116 4303 sibi
2136 4252 2223 4305 libeat

566 4363 654 4413 modis
674 4364 799 4413 omnibus
818 4364 881 4413 inde
901 4363 1020 4413 faciendi
1040 4380 1072 4413 ac
1091 4366 1135 4413 sui
1154 4380 1335 4414 successores.
1373 4361 1402 4412 Si
1422 4362 1483 4426 quis
1502 4361 1595 4424 igitur,
1622 4361 1695 4424 quod
1722 4360 1800 4417 absit,
1825 4359 1907 4409 huius
1932 4364 2041 4408 nostrae
2062 4360 2222 4410 donationis

567 4469 778 4519 munificentiam
798 4470 939 4519 destnrcre
958 4471 1017 4519 sive
1037 4469 1140 4520 violare
1160 4478 1307 4536 presumat,
1330 4469 1358 4518 in
1381 4468 1528 4517 novissimo
1548 4467 1592 4516 die
1611 4472 1745 4516 tormento
1769 4463 1971 4528 inextinguibili
1995 4480 2090 4515 coram
2109 4464 2222 4516 oculiass
2239 4474 2264 4515 to

568 4588 584 4618 s
604 4589 620 4620 s
639 4574 705 4625 luat.
743 4575 876 4636 Quodne
896 4574 952 4634 fiat,
971 4575 1019 4625 sed
1038 4576 1107 4625 hacc
1126 4577 1238 4626 traditio
1258 4584 1353 4627 nostra
1372 4576 1406 4624 nb
1426 4574 1551 4624 omnibus
1571 4574 1729 4638 incorrupta
1748 4575 1913 4636 permaneat,
1938 4570 2009 4621 hanc
2029 4578 2136 4621 cartam
2155 4573 2220 4622 inde

566 4683 748 4747 conscriptam
766 4697 848 4731 manu
867 4682 978 4747 propria
996 4681 1157 4733 roborantes
1176 4681 1261 4749 sigilli
1280 4683 1367 4733 nostri
1385 4681 1555 4746 inpressione
1573 4678 1697 4743 insigniri
1716 4677 1851 4727 iussimus.

671 4843 688 4935 ξ
712 4844 850 4931 Signum
873 4843 984 4909 domni
1007 4845 1157 4910 Heinrici
1181 4855 1232 4927 (M.
1254 4854 1346 4922 IMP.)
1370 4845 1457 4928 regis
1481 4841 1696 4905 invictissimi.
1721 4838 1738 4928 ᾖ

669 5030 922 5123 {Eberhardus
946 5032 1159 5097 cancellarius
1183 5034 1256 5097 vice
1280 5029 1446 5115 Unilligisi
1469 5026 1743 5113 archicappellani
1766 5024 1964 5110 recognovit
1987 5020 2005 5112 ξ
2051 5032 2110 5103 (SI.
2130 5032 2176 5107 2.)

668 5221 758 5285 Data
780 5219 863 5283 kal.e
886 5230 978 5284 uov.⁰
1002 5243 1087 5285 anno
1117 5220 1300 5285 dominicae
1328 5214 1561 5280 incarnationis
1589 5211 1759 5276 millesimo
1775 5224 1837 5292 VII,
1866 5208 2044 5297 indictione
2059 5223 2095 5293 V,
2130 5233 2218 5275 anno
2236 5234 2262 5274 so

562 5327 773 5393 verodomni
796 5326 946 5391 Heinrici
970 5327 1106 5392 secundi
1130 5326 1297 5414 regnantis
1313 5338 1368 5405 v13
1401 5331 1510 5385 actum
1533 5317 1790 5399 Frankonofurt3
1821 5315 1960 5380 feliciter
1983 5336 2090 5379 amen.

631 5622 693 5677 ΙΝ.
719 5621 866 5691 [Bresslau]
909 5622 936 5688 a)
958 5622 1025 5675 seer
1048 5623 1107 5673 ἄεηι
1131 5621 1209 5673 Wort
1233 5619 1328 5670 Rosnr
1408 5613 1437 5679 b)
1464 5613 1529 5664 siber
1553 5614 1565 5663 t
1589 5611 1688 5662 scierint
1712 5610 1769 5661 eino
1795 5608 1939 5671 Oborldnpe
1962 5606 2069 5657 radient
2083 5622 2133 5690 'aas
2159 5610 2217 5660 mn

719 5694 745 5758 c)
766 5708 889 5760 eperum,
907 5692 978 5745 bonde
996 5694 1069 5745 Molo
1086 5692 1152 5744 obne
1167 5685 1462 5754 Abbdrznnyseeicben,
1478 5686 1503 5735 Α
1575 5680 1604 5747 ἄ)
1625 5697 1670 5732 arn
1687 5686 1772 5733 sr·sten
1789 5695 1802 5730 s
1821 5678 1961 5731 onnam
2030 5678 2057 5742 e)
2069 5693 2108 5756 ¹sn
2126 5678 2217 5743 dofris·

718 5764 849 5830 edesseno
866 5765 955 5819 anbe
972 5779 1022 5816 oon
1042 5764 1093 5816 ΕΙ)
1110 5764 1304 5829 nocbpetropen
1359 5755 1385 5823 f)
1405 5757 1431 5807 A
1502 5754 1531 5822 g)
1547 5753 1673 5804 wirinto·
1689 5750 1756 5816 feno
1774 5752 1822 5801 soie
1839 5751 1869 5800 in
1886 5750 1935 5800 der
1953 5746 2010 5800 VU.
2030 5745 2084 5801 der.
