4766 6604
806 410 1046 468 HEINRICH
1068 411 1109 470 11.
1150 410 1246 468 1016.
1785 407 1852 468 449

191 598 277 662 illam
302 595 453 662 arborem
477 620 540 685 que
564 597 662 684 vulgo
686 597 807 663 dicitur
821 598 1068 685 Hugisbuocha‚
1093 621 1157 685 que
1181 597 1300 663 dividit
1323 607 1355 661 et
1378 596 1584 662 disterminat
1599 597 1851 663 Roosdorffono·

190 727 302 769 marca
324 715 357 769 et
371 703 754 789 Breidingerob-marca,
778 704 854 770 inde
871 727 952 770 vero
976 705 1019 770 ad
1034 707 1191 770 verticem
1215 705 1334 770 montis
1351 704 1407 790 qui
1422 705 1608 768 nominatur
1623 703 1730 769 Blessi
1745 729 1849 792 usque

190 812 370 876 insontem
394 811 449 898 qui
473 809 519 874 ibi
543 812 655 892 oritur,
679 810 859 877 indevero
883 811 1085 877 adfluvium
1101 811 1252 876 Veldaha
1275 810 1398 875 dictum
1422 821 1455 875 et
1482 808 1528 874 ibi
1559 810 1645 876 ultra
1673 834 1777 898 usque
1807 812 1851 877 ad

192 917 425 983 Arindenstein
449 929 481 982 et
505 919 551 982 sic
576 917 618 982 ad
636 916 821 983 Gebelere⁰
845 917 988 1006 indeque
1013 917 1055 982 ad
1070 918 1173 982 Borse
1199 928 1231 982 et
1254 916 1331 981 inde
1355 926 1444 981 recte
1461 916 1504 981 ad
1519 916 1655 981 fluvium
1671 918 1851 998 Hulstraha

155 1050 170 1088 s
190 1025 313 1089 dictum
338 1038 370 1089 et
393 1026 440 1088 sic
465 1024 616 1089 deorsum
641 1047 701 1111 per
716 1024 862 1089 eiusdem
880 1023 1023 1089 fluminis
1039 1023 1170 1089 alveum
1184 1046 1288 1110 usque
1304 1024 1339 1087 in
1354 1022 1539 1088 Uuirraha‘¹
1555 1035 1587 1087 et
1602 1023 1679 1089 inde
1696 1024 1849 1091 deorsum

189 1154 294 1218 usque
317 1132 350 1196 in
374 1130 464 1195 illum
487 1130 604 1213 locum,
629 1130 684 1196 ubi
708 1130 813 1196 influit
830 1125 966 1196 Obbahc
990 1132 1024 1195 in
1040 1130 1204 1211 wirraha,
1229 1143 1262 1194 et
1284 1129 1361 1194 inde
1378 1152 1506 1194 sursum
1523 1128 1578 1195 ubi
1596 1132 1697 1195 oritur
1712 1127 1850 1198 Obbach

189 1237 332 1325 indeque
356 1237 399 1302 ad
415 1237 672 1323 Reingeresdorf
691 1248 724 1303 et
745 1237 822 1302 inde
846 1239 881 1302 in
903 1237 1039 1303 fluvium
1057 1236 1189 1318 Sulaha,
1214 1247 1247 1301 et
1270 1238 1318 1301 sic
1341 1259 1400 1323 per
1416 1235 1557 1301 eundem
1571 1235 1706 1302 fluvium
1722 1261 1849 1304 sursum

190 1366 292 1431 usque
316 1344 359 1408 ad
382 1343 565 1431 predictum
587 1355 730 1409 montem
747 1345 950 1430 Varnungon
974 1381 1017 1393 -
1041 1345 1236 1431 potestative
1261 1344 1481 1409 concessimus
1496 1343 1697 1431 firmiterque
1714 1344 1849 1410 donavi-

189 1473 261 1514 mus
270 1461 293 1531 ⁰,
318 1473 356 1515 eo
381 1450 535 1515 videlieet
558 1461 670 1516 tenore
695 1451 847 1537 quatinus
871 1451 1116 1537 prenominatus
1131 1448 1297 1515 Arnoldus
1320 1447 1423 1514 abbas
1447 1451 1562 1536 suique
1586 1472 1791 1516 successores
1815 1454 1850 1516 in

143 1581 171 1620 10
189 1568 356 1642 posterum
378 1558 560 1644 prescripto
584 1555 708 1622 ambitu
731 1558 765 1621 in
788 1556 1007 1622 forestendis‘
1031 1557 1110 1621 foris
1132 1556 1232 1621 talem
1255 1579 1372 1644 pacem
1396 1569 1429 1620 et
1448 1557 1656 1622 securitatem
1673 1557 1713 1622 de
1731 1560 1849 1623 ceteris

190 1662 477 1728 conterminalibus
501 1676 534 1727 et
561 1663 712 1728 omnibus
743 1663 1059 1728 circumsedentibus
1090 1663 1245 1749 deinceps
1274 1674 1387 1728 nostra
1413 1663 1574 1750 imperiali
1604 1663 1785 1729 tradicione
1816 1678 1849 1730 et

190 1791 348 1834 concessu
372 1769 526 1852 obtineat,
551 1769 681 1856 qualem
704 1770 787 1835 haec
811 1770 927 1835 eadem
951 1780 1147 1855 ceteraeque
1171 1769 1352 1835 aecclesiae
1376 1769 1535 1835 hactenus
1558 1793 1637 1836 usae
1668 1782 1753 1853 sunt,
1784 1795 1848 1861 que

192 1888 303 1941 nostra
325 1888 634 1964 antecessorumque
658 1888 840 1942 nostrorum
863 1899 978 1963 regum
1001 1875 1053 1941 vel
1077 1878 1309 1964 imperatorum
1333 1876 1373 1942 de
1390 1876 1550 1943 eiusmodi
1565 1877 1741 1943 forestibus
1757 1878 1848 1943 silvis

190 1982 243 2047 vel
267 1982 409 2048 arbustis
432 1995 589 2071 precepta
612 1994 834 2070 susceperunt.
872 1984 917 2048 Et
939 1994 975 2048 ut
997 1983 1080 2048 haec
1103 1985 1206 2048 nostri
1220 1983 1398 2071 imperialis
1414 1981 1514 2048 banni
1530 1986 1706 2050 auctoritas
1722 1983 1848 2050 stabilis

145 2112 173 2153 ιε
191 2102 224 2153 et
246 2089 448 2172 inconvulsa,
472 2091 616 2155 omniurn
639 2089 806 2155 hominum
830 2090 1088 2155 contradictione
1110 2101 1247 2173 remota,
1270 2101 1472 2178 permaneat,
1499 2113 1540 2156 ne
1565 2094 1638 2179 quis
1660 2092 1746 2157 infra
1774 2116 1847 2180 pre-

191 2198 346 2283 scriptum
369 2198 605 2261 terminationis
630 2194 788 2261 ambitum
811 2196 936 2284 aliquid
960 2197 1104 2262 ferarum
1128 2219 1247 2283 capere
1271 2196 1323 2262 vel
1347 2199 1461 2262 venari
1485 2209 1663 2285 presumat,
1690 2199 1752 2264 hoc
1775 2222 1848 2287 pre-

192 2315 323 2389 ceptum
345 2303 422 2368 inde
446 2305 665 2391 conscriptum
688 2325 788 2368 manu
810 2305 944 2391 propria
967 2302 1216 2369 corroborantes
1239 2302 1338 2390 sigilli
1358 2305 1460 2369 nostri
1476 2305 1679 2391 inpressione
1696 2306 1848 2370 iussimus

192 2412 352 2497 insigniri.

299 2551 316 2642 ξ
340 2552 477 2641 Signum
501 2554 612 2619 domni
635 2554 786 2618 Heinrici
808 2553 1028 2618 Romanorum
1050 2553 1256 2618 invictissimi
1281 2552 1355 2641 (Μ.)
1378 2554 1584 2640 imperatoris
1608 2554 1748 2640 augusti.
1772 2552 1790 2643 ξ

145 2718 174 2759 aa
298 2694 540 2785 {Guntherius
564 2695 778 2762 cancellarius
802 2697 875 2761 vice
899 2694 1112 2761 Ereambaldi
1135 2694 1414 2783 archicappellani
1437 2694 1680 2785 recognovit}
1718 2694 1778 2783 (Sl.
1801 2695 1849 2783 3.)

297 2838 387 2904 Data
410 2854 486 2903 XVI.
509 2838 600 2903 kala
623 2840 704 2904 iunii
727 2837 932 2927 i[n]dictione
956 2853 1054 2920 xlm,
1085 2860 1171 2902 anno
1200 2837 1383 2904 dominicae
1413 2839 1648 2904 incarnationis
1677 2837 1848 2903 millesimo

191 2935 263 3027 xil,
294 2968 380 3010 anno
408 2968 485 3011 vero
516 2945 625 3010 domni
657 2946 807 3010 Heinrici
838 2943 988 3034 secund[i
1025 2934 1320 3033 reg]nantisxl1l1,
1350 2945 1480 3032 imperii
1508 2956 1617 3010 autem
1644 2933 1702 3028 1l1;
1740 2955 1850 3010 actum

192 3053 399 3119 llcrseveltss.

971 3316 1059 3404 351.

146 3515 174 3557 a
191 3480 370 3555 Heinrici
393 3479 540 3555 acbmrkt
564 3480 631 3555 der
656 3478 907 3578 biacbofliclsen
936 3478 1075 3554 Kirclte
1098 3505 1144 3554 zu
1170 3478 1354 3580 Bamberp
1380 3478 1449 3553 dae
1477 3477 1552 3555 Get
1575 3477 1742 3555 ostheim.

1373 3633 1538 3707 Mdrfelden
1561 3636 1642 3694 1016
1663 3635 1729 3695 Mai
1752 3636 1801 3695 18.

301 3796 545 3872 Ovipinuldiplom
566 3796 608 3855 im
630 3796 658 3855 lc.
675 3794 883 3855 Reiclanrcliv
905 3814 941 3854 zu
963 3795 1105 3855 Menses
1130 3795 1202 3862 (A).

298 3957 465 4033 Heyberper
487 3955 702 4031 Ichnoprspltia
724 3955 851 4015 Babmb.
871 3956 977 4026 1,1oe
999 3958 1032 4014 n⁰
1048 3956 1108 4014 126
1129 3953 1342 4028 ruminanda
1364 3970 1417 4011 aras
1437 3952 1473 4012 A.
1493 3981 1537 3990 -
1560 3952 1641 4012 Mon.
1661 3952 1755 4012 Boica
1772 3956 1846 4023 28⁰,

297 4064 359 4123 458
377 4066 409 4122 a⁰
419 4064 484 4122 287
501 4081 554 4122 aaa
569 4063 606 4122 A.
619 4091 663 4101 -
678 4062 798 4123 Reima‘
812 4063 979 4122 Hessiscltes
994 4062 1066 4121 Ula-
1076 4060 1123 4131 Π,
1140 4062 1169 4131 1,
1185 4061 1223 4119 31
1245 4062 1278 4118 ἰο
1293 4060 1331 4119 51
1350 4076 1404 4118 atta
1418 4059 1455 4119 A.
1468 4089 1514 4098 -
1529 4057 1653 4134 Stumpf
1667 4059 1737 4134 Κεφ.
1755 4060 1843 4119 1671.

303 4223 435 4295 Verfaast
457 4222 517 4282 aad
537 4223 714 4298 partricem
735 4242 790 4282 oon
816 4222 884 4292 (ΞΒ,
913 4222 966 4282 der
987 4221 1048 4281 aisis
1076 4221 1152 4280 eines
1181 4239 1235 4280 voa
1256 4221 1318 4280 iim
1339 4220 1424 4280 selba
1445 4220 1665 4296 heqmcttetea
1687 4220 1846 4296 Blaaqaets

300 4330 434 4400 bediesta
463 4329 580 4388 aebbae
603 4329 763 4403 jedeafalla
791 4328 845 4388 das
867 4327 1069 4403 Monopramm
1092 4326 1247 4394 (velante
1273 4327 1345 4387 aaa
1368 4327 1415 4387 die
1436 4332 1510 4387 erste
1531 4327 1625 4395 Zeile)
1649 4327 1765 4387 esthidt
1786 4327 1847 4386 and

298 4436 532 4497 rsahrscbeialict
553 4435 585 4495 ia
607 4435 701 4495 dieser
724 4435 836 4495 Gestalt
859 4435 961 4494 bereita
983 4435 1111 4510 hasselt
1133 4453 1206 4494 war.
1253 4432 1326 4493 Dies
1349 4433 1493 4510 Blasqact
1518 4435 1558 4495 ist
1580 4434 1734 4511 mdqls‘cter
1755 4434 1847 4493 Weiss

296 4544 382 4604 sclam
403 4544 435 4603 ia
458 4543 603 4619 Bamberp
623 4542 782 4618 separent
803 4542 929 4612 wordea,
955 4541 1050 4601 asotia
1076 4541 1154 4601 dana
1176 4542 1250 4601 mcci
1275 4541 1322 4600 die
1345 4541 1504 4617 Haadluaq
1526 4542 1646 4618 peiores
1669 4541 1776 4602 warde.
1800 4571 1845 4581 -

302 4651 361 4711 Vos
380 4651 520 4711 Udalricls
533 4669 588 4710 vos
603 4649 749 4726 Bsasberp
762 4667 828 4709 zum
842 4649 1002 4710 Fmvmlar
1014 4666 1292 4725 zusammeaqezopea
1309 4648 1369 4708 aad
1389 4666 1421 4708 ao
1443 4649 1475 4708 ia
1497 4650 1573 4710 seiae
1588 4648 1757 4724 Somnum
1779 4650 1844 4721 aas·

295 4777 465 4833 qenommea.
489 4787 532 4796 -
556 4756 595 4817 Ia
626 4756 754 4817 ostheim
783 4756 866 4824 (AG.
889 4756 1075 4823 Wiudeclcea)
1102 4756 1142 4815 ist
1170 4756 1397 4831 bambcrqisclter
1418 4755 1518 4815 Beaitz
1547 4756 1758 4829 aaclwcisbar5
1788 4756 1846 4830 vpl.

296 4865 423 4925 Laudas
445 4865 656 4941 Bescbreibsap
677 4864 727 4925 aa
750 4863 847 4925 Gaura
867 4864 1037 4924 Weuereita
1061 4861 1175 4931 (Caesel
1199 4863 1294 4929 1855)
1319 4863 1365 4921 91.

235 5070 238 5075 ⁴
296 5052 361 5139 (C.)
384 5049 402 5139 3
425 5052 463 5115 In
486 5053 617 5116 nomine
640 5062 775 5117 sanctae
799 5062 831 5116 ct
853 5050 1043 5115 individuae
1067 5049 1232 5114 trinitatis.
1280 5049 1456 5113 Heinricus
1480 5047 1593 5114 divina
1619 5049 1750 5114 favente
1780 5048 1844 5114 cle-

189 5161 310 5224 mentia
343 5160 563 5225 Romanorum
597 5160 774 5247 imperator
808 5168 974 5246 augustus.
1010 5156 1028 5247 ξ
1132 5155 1299 5243 Quicquid
1333 5165 1466 5221 sanctae
1502 5155 1556 5221 dei
1590 5156 1751 5222 aeclesiae
1790 5157 1846 5243 pin

189 5266 368 5332 devocione
391 5267 566 5349 offerimus,
590 5266 684 5332 nobis
707 5267 742 5331 in
765 5277 929 5353 posterum
953 5287 1028 5329 cum
1049 5265 1152 5351 ipsius
1173 5262 1333 5328 adiutorio
1350 5261 1613 5329 reservabimus·
1629 5263 1844 5351 profuturum.

148 5544 174 5584 so
259 5524 323 5582 85⁰.
347 5526 378 5593 b)
399 5525 868 5592 namaazaamcsqaraqm
940 5526 965 5587 c)
988 5523 1350 5577 atndmzwetanestn
1369 5523 1460 5575 Punic
1532 5520 1735 5591 ombertus
1756 5524 1846 5577 Psakt

348 5598 624 5650 attenderam
684 5598 710 5663 s)
726 5613 762 5648 na
780 5595 848 5649 saer
864 5596 913 5647 der
927 5595 1001 5649 Zaa
1017 5594 1213 5660 uesperam
1275 5590 1297 5659 s)
1319 5596 1344 5646 A
1405 5597 1435 5663 g)
1456 5600 1518 5648 XVI.
1534 5592 1587 5647 kal.
1606 5610 1654 5647 vor
1670 5593 1738 5648 iunii
1755 5594 1847 5648 tona

349 5668 577 5734 marahenses,
598 5666 748 5721 Mersevelt
765 5666 853 5718 sicher
870 5666 1073 5733 suspersam.

259 5772 322 5829 851.
350 5773 497 5844 [Bresslan]
534 5778 561 5841 a)
583 5790 619 5828 ua
636 5774 701 5828 ator
717 5774 766 5825 der
783 5773 855 5826 Zeila
871 5772 1068 5839 natamque

258 5897 459 5941 messenum
474 5899 519 5940 111.
1581 5883 1614 5937 b'l
