4828 6520
510 380 575 442 680
1101 389 1560 449 KAISERURKUNDEN.

508 574 543 636 in
565 573 698 638 feodum
719 574 874 661 possidet,
905 574 1014 641 ablata
1043 589 1076 642 et
1101 578 1252 643 alienata.
1299 578 1365 643 Nos
1394 601 1473 643 vero
1504 579 1657 665 quoniam
1684 600 1749 642 non
1772 576 1966 663 ambigimus
1988 578 2070 641 tanti
2094 579 2156 642 viri

509 682 763 764 concessionem,
788 705 887 769 quarn
909 706 968 770 pro
992 685 1101 749 anima
1124 709 1183 750 sua
1205 697 1441 773 parentumque
1460 708 1591 751 suorum
1610 684 1800 771 simpliciter
1818 683 1950 763 iecerat,
1974 706 2039 748 non
2061 707 2158 771 posse

508 809 570 852 nec
600 787 719 852 debere
750 790 912 853 exinaniri
941 790 994 854 vel
1023 792 1199 876 incassari,
1230 794 1341 878 sagaci
1371 793 1489 873 animo,
1520 791 1703 879 quomodo?
1732 790 1880 873 fecisset,
1910 790 2157 877 indagavimus,

508 905 580 980 post
614 896 899 981 investigationem
933 897 1080 962 sollerter
1114 899 1340 981 discussimus,
1379 910 1453 985 post
1482 898 1717 963 discussionem
1750 895 1930 961 venerabili
1964 900 2035 962 viro
2069 897 2158 963 Bern

508 1002 626 1084 omnia,
650 1025 714 1090 que
733 1026 753 1067 a
772 1001 941 1068 Gotefn'do
960 1004 1119 1070 violenter
1137 1005 1247 1070 ablata
1264 1005 1403 1088 fuerant,
1432 1028 1474 1070 ex
1492 1006 1629 1092 integro,
1653 1006 1737 1070 sicut
1755 1004 1903 1086 decebat,
1926 1006 2156 1069 resarcimus.
2179 1030 2195 1069 s

507 1106 611 1192 Igitur
639 1131 681 1173 ne
712 1132 811 1196 supra
841 1109 927 1176 dicto
951 1110 1062 1176 abbati
1086 1113 1125 1177 B.
1150 1114 1281 1199 suisque
1305 1110 1549 1177 successoribus
1572 1111 1625 1176 vel
1647 1112 1814 1176 monachis
1837 1111 1951 1176 similis
1975 1111 2157 1177 adversitas

507 1215 541 1277 in
564 1213 614 1278 his
637 1214 735 1281 rebus
758 1228 814 1281 aut
837 1218 870 1281 iu
894 1218 977 1300 aliis,
1001 1242 1082 1306 quas
1106 1221 1175 1285 iure
1198 1219 1375 1306 possident,
1404 1241 1425 1282 a
1446 1219 1556 1305 pravis
1580 1217 1764 1284 homiuibus
1787 1217 1925 1305 amplius
1949 1218 2078 1282 accidat
2101 1229 2159 1283 aut

506 1322 681 1407 patiantur,
712 1323 774 1387 hoc
796 1323 1002 1410 privilegium
1026 1325 1103 1389 inde
1126 1327 1216 1391 fierir
1240 1327 1403 1409 iussimus,
1433 1348 1493 1412 per
1522 1325 1611 1413 quod
1639 1324 1789 1390 iubemus
1819 1338 1916 1412 atque
1946 1326 2156 1412 precipimus,

506 1437 558 1492 utr
583 1427 770 1493 decretum⁸
796 1441 828 1493 et
858 1441 1035 1496 statutum·
1059 1434 1197 1518 piissimi
1220 1433 1263 1497 K.
1287 1433 1492 1519 imperatoris
1522 1434 1652 1518 augusti
1674 1431 1780 1496 nullus
1804 1455 1918 1518 regum
1941 1434 2011 1496 sive
2034 1431 2156 1496 ducum

505 1533 559 1597 vel
582 1533 737 1599 abbatum
760 1535 915 1622 infringat
933 1537 986 1601 vel
1005 1550 1151 1603 mutare·
1171 1539 1300 1621 audeat,
1325 1539 1384 1603 sed
1403 1540 1487 1603 sicut
1505 1534 1579 1603 illet
1599 1538 1711 1603 villam
1729 1538 1771 1603 ad
1790 1539 1958 1603 kamaram
1978 1548 2011 1602 et
2028 1550 2156 1625 partem
2173 1564 2202 1604 ιο

505 1640 587 1727 silve
610 1642 653 1706 ad
674 1643 865 1708 lavatoriam
889 1644 1019 1709 domum
1043 1646 1242 1711 infirmorum
1265 1646 1508 1728 monachorum,
1540 1646 1596 1732 qni
1619 1668 1697 1732 sepe
1720 1646 1878 1731 indigent,
1902 1656 2018 1731 rogatu
2041 1646 2155 1734 regine

504 1747 565 1812 ΗΡ
588 1760 621 1814 et
643 1749 775 1814 Iohanis
807 1752 953 1836 episcopi
984 1763 1017 1816 et
1039 1752 1135 1816 Ker.‘¹
1169 1754 1295 1818 comitis
1328 1752 1512 1835 destinavit,
1544 1753 1591 1817 sic
1621 1751 1804 1817 stabilietur
1833 1775 1872 1817 ac
1902 1764 2042 1816 maneat
2095 1751 2156 1817 Sin

504 1866 613 1920 autem
646 1858 816 1943 quisquam
850 1857 938 1922 aliud
967 1860 1140 1945 quicquam
1171 1883 1269 1946 quam
1299 1870 1454 1924 statutum
1481 1871 1530 1925 est
1559 1858 1635 1923 inde
1666 1861 1824 1942 statuerit,
1857 1858 2015 1941 volumus,
2046 1870 2082 1924 ut
2112 1858 2156 1923 ad

504 1973 649 2027 nostrum
672 1963 787 2028 fiscum
810 1966 933 2051 pariter
956 1967 1027 2052 ipsa
1051 1969 1218 2031 concessio
1242 1967 1364 2032 redeat

610 2103 788 2193 {Signum
819 2106 928 2171 domni
951 2107 1100 2172 Heinrici
1123 2108 1344 2173 Romanorum
1373 2110 1578 2196 imperatoris
1608 2111 1738 2196 angusti
1767 2110 1965 2173 serenissimi
1995 2119 2028 2172 et
2050 2109 2155 2174 invic-
2173 2135 2201 2175 rs

503 2210 665 2300 tissimi}
689 2220 752 2291 (M.)

610 2352 627 2443 ξ
657 2354 876 2420 (13111133νὶ33Υ
906 2356 1121 2421 cancellarius
1156 2357 1198 2421 ad
1232 2358 1339 2422 vicem
1368 2358 1583 2423 Erchinbaldi
1617 2358 1892 2446 archicappellani
1925 2355 2154 2446 recognovi.{

503 2462 610 2548 ‹ss-r
634 2464 727 2549 <sm

609 2605 752 2669 Datum¹
779 2620 846 2670 1111.
869 2606 936 2670 kal.
961 2606 1119 2693 septemb.
1143 2607 1322 2672 indictione
1345 2623 1435 2690 xl111,
1468 2632 1553 2673 anno
1584 2608 1766 2672 dominicae
1796 2608 2027 2672 incarnationis
2050 2622 2153 2689 MXVI,

503 2734 588 2776 anno
611 2735 690 2777 vero
714 2712 825 2777 domni
843 2713 991 2778 Heinrici
1016 2712 1153 2778 secundi
1170 2716 1337 2800 regnantis
1355 2729 1414 2797 xv,
1438 2716 1566 2802 imperii
1586 2726 1694 2779 autem
1713 2730 1769 2797 1113
1793 2728 1901 2779 actum
1919 2715 1953 2778 in
1972 2714 2049 2779 villa
2068 2737 2153 2801 qnae
2172 2740 2201 2777 ao

504 2818 622 2883 dicitur
644 2819 1003 2885 Donamarachirichar
1009 2847 1016 2903 3
1045 2820 1185 2885 feliciter
1208 2844 1313 2885 amen.

1284 3122 1375 3209 527.

1237 3267 1418 3368 (cacat.)

503 3399 680 3474 Heinrich
714 3403 841 3475 ainrmt
873 3402 940 3477 das
973 3430 1045 3477 oon
1073 3404 1247 3479 Volchold
1274 3404 1493 3506 peprr‘a'adete
1522 3403 1813 3478 Nonaealcloster
1838 3402 2079 3503 Soaaeaburp
2110 3407 2152 3477 ia

501 3520 623 3592 scinco
658 3516 787 3595 Schutz
819 3521 900 3594 aad
931 3522 1025 3620 triffl
1048 3523 1341 3625 Bestimmaapcn
1372 3524 1462 3597 iiber
1495 3523 1619 3598 (1333313
1646 3524 1850 3598 Vertolatn
1882 3551 1962 3597 zum
1988 3524 2152 3598 Bisthum
2170 3557 2198 3597 a

508 3638 641 3713 Trient.
1729 3671 1880 3746 Auqsbnrp
1902 3672 1981 3732 1018
2003 3671 2078 3731 Jnni
2099 3673 2152 3730 26.

612 3847 748 3907 L'rtuade
769 3849 818 3907 des
841 3852 887 3907 13.
905 3849 933 3909 J
934 3850 962 3908 lr.
986 3850 1017 3908 ia
1040 3849 1242 3924 Diplornsorm
1264 3852 1305 3909 im
1327 3852 1356 3910 Ic.
1372 3852 1401 3909 lc.
1419 3850 1717 3909 Statthallerciarcltia·
1739 3868 1774 3909 zu
1797 3850 1957 3908 lumbrach·
1982 3850 2055 3917 (A).

609 3989 747 4050 Coroaini
769 3992 920 4051 Tmtamea
942 3994 1368 4068 amolmico-cluoaoloqicum
1391 3993 1602 4067 promovendae
1630 3993 1714 4051 unici
1737 3993 1870 4051 comitum
1894 3992 2027 4050 Gorttioe
2050 3991 2155 4057 (Wieu

608 4098 703 4165 1752)
728 4099 767 4156 69
797 4099 844 4157 cit.
869 4128 912 4137 -
938 4099 1082 4167 (Boacllr')
1108 4101 1222 4159 ll'olr'zic
1249 4100 1508 4159 icterico-criticae
1536 4102 1567 4169 2,
1590 4101 1649 4157 363
1679 4101 1711 4157 n⁰
1733 4100 1770 4156 11
1800 4118 1853 4157 aas
1879 4098 2068 4171 Trarmsumpt
2097 4117 2154 4157 corr

608 4205 696 4263 1127.
713 4234 756 4243 -
779 4204 938 4265 Sinnacter
953 4206 1099 4282 Beytru'pc
1112 4210 1143 4277 2,
1160 4209 1220 4265 384
1239 4210 1272 4265 a⁰
1286 4210 1329 4268 80
1348 4226 1401 4266 aas
1415 4206 1567 4276 Absclrt'st
1585 4225 1640 4264 voa
1657 4205 1821 4264 113331.-
1841 4204 1963 4278 Slamps
1974 4204 2044 4280 Rep.
2063 4206 2151 4267 1710.
2170 4228 2198 4266 so

607 4346 672 4406 Das
695 4345 735 4405 D.
752 4348 824 4417 527,
848 4348 901 4406 das
924 4349 1018 4423 lorrpst
1040 4350 1165 4424 ollseitiy
1188 4351 1233 4407 (ι13
1250 4349 1414 4423 Fulscluny
1432 4349 1593 4408 ancrlcaant
1615 4349 1663 4419 ist,
1686 4348 1726 4406 ist
1748 4349 1802 4407 wic
1823 4348 1870 4407 dic
1888 4346 2013 4421 Spumea
2032 4346 2158 4421 Stampf

606 4453 677 4527 Rey.
695 4455 782 4512 3165.
807 4456 886 4513 3166
909 4457 968 4526 ores
985 4456 1074 4513 cinon
1098 4455 1342 4529 Pcrpnmentblott
1363 4455 1548 4530 pesctrtcbea,
1578 4455 1675 4514 classen
1697 4454 1914 4529 urspriiayliclte
1936 4453 2052 4525 Sclrist
2074 4472 2152 4528 scry-

607 4561 695 4635 so'lliy
717 4561 882 4620 arr-audiar!
912 4563 966 4634 131,
997 4581 1055 4620 aar
1084 4562 1137 4621 das
1161 4562 1313 4621 Chrismoa
1342 4563 1448 4621 selant
1477 4563 1555 4621 nicht
1583 4564 1643 4633 aas
1667 4562 1822 4620 rodiertcm
1847 4561 1965 4619 Grande
1994 4579 2029 4619 zu
2057 4561 2153 4619 stelen

605 4668 665 4726 etad
686 4668 764 4726 leona
786 4669 926 4727 vielleicht
949 4686 1002 4727 orte
1024 4669 1076 4727 cler
1099 4670 1335 4743 ursprauqlictea
1362 4668 1497 4728 ls'rlcumle
1521 4669 1604 4743 r'tbriy
1625 4669 1765 4743 pellebar
1794 4669 1865 4737 seia,
1894 4669 1950 4737 dic,
1981 4687 2062 4726 trena
2090 4668 2154 4726 dics

605 4774 729 4847 zutrt'fft
759 4775 821 4833 dem
844 4776 891 4834 13.
908 4776 936 4836 J
937 4775 964 4834 h.
989 4776 1125 4849 anyelort
1147 4775 1236 4834 lobea
1259 4777 1368 4848 dttrfte.
1414 4775 1495 4834 Duas
1524 4776 1567 4834 bei
1599 4776 1651 4834 der
1680 4774 1866 4850 Heratelluap
1894 4775 1945 4832 der
1974 4775 2151 4848 Fu'lsctuap,
2169 4795 2197 4836 aa

605 4882 652 4940 die
672 4882 836 4957 pleicltfalls
857 4883 898 4941 im
921 4884 967 4941 13.
985 4883 1013 4942 J
1013 4883 1040 4941 1ι.
1064 4882 1240 4957 paraneten
1263 4884 1303 4941 ist
1324 4883 1384 4941 aad
1401 4884 1479 4941 1339
1501 4883 1590 4942 durch
1608 4882 1662 4941 den
1680 4883 1809 4953 Bisaltas
1822 4881 1956 4940 Matiene
1973 4900 2028 4940 von
2050 4881 2152 4939 Yrt'ent

606 4990 806 5047 transsumiert
828 4991 936 5060 narde,
960 4991 1005 5049 cia
1029 4990 1117 5048 celtes
1140 4989 1180 5048 D.
1200 4989 1359 5048 Heirntcts
1372 4989 1419 5049 Π.
1444 4992 1498 5061 [ἄν
1521 4988 1706 5063 Soaneaburp
1728 4989 1838 5048 beautzt
1861 4989 1975 5047 worden
1998 4997 2086 5058 ardre,
2111 4988 2150 5046 ist

605 5096 683 5154 nictu
712 5115 747 5154 zu
776 5096 931 5169 alconem
961 5097 1032 5155 auct
1061 5097 1100 5155 ist
1131 5115 1159 5155 cs
1182 5096 1260 5155 nicht
1281 5097 1347 5155 sctr
1369 5096 1612 5167 watrscheinlt'clt,
1641 5096 1710 5155 aaa
1732 5096 1875 5155 Heinrich
1897 5094 2056 5168 &templ
2080 5094 2151 5152 noct

568 5316 633 5371 526.
658 5320 688 5386 p)
708 5314 782 5385 limo,
801 5319 868 5370 ohne
886 5318 1170 5383 Aotarmnqaeichen
1188 5319 1253 5372 ether
1268 5335 1323 5384 mo,
1341 5322 1366 5371 A
1430 5320 1459 5385 q)
1480 5317 1551 5370 imus
1569 5318 1633 5370 uther·
1650 5318 1698 5368 dar
1712 5318 1784 5369 Zoilo
1801 5317 1995 5384 noctqetrayan
2055 5322 2079 5379 r)
2095 5316 2149 5381 cel.

657 5390 768 5441 Brundi
783 5402 815 5441 no
827 5393 861 5442 17
914 5396 937 5456 s)
959 5391 1010 5455 cal.
1027 5388 1146 5444 decerno
1163 5394 1190 5442 et
1206 5390 1342 5443 constituo
1359 5393 1389 5441 tn
1404 5391 1454 5442 der·
1468 5391 1555 5442 asan
1575 5389 1703 5441 Urlcnnda
1720 5389 1860 5441 ocazane
1875 5389 1985 5441 Brandr'
1998 5392 2076 5439 „⁰98
2091 5387 2151 5437 aad
2166 5403 2196 5442 ro

658 5465 784 5516 statuta.
805 5500 812 5514 .
831 5504 837 5516 .
857 5468 1013 5528 permutare
1031 5462 1127 5512 edenda
1184 5463 1207 5529 t)
1227 5460 1275 5513 sed
1293 5461 1363 5514 sicut
1382 5460 1428 5514 ille
1446 5478 1495 5513 coa
1511 5461 1735 5527 quietorum,
1755 5462 1819 5513 aber
1836 5463 1884 5513 mit
1902 5460 2048 5512 dunklcrn·
2071 5459 2150 5509 Tr'nte

657 5534 714 5584 und
725 5533 794 5584 wohl
805 5534 860 5596 auf
868 5535 942 5584 etna·
953 5535 1059 5585 merten
1071 5534 1173 5599 Raeur,
1192 5534 1387 5599 manamaur
1441 5534 1470 5599 u)
1490 5533 1658 5597 Hildcpnrd,·
1676 5532 1778 5583 Kerotd
1832 5540 1858 5593 vt
1880 5530 1909 5583 H
1928 5532 1992 5583 uther
2009 5532 2058 5582 der
2076 5530 2150 5581 Zer‘le

657 5604 850 5670 nachyctrayen
923 5608 958 5669 w)
980 5604 1268 5669 amomacum
1293 5607 1350 5657 aad
1368 5604 1460 5670 Siepcl,
1485 5604 1556 5656 aaa
1580 5620 1631 5655 aue
1647 5603 1696 5656 der
1712 5603 1764 5667 far
1781 5604 1824 5655 dic
1842 5602 2149 5667 Fundamentum

662 5675 788 5727 ursana
806 5675 951 5728 Heinrich
968 5675 990 5729 I.
1011 5675 1225 5743 Wyyeblr‘ebm,
1251 5678 1339 5729 stelen
1360 5676 1488 5728 maten
1513 5678 1561 5728 cler
1584 5675 1641 5739 auf
1661 5676 1722 5726 dra·
1738 5676 1828 5727 Zeilen
1853 5674 2001 5725 mrtlrct'ltsa
2022 5675 2149 5738 Stoma·

658 5747 755 5809 formal
777 5748 833 5799 und
857 5747 905 5799 der
929 5748 1019 5799 eboreo
1044 5748 1193 5800 maaca
1211 5748 1382 5814 Recoqnttr'oa
1452 5748 1482 5815 x)
1507 5746 1562 5800 Dat
1577 5750 1602 5799 A
1673 5747 1703 5813 y)
1721 5748 1756 5809 A,
1780 5751 1846 5799 stott
1862 5742 2148 5798 Danamarsclriricha.
2166 5760 2196 5799 rs
