4836 6492
531 434 596 498 602
1132 442 1593 500 KAISERURKL'NDEN.

530 627 603 692 illas
633 650 695 710 res,
726 651 790 714 qne
820 625 862 691 ab
893 627 1038 693 eiusdem
1069 630 1228 717 episcopii
1258 631 1328 695 iure
1358 631 1429 694 sine
1458 631 1584 695 ratione
1607 642 1640 695 et
1661 630 1785 695 iustitia
1806 640 1881 716 post
1903 627 2026 694 obitum
2050 642 2183 694 sauctae

530 733 766 799 recordationis
789 736 879 799 Petri
910 734 1057 799 eiusdem
1086 735 1248 825 aecclesie
1278 735 1475 801 venerabilis
1505 737 1652 823 episcopi
1681 734 1790 823 ablate
1820 746 1895 800 suut
1921 757 1982 823 per
2002 735 2184 801 Iohannem

532 843 732 928 episcopum,
763 843 821 928 qni
843 841 1026 907 inordinate
1050 842 1188 907 eandem
1219 844 1324 908 tenuit
1350 842 1472 925 sedern,
1502 855 1548 925 nt,
1578 845 1606 907 si
1637 866 1702 930 qna
1730 841 1806 908 inde
1829 843 1963 930 scriptio
1986 865 2046 928 per
2067 866 2183 907 manus

532 948 679 1013 eiusdem
702 947 857 1013 Iohannis
880 949 969 1014 facta
992 961 1123 1014 ostensa
1145 949 1254 1031 fuerit,
1287 950 1504 1015 diiudicamus
1528 972 1600 1014 eam
1623 972 1815 1037 permanere
1838 950 1963 1013 irritam
1987 960 2020 1013 et
2041 950 2183 1023 inanem,
2390 956 2391 1035 l

532 1077 571 1119 co
602 1054 690 1141 quod
720 1066 834 1120 contra
864 1057 1056 1121 canonicam
1085 1058 1311 1121 auctoritatem
1342 1079 1434 1121 suam
1464 1055 1609 1121 deseruit
1639 1055 1751 1121 sedem
1781 1067 1814 1121 et
1842 1055 1885 1121 ed
1913 1056 2009 1120 aliam
2033 1059 2221 1139 accessise

533 1163 620 1249 qnod
644 1162 775 1227 omnino
798 1162 869 1226 fieri
892 1185 958 1226 non
981 1163 1095 1250 potuit.
1143 1162 1331 1228 Secundum
1354 1175 1463 1228 antem
1487 1185 1646 1228 canonum
1670 1164 1817 1229 instituta
1839 1164 2020 1245 statuimus,
2050 1174 2086 1228 ut
2107 1186 2183 1250 pars

531 1268 670 1355 praefati
700 1268 858 1355 episcopii
889 1268 1062 1356 distringat
1090 1293 1203 1334 omnes
1233 1269 1379 1335 forenses
1408 1268 1618 1357 presbyteros
1648 1268 1711 1335 sibi
1744 1271 1944 1357 pertinentes
1974 1292 2013 1335 ac
2047 1269 2184 1335 clericos

533 1398 710 1462 omnesque
741 1398 852 1439 eorum
883 1375 1038 1457 familias,
1073 1376 1200 1441 scilicet
1233 1376 1305 1442 illos
1339 1377 1395 1464 qui
1430 1378 1464 1442 in
1495 1376 1619 1442 diocesi
1653 1376 1800 1442 eiusdem
1834 1378 1992 1464 episcopii
2026 1375 2183 1457 habitant,

532 1481 692 1563 volumus,
723 1492 759 1546 nt
782 1481 905 1547 indicet
928 1494 960 1547 et
983 1482 1157 1569 distringat
1180 1485 1249 1548 sine
1272 1483 1339 1548 ulla
1361 1486 1464 1571 partis
1486 1481 1638 1571 publicae
1662 1483 1910 1549 contrarietate‘
1934 1496 1966 1548 et
1989 1485 2023 1547 in
2046 1506 2104 1548 sno
2128 1506 2183 1547 eos

533 1590 667 1654 servitio
690 1587 819 1671 habeat,
850 1599 886 1654 ut
909 1612 1052 1654 canones
1075 1590 1197 1655 iubent
1245 1590 1368 1656 Omnes
1397 1592 1520 1677 quippe
1550 1613 1650 1677 supra
1672 1590 1777 1656 dictas
1800 1612 1853 1655 res
1881 1590 1928 1655 illi
1956 1590 2184 1656 confirmamus
2203 1617 2231 1657 ιο

504 1726 513 1763 1
533 1712 589 1763 una
607 1727 670 1762 cum
688 1698 783 1763 terris
802 1712 891 1761 vineis
911 1712 1014 1777 campis
1034 1713 1119 1776 pratis
1138 1698 1270 1784 pascuis
1287 1710 1365 1762 silvis
1383 1695 1547 1762 montibus
1565 1695 1705 1762 vallibus
1725 1696 1923 1784 planitiebus
1942 1713 2021 1777 aquis
2039 1728 2183 1777 aquarum·

534 1836 587 1886 que
613 1819 775 1870 decursibus
801 1804 881 1890 ripis
909 1813 1099 1881 moleln]dinis
1127 1819 1327 1885 piscationibus
1355 1804 1519 1869 forestl'is‘
1551 1819 1744 1869 venationibus
1772 1804 1875 1868 servis
1905 1803 2031 1870 ancillis
2063 1817 2143 1869 aldiis
2164 1832 2182 1863 a

533 1926 660 1978 simibus
682 1940 699 1970 s
727 1926 848 1992 angariis
872 1938 889 1970 ι
916 1926 1044 1976 rensibus
1069 1910 1281 1998 pensionibus
1307 1924 1422 1991 capellis
1447 1909 1590 1975 castellis
1616 1909 1702 1974 villis
1729 1932 1769 1976 ac
1797 1910 1946 1976 omuibus
1969 1940 2022 1991 que
2048 1925 2103 1975 dici
2127 1922 2185 1975 aut

533 2036 669 2085 nominari
699 2040 813 2099 possunt
843 2019 990 2105 praefate
1016 2031 1151 2101 aecclesie
1179 2034 1251 2084 iuste
1280 2039 1307 2082 et
1336 2030 1462 2097 legaliter
1488 2032 1689 2098 pertinentibus
1709 2046 1727 2077 a
1754 2033 1783 2083 in
1810 2033 1954 2097 integrum.
1998 2032 2184 2099 Precipientes

462 2154 514 2196 tu
534 2129 634 2214 igliur
657 2128 787 2191 omuino
810 2141 945 2199 iubemus,
972 2146 1002 2189 ut
1025 2138 1115 2190 nulius
1134 2140 1190 2190 dux
1209 2140 1336 2205 princeps
1355 2139 1487 2190 straticho
1508 2139 1628 2189 marchio
1647 2140 1794 2205 episeopus
1813 2155 1905 2190 comes
1923 2141 2077 2190 vicecomes
2095 2138 2183 2189 nulla·
2203 2149 2231 2189 ιι

534 2265 588 2313 que
607 2249 694 2299 nostri
713 2248 790 2313 regni
809 2264 908 2313 magua
926 2232 979 2297 vel
996 2263 1081 2312 parva
1098 2263 1216 2313 persona
1234 2232 1401 2321 praedicte
1420 2244 1555 2313 aecclesie
1573 2261 1616 2296 res
1631 2243 1675 2295 vel
1693 2246 1853 2312 episcopum
1868 2247 2022 2311 iuquietare
2038 2244 2184 2296 molestare

534 2354 640 2406 autin
659 2355 752 2420 aliquo
769 2369 786 2400 a
807 2357 866 2405 sine
887 2353 969 2419 legali
988 2354 1087 2404 iuditio
1107 2354 1249 2404 disvestire
1271 2360 1435 2420 praesumat,
1461 2353 1510 2403 sed
1533 2351 1617 2403 liceat
1639 2336 1745 2402 eidem
1767 2337 1916 2403 Amateri
1939 2338 2184 2428 archiepiscopo

534 2448 675 2535 praefati
704 2449 863 2535 episcopii
893 2470 946 2511 res
976 2468 1068 2512 tenere
1097 2460 1238 2526 possidere
1269 2456 1366 2533 atque
1396 2468 1457 2532 per
1478 2445 1541 2510 hoe
1564 2455 1709 2509 nostrum
1731 2456 1942 2531 praeceptum
1964 2445 2110 2532 perditas
2132 2469 2184 2510 res

493 2581 516 2620 11
534 2571 569 2621 ad
589 2569 735 2622 utilitatem
760 2579 818 2639 sue
843 2568 978 2620 aecclesie
1004 2553 1188 2641 adquirere,
1215 2569 1334 2619 omnium
1359 2569 1500 2618 hominum
1525 2566 1743 2617 coumdictious
1768 2572 1881 2619 murata.
1924 2566 1953 2617 Si
1978 2568 2041 2632 quis
2065 2564 2184 2635 autem,

534 2662 623 2750 quod
646 2661 740 2745 absit,
765 2679 846 2728 huius
865 2684 976 2741 nostre¹
999 2660 1201 2725 auctoritatis
1223 2671 1511 2747 praesumptuosus
1534 2672 1654 2724 violator
1671 2674 1801 2733 extiterit,
1824 2674 1895 2724 sciat
1917 2690 1947 2725 se
1970 2675 2185 2741 compositurum
2201 2683 2230 2724 a)

534 2785 595 2834 auri
612 2770 776 2856 purissimi
794 2783 877 2833 libras
893 2767 991 2849 mille,
1012 2781 1186 2832 medietatem
1200 2782 1310 2849 kamere
1322 2788 1415 2851 nostre
1433 2788 1461 2831 et
1476 2780 1649 2832 medietatem
1665 2764 1754 2830 illem
1769 2766 1971 2852 episcopium
1985 2764 2184 2852 regentibus.

535 2893 616 2954 Quod
646 2899 676 2942 nt
703 2893 796 2942 verius
827 2890 955 2941 credatur
984 2887 1201 2953 diligentiusque
1233 2889 1267 2938 ab
1299 2889 1426 2939 omnibus
1456 2889 1631 2947 observetur,
1661 2903 1744 2937 mann
1774 2888 1885 2954 propria
1912 2887 2073 2939 roborantes
2101 2873 2184 2938 hanc

533 2987 687 3073 paginam
710 3006 824 3049 nostro
843 2997 956 3062 sigilio
975 2997 1088 3047 interius
1108 2997 1232 3061 uirgam
1252 2997 1390 3047 russum.

641 3126 658 3216 ᾖ
682 3128 818 3213 Signum
841 3125 953 3191 domni
974 3125 1124 3189 Heinrici
1148 3125 1348 3189 serenissimi
1371 3124 1435 3210 (Μ.)
1457 3124 1678 3188 Romanorum
1700 3123 1905 3209 imperatoris
1928 3121 2101 3213 aegisti}

641 3268 904 3359 {Theodericus
935 3267 1148 3333 cancellarius
1178 3269 1251 3331 vice
1274 3265 1458 3331 Eberhardi
1489 3267 1635 3353 episcopi
1665 3276 1698 3330 et
1726 3264 1980 3352 archicapellani
2009 3267 2143 3331 notarit.
2166 3265 2228 3355 {a

2016 3381 2139 3451 ‹s1.u.)

642 3501 731 3565 Data
748 3499 853 3589 pridie
873 3499 938 3564 kal.
959 3501 1026 3564 iun.
1046 3523 1130 3565 anno
1148 3500 1382 3564 incarnationis
1404 3498 1527 3564 domini
1548 3497 1720 3563 millesimo
1738 3481 1823 3580 xxfl,
1848 3497 2024 3562 indictione
2040 3513 2074 3579 v,
2098 3520 2183 3563 anno

534 3631 613 3674 vero
637 3608 748 3673 domni
771 3607 920 3671 Heinrici
944 3606 1080 3671 secundi
1102 3607 1269 3692 regnantis
1287 3596 1358 3688 xxi,
1382 3605 1511 3691 imperii
1533 3628 1613 3671 vero
1631 3618 1727 3687 vm13
1754 3616 1863 3670 actum
1886 3604 1999 3694 Τιοίςς
2027 3604 2183 3670 feliciter⁸

534 3739 640 3781 amen.

1318 3942 1414 4028 473.
2202 4001 2229 4041 ,0

535 4108 714 4182 Heinrich
740 4107 905 4208 beatutiqt
930 4106 1009 4180 dem
1026 4105 1173 4180 uester
1189 4101 1228 4180 S.
1248 4103 1377 4178 Morio
1395 4130 1440 4178 zu
1457 4104 1639 4203 Pomposo
1656 4105 1779 4178 scinco
1796 4100 1935 4195 Sciutz,
1963 4102 2022 4178 die
2039 4103 2184 4178 Reicie-

534 4225 849 4319 uomittelborlceit,
876 4225 944 4299 dos
971 4223 1175 4299 Wollreclrt
1198 4223 1280 4298 aad
1304 4223 1375 4297 den
1401 4223 1637 4318 Besitsataad.

1821 4381 1865 4390 -
1889 4353 1970 4412 1022
1991 4351 2066 4411 June·
2088 4353 2138 4410 25.

643 4518 757 4590 Auem
787 4517 817 4573 in
846 4517 915 4574 zuei
939 4516 1213 4574 Archimnseatoreu
1240 4514 1289 4572 des
1312 4513 1445 4572 Klostos
1467 4511 1612 4587 Pomposo
1640 4531 1693 4571 uses
1721 4512 1782 4571 dein
1810 4513 1855 4571 17.
1871 4512 1927 4571 Ji.
1951 4512 1991 4570 im
2020 4510 2183 4571 k.·Stauts·

643 4624 744 4682 archiv
766 4641 801 4680 zu
824 4622 948 4681 Modern
972 4618 1112 4687 (a1uno
1133 4618 1203 4686 1⁴3²).
2202 4639 2228 4679 rs

645 4765 711 4824 Dus
732 4765 877 4823 certmene
899 4763 952 4833 D.,
983 4783 1035 4822 aru
1063 4765 1125 4822 dem
1155 4765 1213 4822 uir
1235 4765 1298 4822 hier
1319 4764 1398 4822 einen
1422 4765 1536 4837 Auazup
1566 4764 1666 4831 meten,
1695 4763 1747 4822 der
1769 4762 1857 4821 alteia
1878 4761 1972 4821 datos
1993 4762 2120 4822 eiures
2141 4781 2184 4838 oe·

646 4873 750 4932 bliebcn
775 4872 823 4939 iat,
848 4889 909 4929 erar
932 4874 1057 4941 tersisset
1080 4871 1133 4929 mit
1153 4871 1319 4945 Bcnutzunq
1337 4871 1385 4929 des
1402 4871 1566 4946 pleiclsollc
1586 4889 1642 4929 aar
1659 4870 1700 4929 im
1718 4868 1833 4944 Amas
1851 4869 2050 4941 Delictum
2068 4867 2108 4928 D.
2126 4871 2185 4928 312

646 4980 727 5048 (VU.
740 4979 776 5045 l)
795 4978 853 5035 read
867 4978 915 5035 dea
931 4976 999 5036 DO.
1014 4977 1078 5036 ΙΙΙ.
1091 4979 1151 5036 116
1167 4977 1334 5049 (171111),-
1351 4978 1512 5036 seineseits
1527 4978 1566 5035 ist
1580 4995 1609 5035 ea
1624 4976 1698 5036 reoli
1711 4976 1798 5036 schoa
1811 4976 1843 5034 in
1857 4976 1920 5034 desa
1935 4974 1975 5034 D.
1989 4974 2182 5035 KoorudeII.

645 5087 769 5161 Sturnps
776 5084 847 5157 ch.
860 5087 944 5145 2088
956 5085 1066 5143 annin
1077 5084 1202 5155 worden,
1212 5085 1372 5158 jcdeasctla
1386 5084 1455 5143 uber
1465 5084 1516 5143 tat
1530 5102 1559 5142 es
1574 5084 1619 5143 ula
1632 5083 1752 5158 Vorlape
1767 5085 1821 5154 fiir
1834 5082 1888 5141 dua
1898 5081 1938 5141 D.
1952 5081 2110 5142 Heinricis
2118 5081 2181 5142 III.

646 5194 769 5268 Stampf
783 5192 854 5266 Rcy.
872 5193 955 5251 2283
977 5192 1097 5266 emicat,
1120 5210 1151 5251 so
1174 5191 1243 5250 duas
1264 5192 1311 5250 dic
1329 5191 1524 5250 Aelniiclrlrer't
1546 5191 1598 5250 der
1619 5191 1733 5250 zweitea
1757 5189 1864 5261 Hune
1886 5189 1938 5248 der
1958 5190 2074 5265 Areopa
2096 5190 2185 5249 diaes
2200 5208 2228 5247 so

644 5300 719 5360 DH.
737 5299 801 5358 III.
827 5300 879 5359 snit
908 5299 959 5357 der
985 5299 1034 5358 dea
1056 5297 1129 5357 DH.
1147 5297 1268 5356 [1471
1292 5297 1432 5357 stabuli
1459 5298 1548 5357 derel
1572 5315 1658 5356 aueo
1679 5295 1719 5355 D.
1737 5298 1796 5355 473
1818 5296 1971 5355 vemittelt
1992 5296 2047 5367 isa·
2075 5296 2184 5355 eadlick

643 5408 729 5485 peden
773 5408 833 5477 eus
865 5406 918 5465 aas
961 5407 1073 5465 letzim
1115 5405 1188 5464 ascl
1231 5405 1322 5479 etaim
1358 5404 1538 5480 Weaduaym
1580 5405 1611 5462 in
1648 5403 1711 5464 dem
1748 5403 1879 5478 Diuites
1916 5403 2068 5462 Benedicta
2095 5402 2182 5461 VIII.

643 5513 788 5589 Jaffc-L.
808 5513 878 5587 Res.
895 5513 974 5573 4041
996 5531 1060 5571 vom
1082 5512 1149 5573 Juli
1172 5513 1254 5573 1022
1275 5511 1392 5571 seruet.
1417 5540 1460 5549 —
1484 5512 1550 5570 Wir
1572 5511 1727 5571 &Medda
1755 5511 1809 5570 dea
1831 5511 1946 5586 Aestus
1974 5510 2028 5569 scie
2054 5510 2107 5570 dea
2136 5510 2184 5569 aa

645 5622 685 5683 D.
702 5624 762 5681 312
785 5627 867 5680 irater
885 5620 1069 5695 Anreeadaop
1091 5638 1145 5678 son
1164 5618 1334 5678 Petitdneclr
1357 5620 1410 5690 far
1431 5619 1478 5677 die
1498 5620 1551 5677 mit
1573 5618 1626 5677 dea
1646 5617 1738 5678 VUU.
1758 5616 2055 5677 monsbmmesdea
2077 5616 2181 5675 Tacite.

607 5806 673 5864 4i2.
698 5809 724 5877 f)
746 5812 774 5862 et
791 5809 847 5873 suf
861 5808 955 5859 Resur
1026 5807 1055 5874 g)
1071 5805 1120 5859 icit
1138 5807 1194 5869 auf
1208 5806 1307 5859 Rasur.
2198 5819 2226 5859 ss
