4804 6498
844 436 1081 492 HEINRICH
1102 436 1140 491 Π.
1170 434 1264 492 1006.
1817 430 1878 493 137

236 618 347 684 labore
370 630 403 684 et
426 619 599 685 devotione
622 622 688 685 iam
710 620 804 685 floret
826 621 947 704 adulta,
977 632 1104 687 nosmet
1133 622 1195 688 deo
1226 632 1405 708 sanctoque
1428 624 1564 709 martyri
1586 622 1756 705 Mauricio,
1787 625 1879 688 cuius

236 726 390 812 suffragio
415 737 447 790 et
469 727 593 790 meritis
616 726 658 791 ab
682 728 819 791 infantia
849 738 1076 810 sustentamur,
1107 731 1141 793 in
1164 752 1295 793 servum
1317 727 1491 793 obtulimus
1521 740 1554 794 et
1576 752 1635 794 nos
1666 730 1736 794 eius
1759 731 1879 817 stipen-

237 832 374 897 diarium
404 833 550 915 fecimus,
581 833 760 920 frequentis
790 836 954 899 servitutis
986 845 1018 899 et
1041 835 1186 900 utilitatis
1209 834 1401 922 obsequium
1425 857 1468 900 ex
1498 835 1613 901 eodem
1643 836 1715 901 loco
1745 838 1879 923 eiusque

237 938 426 1025 dignissimo
449 940 615 1026 provisore
636 940 805 1027 Taginone
829 940 1011 1006 habuimus.
1049 942 1156 1007 Huius
1179 965 1257 1029 ergo
1280 952 1347 1006 tam
1370 945 1482 1029 magni
1504 941 1657 1008 beneficii
1679 966 1744 1007 non
1767 944 1879 1007 imme-

204 1068 341 1111 smores
364 1068 470 1132 neque
493 1047 612 1132 ingrati
635 1047 851 1134 praecordiali
881 1071 1027 1114 moerore
1056 1060 1122 1113 tam
1153 1049 1210 1113 diu
1237 1048 1445 1134 suspendisse
1469 1048 1624 1132 dolemus,
1655 1049 1743 1136 quod
1766 1049 1879 1114 locum

236 1152 342 1235 illum,
381 1176 477 1240 quem
511 1165 578 1219 toto
617 1154 715 1219 corde
750 1154 930 1241 diligimus,
969 1154 1077 1241 aliquo
1115 1156 1349 1242 proprietatum
1386 1167 1569 1220 nostrarum
1608 1158 1779 1221 carismate
1813 1179 1879 1221 non

236 1260 514 1346 amplificavimus.
561 1260 770 1348 Quapropter
792 1259 941 1325 omnibus
963 1248 1114 1326 fidelibus
1143 1262 1261 1326 nostris
1291 1260 1517 1348 praesentibus
1547 1262 1672 1327 scilicet
1701 1274 1734 1328 et
1762 1263 1879 1327 futuris

236 1376 346 1432 notum
370 1366 623 1449 essevolumus,
648 1366 736 1454 quod
758 1390 817 1431 nos
841 1366 882 1432 ob
906 1369 1123 1432 interventum
1147 1367 1286 1432 dilectae
1310 1368 1458 1455 coniugis
1481 1380 1514 1433 et
1537 1368 1725 1435 contectalis
1749 1378 1878 1434 nostrae

237 1472 473 1560 Chunigundae
498 1483 530 1537 et
552 1484 686 1561 propter
715 1475 978 1539 strennuissimae
1002 1475 1165 1538 servitutis
1189 1474 1342 1556 officium,
1374 1474 1461 1561 quod
1490 1474 1596 1539 fidelis
1619 1486 1729 1540 noster
1751 1475 1878 1561 Tageni

192 1607 218 1645 ιο
236 1581 421 1667 praedictae
451 1579 767 1667 Magadaburgensis
798 1580 956 1645 ecclesiae
987 1580 1208 1667 archipraesul
1241 1603 1307 1644 non
1340 1591 1466 1645 tantum
1500 1604 1596 1663 nunc,
1631 1604 1745 1646 verum
1780 1583 1878 1646 etiam

236 1701 409 1774 antequam
444 1685 486 1750 ad
514 1688 610 1750 istum
639 1686 786 1752 ordinem
820 1698 1079 1773 promoveretur,
1111 1686 1273 1769 exhibuit,
1304 1699 1437 1774 propter
1466 1688 1528 1752 hoc
1558 1689 1657 1752 etiam
1686 1711 1728 1752 ne
1755 1688 1877 1753 inutilis

236 1795 322 1857 servi
350 1792 509 1879 flagitium
542 1792 716 1858 subeamus
750 1792 912 1858 beneficia
946 1792 1090 1858 dominib
1121 1795 1172 1858 sui
1206 1795 1275 1859 sine
1311 1795 1611 1880 recompensatione
1645 1796 1788 1860 muneris
1822 1805 1879 1859 aut

236 1901 360 1965 servitii
382 1901 611 1983 consumentis,
643 1902 808 1965 civitatem
831 1899 1027 1987 Aernaburg
1055 1910 1155 1965 totam
1185 1901 1220 1964 in
1242 1922 1328 1987 pago
1351 1900 1502 1964 Belcsem
1531 1901 1564 1964 in
1593 1902 1746 1966 comitatu
1770 1911 1878 1967 autem

236 2006 463 2072 Werinzonis⁰
495 2008 589 2070 sitam
619 2029 694 2071 cum
723 2005 872 2071 omnibus
902 2006 1045 2094 praediis
1078 2008 1147 2071 sive
1179 2008 1393 2093 pertinentiis,
1427 2029 1490 2094 que
1522 2006 1688 2073 abbatiam
1719 2008 1765 2074 ibi
1787 2010 1878 2095 prius

192 2139 217 2178 rs
236 2124 452 2178 constructam
475 2112 704 2199 respiciebant,
728 2113 790 2178 hoc
815 2123 864 2177 est
886 2114 971 2177 areis
990 2113 1098 2177 villis‘¹
1121 2114 1251 2200 pascuis
1274 2113 1375 2200 pratis
1399 2115 1523 2200 campis
1543 2114 1632 2178 silvis
1650 2114 1878 2180 venationibus

236 2219 440 2284 forestalibus
463 2221 558 2284 terris
582 2219 675 2284 cultis
706 2231 739 2285 et
768 2219 897 2284 incultis
927 2222 1021 2306 aquis
1045 2242 1244 2305 aquarumve
1272 2219 1519 2285 decursionibus
1548 2220 1782 2308 piscationibus
1811 2245 1877 2286 mo-

236 2327 374 2392 lendinis
396 2328 459 2390 viis
488 2339 521 2391 et
549 2328 645 2390 inviis
676 2325 818 2391 exitibus
849 2336 881 2390 et
910 2325 1068 2391 reditibus
1097 2327 1233 2412 quesitis
1262 2337 1296 2391 et
1317 2326 1530 2413 inquirendis,
1561 2327 1604 2391 ad
1627 2330 1801 2393 servicium
1825 2328 1879 2393 dei

236 2434 404 2520 sanctique
423 2433 574 2498 Mamicii
593 2433 750 2499 ecclesiae
770 2431 1068 2519 Magadaburgensi
1087 2455 1145 2519 pro
1169 2434 1296 2497 animae
1319 2445 1450 2513 nostrae
1474 2432 1697 2521 redemptione
1720 2434 1878 2499 tradimus

236 2552 332 2627 atque
364 2540 531 2604 donamus
583 2540 722 2627 Insuper
751 2554 859 2604 autem
890 2539 1048 2604 tradimus
1078 2538 1184 2604 eidem
1217 2539 1376 2604 ecclesiae
1408 2540 1578 2627 metropoli
1610 2552 1740 2605 centum
1771 2552 1803 2605 et
1832 2556 1879 2605 Lx

190 2673 217 2711 ao
234 2670 375 2729 mansos,
394 2669 531 2733 qnorum
551 2656 681 2711 centum
700 2646 741 2710 de
760 2646 903 2711 Ziazone
923 2646 1041 2711 clerico
1057 2657 1167 2711 nostro
1186 2646 1251 2711 filio
1267 2647 1430 2711 Bumonis
1450 2649 1576 2712 comitis
1593 2670 1667 2713 cum
1682 2648 1877 2713 medietate⁰

236 2754 376 2818 civitatis
399 2752 692 2840 Aernaburgensis,
716 2768 762 2816 Lx
785 2764 893 2817 autem
917 2776 991 2818 cum
1013 2752 1187 2818 medietate
1211 2753 1276 2817 alia
1298 2752 1445 2818 eiusdem
1469 2756 1610 2819 civitatis
1633 2753 1675 2819 ab
1700 2754 1877 2821 Unecone‘

234 2861 352 2924 comite
376 2861 619 2947 acquisivimus.
665 2860 764 2924 Istam
793 2870 901 2924 autem
924 2859 1131 2925 traditionem
1154 2861 1188 2924 in
1212 2859 1327 2925 eodem
1349 2883 1435 2947 pago
1459 2862 1548 2925 etin
1572 2863 1726 2926 comitatu
1748 2861 1877 2926 Werin-

234 2968 347 3031 zonisss
377 2968 473 3030 sitam
503 2989 577 3030 cum
606 2968 714 3052 priore
745 2989 783 3031 eo
813 2977 909 3053 pacto
941 2967 1079 3031 facimus
1110 2978 1142 3030 et
1172 2966 1409 3049 confirmamus,
1447 2969 1598 3054 quatinus
1627 2960 1732 3032 fidelis
1768 2979 1879 3033 noster

234 3074 497 3160 archiepiscopus
517 3073 654 3160 Tageni,
678 3075 734 3159 qui
757 3072 839 3137 haec
862 3073 950 3160 apud
973 3096 1031 3137 uos
1056 3085 1088 3137 et
1110 3074 1235 3137 maiora
1257 3076 1443 3160 promeruit,
1472 3096 1648 3161 omnesque
1674 3076 1725 3139 sui
1750 3097 1877 3140 succes·

189 3205 216 3244 as
234 3202 323 3244 sores
347 3182 417 3244 sine
442 3178 578 3244 alicuius
603 3179 858 3244 contradictione
888 3179 1024 3245 liberam
1047 3178 1191 3244 habeant
1213 3189 1407 3267 potestatem
1436 3182 1470 3244 in
1500 3203 1599 3267 supra
1626 3180 1715 3246 dicta
1745 3182 1876 3247 civitate

233 3285 429 3371 Aernaburg
452 3288 682 3351 canonicorum
705 3287 980 3373 congregatione¹¹
1003 3286 1139 3351 collecta
1168 3287 1400 3373 praepositum,
1431 3309 1528 3373 quem
1551 3286 1614 3351 sibi
1637 3287 1805 3375 placuerit,
1835 3289 1877 3353 ad

233 3392 470 3480 providendum
494 3393 653 3457 ecclesiae
677 3392 783 3456 eidem
807 3394 1002 3457 constituere
1026 3405 1123 3480 atque
1148 3392 1318 3458 collocare.
1368 3393 1498 3458 Nullam
1521 3392 1568 3458 ibi
1590 3394 1658 3458 dux
1682 3395 1798 3481 aliquis
1822 3407 1878 3460 aut

234 3522 341 3564 comes
371 3510 427 3563 aut
460 3498 569 3586 aliqua
602 3522 743 3586 persona
777 3499 950 3564 iudiciaria
982 3511 1176 3587 potestatem
1206 3510 1374 3581 exerceat,
1411 3512 1548 3587 excepto
1579 3499 1749 3584 advocato,
1780 3524 1877 3588 quem

233 3607 497 3692 archiepiscopus
520 3605 647 3692 Tageni
677 3608 791 3692 suique
822 3628 1025 3671 successores
1059 3606 1225 3692 elegerint.
1283 3606 1432 3670 Bannum
1467 3607 1564 3671 etiam
1599 3618 1745 3672 nostrum
1779 3631 1877 3695 super

189 3738 215 3776 so
234 3712 372 3777 eundem
404 3713 510 3777 locum
543 3735 735 3799 omnemque
768 3712 948 3793 utilitatem,
982 3736 1045 3799 que
1078 3712 1120 3776 ad
1152 3736 1210 3777 nos
1241 3712 1317 3777 inde
1347 3714 1417 3777 iure
1448 3700 1611 3800 pertinere
1642 3713 1780 3797 videtur,
1814 3714 1875 3780 deo

232 3830 408 3906 sanctoque
441 3819 599 3884 Mauricio
630 3841 751 3908 suqque
782 3818 869 3884 sedis
898 3818 1143 3906 archiepiscopo
1171 3819 1332 3905 Taginoni
1363 3820 1498 3905 eiusque
1528 3819 1770 3885 successoribus
1800 3845 1876 3887 con·

233 3926 379 3990 cedimus
403 3937 500 4013 atque
524 3925 714 3991 donamus¹.
755 3925 790 3991 Si
814 3927 886 4012 quis
904 3936 1011 3990 autem
1026 3936 1252 4012 praesumptor
1275 3925 1360 3990 hanc
1372 3925 1579 3992 traditionem
1601 3938 1711 3991 nostra
1734 3929 1876 3993 iussione

233 4034 449 4120 conscriptam
480 4044 655 4119 nostraque
685 4034 827 4119 imagine
859 4031 1032 4119 sigillatam
1062 4055 1101 4097 ac
1132 4031 1311 4096 secundum
1341 4032 1609 4098 consuetudinem
1638 4057 1737 4099 manu
1766 4047 1877 4100 nostra

233 4138 417 4204 roboratam
440 4140 617 4227 infringere
640 4139 693 4204 vel
716 4141 898 4226 inquietare
922 4150 978 4203 aut
1001 4141 1099 4203 etiam
1122 4140 1252 4224 penitus
1272 4160 1292 4202 a
1311 4150 1424 4203 sancto
1443 4139 1603 4205 Mauricio
1627 4141 1754 4205 auferre
1774 4151 1876 4229 temp-

188 4269 214 4310 as
231 4248 359 4327 taverit,
390 4247 423 4310 in
453 4247 505 4320 die
535 4246 649 4311 iudicii
679 4260 836 4333 perpetuo
867 4246 1071 4310 anathemate
1103 4247 1295 4310 constrictus
1326 4268 1399 4310 cum
1429 4244 1512 4310 Iuda
1540 4247 1703 4332 proditore
1736 4250 1876 4313 aeternis

232 4354 399 4439 suppliciis
424 4352 604 4440 deputetur.

338 4627 488 4717 {Brona
512 4627 724 4693 cancellarius
748 4629 821 4692 vice
845 4627 1009 4713 Uuilligisi
1033 4626 1271 4713 archiepiscopi
1296 4628 1482 4712 recognovi.
1506 4626 1523 4716 ᾖ
1716 4638 1772 4709 (Sl.
1790 4639 1831 4701 2.)

339 4762 427 4827 Data
450 4777 512 4826 VII.
537 4760 581 4826 id.
605 4784 674 4847 apr.
699 4784 783 4825 anno
808 4760 989 4825 dominicae
1017 4761 1248 4825 incarnationis
1278 4774 1355 4841 MVI,
1386 4760 1564 4827 indictione
1593 4778 1660 4845 1111,
1691 4786 1774 4829 anno
1798 4787 1877 4830 vero

186 4893 214 4931 ro
233 4870 344 4934 domni
367 4869 515 4934 Heinrici
538 4868 647 4954 regis*
671 4867 806 4932 secundi
828 4869 995 4954 regnantis
1018 4882 1090 4951 11113
1122 4877 1230 4932 actum
1254 4866 1473 4932 Mulinhusun.

1009 5096 1091 5183 112.

233 5243 411 5318 Heinrich
437 5243 601 5342 bestri'tipt
625 5241 691 5315 der
716 5241 967 5339 biscboflichen
991 5241 1128 5315 Kirche
1152 5268 1194 5316 zu
1226 5241 1370 5317 Utrecht
1393 5243 1464 5317 den
1492 5242 1689 5318 Wildbann
1714 5247 1763 5318 im
1793 5243 1879 5321 Gau

233 5363 405 5437 Dreathe.
1392 5390 1547 5466 repellam
1570 5393 1650 5452 roos
1672 5392 1760 5467 apra
1781 5393 1831 5452 aa.

303 5580 368 5636 111.
392 5579 422 5647 1))
442 5595 459 5631 o
477 5596 546 5634 corr.
566 5595 616 5629 aaa
634 5580 691 5631 dem
710 5585 795 5631 erasa
814 5578 904 5630 Strich
927 5580 996 5630 eines
1013 5593 1032 5630 n
1121 5578 1148 5646 c)
1167 5574 1339 5630 Werinaouis
1364 5580 1393 5629 in
1417 5578 1504 5641 datar
1528 5578 1658 5645 palemone
1684 5579 1773 5631 Larice
1796 5581 1879 5632 naab-

391 5658 517 5718 9arapen
605 5648 635 5717 (1)
656 5665 704 5703 ror
721 5649 828 5718 pascuis
852 5652 894 5701 ein
914 5649 996 5715 Won,
1021 5648 1239 5701 marsianum
1257 5651 1299 5701 cin
1317 5652 1419 5701 naara
1436 5647 1515 5715 villis,
1534 5651 1689 5703 αυεναᾱίονι
1770 5654 1796 5717 e)
1815 5668 1877 5705 cum

186 5736 215 5776 aa
392 5720 538 5775 medietate
556 5722 612 5785 aas
627 5722 721 5773 naar
798 5719 821 5787 1)
837 5736 890 5773 one
907 5736 976 5774 corr.
995 5737 1047 5772 aaa
1064 5736 1110 5773 om
1190 5723 1218 5790 g)
1241 5720 1439 5788 Nucbtrayuno
1462 5719 1507 5772 dea
1531 5720 1651 5774 Numana
1674 5724 1709 5774 ist
1731 5722 1801 5775 auch
1819 5723 1879 5775 br‘er

391 5793 609 5846 wahracha'abch
689 5791 718 5859 h)
737 5808 782 5842 am
800 5808 817 5844 a
836 5793 977 5845 Οοηοααν
1052 5790 1072 5859 i)
1091 5807 1127 5844 na
1144 5807 1213 5846 corr.
1231 5809 1284 5844 aas
1300 5807 1327 5843 m
1400 5790 1429 5860 lr)
1450 5790 1523 5861 regis
1540 5793 1627 5857 sofort
1644 5808 1714 5847 corr.
1733 5810 1785 5847 aua
1801 5810 1877 5865 regn.

299 5915 500 5959 Katasmrkuuden
513 5918 557 5958 111.
1633 5906 1665 5956 18
