4760 6512
552 386 617 450 286
1156 392 1615 451 KAISERURKUNDEN.

660 578 820 669 (011111
843 582 994 645 nomine⁸
1018 591 1151 645 sanctae
1175 592 1207 645 et
1234 580 1423 645 individuae
1454 581 1637 645 trinitatisb.
1684 581 1861 645 Heinricus
1891 579 2004 644 divina
2033 577 2196 644 ordinante

552 687 759 773 providentia
781 710 851 752 rex.
961 687 996 752 Si
1015 702 1194 767 petitionibus
1213 688 1420 752 sacerdotum
1443 702 1488 753 dei
1511 688 1552 751 de
1576 687 1636 769 his,
1661 710 1745 774 quae
1769 687 1812 751 ad
1835 687 1907 752 loca
1926 696 2111 752 sanctorum
2132 701 2197 749 iuste

552 809 722 873 pertinent,
748 809 869 858 nostrie
888 808 1020 858 auribus
1038 792 1055 882 ξ
1070 793 1205 879 prolatis
1228 794 1480 880 adquiescimus,
1511 796 1636 880 regiam
1665 793 1932 859 consuetudinem
1956 815 2148 858 exercemus
2170 802 2198 856 et

551 900 613 965 hoc
640 915 718 965 nobis
745 901 788 964 ad
818 899 947 964 laudern
977 912 1009 965 et
1040 899 1248 965 stabilitatem
1278 902 1372 986 regni
1401 903 1503 965 nostri
1533 902 1567 964 in
1598 901 1652 965 dci
1682 902 1813 965 nomine
1841 902 2005 987 pertinere
2034 914 2198 964 confluunt.

553 1006 717 1087 Quocirca
748 1008 891 1071 omnium
924 1006 1069 1071 fidelium
1102 1018 1284 1072 nostrorum
1319 1009 1541 1094 praesentium
1576 1007 1702 1072 scilicet
1736 1031 1775 1072 ac
1809 1007 1990 1071 faunorum
2024 1006 2224 1071 iudustriaes

551 1125 671 1199 pateat,
705 1113 793 1200 quod
815 1136 875 1177 nos
898 1113 1074 1177 Heinricus
1102 1125 1235 1178 sanctae
1255 1129 1493 1194 wirceburgensis
1517 1128 1653 1179 teriones
1676 1128 1841 1179 venerabilis
1867 1128 2013 1195 episcopm
2041 1112 2200 1177 humiliter

553 1219 666 1284 adiens
690 1220 903 1285 claementiae
927 1230 1056 1284 nostrae
1081 1220 1311 1285 dominationis
1334 1222 1483 1302 innotuit,
1515 1221 1602 1308 quod
1632 1221 1902 1308 praedecessores
1932 1221 2034 1285 nostri
2063 1250 2154 1299 reges
2176 1242 2200 1283 et

550 1342 748 1405 imperotores
774 1327 871 1391 divae
897 1328 1074 1391 memoriae
1095 1328 1247 1410 Karolus,
1268 1343 1465 1401 Lanuuinus,
1484 1327 1641 1391 Arnoltirs
1660 1340 1791 1414 tresque
1808 1328 1945 1392 Ottones
1964 1349 2078 1391 omnes
2098 1336 2200 1391 curtes

549 1432 644 1496 villas
673 1444 777 1497 terras
807 1446 1033 1520 terrarumque
1063 1434 1213 1516 cultores,
1245 1458 1304 1498 seu
1327 1433 1483 1520 quicquid
1507 1436 1542 1499 in
1565 1436 1691 1499 cunctis
1714 1433 1812 1498 rebus
1836 1434 1878 1498 ad
1900 1434 2078 1498 aeclesiam
2101 1435 2200 1497 sancti

550 1538 738 1621 Salvatoris,
770 1542 803 1603 in
828 1563 894 1626 qua
916 1541 1084 1626 preciosus
1108 1538 1229 1605 Christi
1252 1552 1378 1627 martyr
1399 1540 1551 1605 Kilianus
1575 1542 1720 1627 sociique
1749 1543 1819 1605 eius
1843 1540 2056 1626 corporaliter
2078 1541 2200 1627 requie·
2217 1563 2237 1601 tr

549 1658 654 1727 scunt,
678 1663 835 1726 pertinere
861 1646 1051 1728 dinoscitur,
1075 1669 1134 1710 scu
1153 1648 1241 1733 quod
1259 1649 1391 1712 inantea
1410 1647 1452 1711 ad
1472 1670 1512 1711 ca
1531 1659 1644 1712 sancta
1663 1647 1735 1712 loca
1753 1648 1896 1733 legitime
1915 1647 2072 1712 traditum
2092 1648 2201 1711 fuisset

548 1776 608 1840 pei
638 1755 807 1818 universos
838 1755 1009 1818 comitatus
1039 1783 1145 1833 pagos
1173 1776 1212 1817 ac
1240 1770 1412 1827 territoria,
1438 1769 1489 1817 snb
1518 1756 1665 1840 integrae
1697 1769 1884 1819 detensionis
1909 1770 2104 1819 immunitate
2134 1776 2201 1840 per·

549 1883 682 1925 manere
702 1884 846 1948 suaeque
873 1876 1017 1925 tuitionis
1042 1859 1147 1946 clipeo
1170 1861 1289 1924 muniri
1309 1862 1557 1943 concessissent,
1582 1860 1643 1925 hoc
1668 1862 1775 1941 etiam,
1800 1860 1886 1946 quod
1910 1877 1940 1924 in
1963 1861 2091 1926 eisdem
2114 1882 2201 1947 prac-

548 1969 652 2054 111111
676 1970 838 2032 veraciter
861 1969 1017 2054 scripturn
1041 1982 1231 2040 continetur,
1258 1982 1358 2032 nostris
1389 1966 1619 2053 corispectibus
1646 1978 1868 2053 praesentans,
1892 1969 2082 2054 praedictos
2108 1998 2201 2047 reges

548 2096 606 2138 seu
636 2090 836 2155 imperatores
868 2097 928 2160 per
958 2096 1036 2137 suae
1070 2075 1271 2138 auctoritatis
1305 2073 1494 2159 praedictae
1529 2074 1689 2138 aeclesiae
1725 2088 1902 2160 praecepta
1935 2078 2140 2140 concessisse
2173 2088 2237 2137 111

548 2182 767 2265 confirmasse,
792 2183 945 2268 quatinus
968 2194 1059 2244 nullus
1078 2195 1160 2244 iudex
1181 2194 1309 2260 publicus
1328 2211 1422 2244 seruos
1442 2194 1557 2245 Salaros
1582 2196 1639 2245 sive
1664 2195 1773 2245 accolas
1800 2204 1859 2266 pro
1882 2179 1994 2245 liberie
2018 2180 2201 2247 hominibus

547 2291 581 2352 in
605 2288 765 2353 aeclesiae
789 2288 933 2374 praediis
957 2287 1184 2351 monentibus⁰
1208 2301 1243 2351 ad
1268 2318 1366 2350 causas
1391 2303 1578 2352 audiendum
1605 2300 1637 2351 et
1663 2302 1754 2352 tradas
1780 2302 1964 2366 exigendum
1989 2302 2023 2353 et
2050 2305 2201 2353 mansiones

547 2407 604 2459 aut
626 2417 736 2476 paratas
755 2410 932 2461 iaciendum
952 2407 985 2458 et
1002 2409 1176 2459 fideiussores
1195 2407 1368 2458 tollendum
1388 2406 1420 2458 et
1443 2409 1566 2459 homines
1589 2410 1676 2475 ipsius
1696 2409 1831 2459 aeclesiae
1853 2407 1919 2459 tam
1939 2396 2089 2460 Francos
2108 2418 2200 2482 quam

547 2532 641 2567 servos
666 2514 699 2566 et
724 2516 838 2567 Sclavos
865 2516 1121 2579 distringendum
1150 2512 1182 2564 et
1212 2500 1311 2564 ullam
1341 2500 1569 2565 redibitionem
1598 2516 1809 2579 requirendum
1840 2512 1896 2565 aut
1926 2501 2054 2588 aliquid
2085 2503 2126 2566 de
2155 2502 2200 2565 his

548 2610 729 2673 exactitare
759 2632 820 2696 per
850 2608 991 2695 aliquam
1023 2608 1227 2672 iudiciariam
1251 2618 1444 2694 potestatem
1470 2621 1528 2671 niio
1555 2638 1683 2687 nmquam
1709 2630 1871 2688 tempores
1898 2630 2066 2688 praesumat
2108 2608 2200 2674 Unde
2214 2627 2235 2665 a

548 2717 647 2780 etiam
680 2717 767 2780 idern
800 2715 997 2780 venerabilis
1031 2717 1204 2801 episcopus
1238 2714 1414 2778 Heinricus
1447 2726 1591 2778 nostram
1623 2716 1717 2800 petiit
1747 2716 1965 2797 maiestatem,
1998 2728 2036 2781 ut
2067 2716 2200 2780 eandem

548 2823 771 2887 defensionem
801 2847 861 2909 per
891 2844 1000 2886 nostrae
1029 2838 1222 2886 auctoritatis
1251 2836 1470 2885 immunitatem
1499 2838 1573 2885 circa
1601 2837 1674 2902 ipsa
1708 2821 1791 2909 [loeo
1821 2821 1907 2910 V]el‘¹
1936 2823 2087 2888 homines
2115 2844 2199 2910 proe-

547 2930 634 2993 fatae
659 2931 818 2993 aeclesiae
850 2929 1126 2993 confirmaremus.
1174 2927 1294 2991 Cuiuse
1318 2943 1479 3007 petitioni,
1511 2930 1663 3015 quoniam
1694 2928 1897 2994 rationabilis
1926 2929 2115 3013 videbatur,
2145 2930 2199 2993 boc

547 3036 710 3122 denegare
740 3036 902 3101 noluimus
933 3058 973 3100 11
1004 3058 1064 3121 111·
1093 3034 1154 3099 hoc
1186 3036 1309 3115 omnia,
1345 3059 1429 3121 quae
1462 3038 1610 3122 superius
1642 3038 1862 3118 continentur,
1898 3059 1957 3123 per
1986 3036 2074 3101 hanc
2105 3036 2200 3101 nostri

547 3145 714 3230 praecepti
738 3145 892 3229 paginam
917 3142 1110 3206 continnarc
1135 3142 1326 3205 studuimus.
1373 3141 1502 3207 Idcirco
1534 3144 1631 3206 etiam
1662 3144 1902 3229 praecipientes
1932 3145 2130 3215 sanctimus,
2159 3156 2233 3209 nte

547 3250 704 3336 quicquid
728 3250 771 3314 ad
793 3252 898 3336 ipsam
922 3249 1223 3335 praenominatam‘
1247 3248 1423 3312 aeclesiam
1446 3262 1512 3312 tam
1537 3252 1591 3313 ins
1615 3266 1722 3314 sorvis
1747 3264 1874 3315 octaris
1899 3262 1931 3314 et
1957 3264 2084 3314 accolis
2108 3272 2199 3336 quam

547 3356 619 3420 aliis
654 3355 751 3420 rebus
785 3373 857 3421 inste
896 3368 928 3420 et
965 3356 1115 3441 legaliter
1152 3355 1310 3419 hactenus
1345 3371 1501 3434 pertinere
1534 3357 1640 3419 visum
1676 3368 1738 3437 est,
1774 3358 1858 3422 sicut
1891 3358 1925 3419 in
1959 3368 2199 3421 antecessorum

546 3464 760 3545 nostroruml,
793 3466 838 3527 ita
868 3465 966 3528 etiam
998 3460 1058 3525 sub
1089 3472 1218 3525 nostrae
1243 3462 1454 3524 immunitatis
1478 3463 1608 3525 nornine
1632 3464 1666 3525 in
1690 3463 1785 3526 modo
1810 3464 1894 3527 datis
1917 3462 2016 3527 rebus
2042 3476 2076 3528 et
2100 3463 2199 3527 adbuc

548 3569 666 3634 dandis
696 3582 800 3635 tutum
825 3582 857 3634 et
880 3570 1051 3634 defensum
1081 3577 1281 3654 pcnnaneat,
1312 3591 1373 3631 nec
1405 3570 1576 3655 quisquam
1601 3569 1641 3632 de
1665 3568 1815 3633 fidelibus
1844 3570 1962 3634 nostris
1993 3571 2065 3634 sivc
2098 3590 2199 3634 comes

547 3678 616 3740 sive
640 3692 722 3742 index
741 3691 870 3759 publicus
894 3678 927 3740 in
951 3686 1044 3762 parte
1068 3674 1178 3760 aliqua
1205 3685 1261 3737 aut
1285 3687 1342 3737 uuo
1369 3704 1497 3753 umquam
1524 3698 1646 3755 ternpore
1671 3676 1856 3761 praefatae¹
1882 3675 2044 3741 aeclesiae
2077 3700 2129 3741 res
2157 3676 2234 3739 ina
2321 3680 2322 3685 ’

547 3785 693 3870 quietare
725 3799 835 3857 audeat,
865 3799 994 3862 quatinus
1022 3792 1165 3845 rectores
1190 3796 1274 3860 ipsius
1297 3808 1315 3840 a
1343 3795 1478 3846 aeclesiae
1505 3812 1553 3861 pro
1579 3796 1768 3847 incolomitate
1795 3796 1906 3847 nostra
1934 3798 2090 3862 regnique
2119 3796 2198 3846 nostri

546 3903 697 3956 stabilitate
725 3907 827 3970 iugiter
858 3890 1003 3954 divinam
1036 3888 1261 3952 claementiam
1292 3888 1444 3952 studeant
1475 3919 1596 3952 exorare.
1649 3888 1684 3953 si
1714 3890 1787 3975 quis
1817 3912 1906 3970 vero,
1940 3889 2028 3976 quod
2062 3891 2198 3955 inunum

545 4021 611 4063 non
635 3998 810 4079 credimus
841 3997 937 4060 huius
968 4004 1077 4082 nostre
1108 3996 1319 4059 immunitatis
1342 4006 1554 4080 praeceptum
1582 3994 1757 4081 aliquando
1780 3996 1959 4082 infringere
1982 3996 2197 4084 temptaverit,

546 4107 675 4169 noverit
694 4128 728 4169 se
750 4124 945 4188 componere
965 4102 1037 4164 auri
1057 4101 1169 4186 optimi
1189 4100 1289 4164 libras
1308 4114 1339 4182 c,
1362 4100 1569 4165 medictatem
1589 4124 1738 4165 camerac
1756 4113 1886 4167 nostrae
1908 4112 1941 4166 et
1960 4101 2003 4166 ad
2021 4104 2197 4189 praefatam

547 4212 721 4276 aeclesiam
752 4222 878 4297 partem
908 4209 1053 4272 alteram.
1102 4207 1200 4288 Quod
1229 4220 1265 4271 ut
1294 4209 1424 4271 vaerius
1454 4208 1605 4272 credatur
1634 4208 1886 4295 diligentiusque
1911 4207 2115 4291 observetur,
2142 4208 2197 4271 boc
2212 4222 2233 4261 o

547 4329 760 4404 praeceptum
791 4316 868 4380 inde
899 4317 1119 4402 conscriptum
1143 4337 1242 4378 manu
1264 4316 1398 4401 propria
1421 4313 1611 4379 roborantes
1636 4315 1734 4400 sigilli
1757 4317 1858 4379 nostri
1881 4317 2088 4403 inpressione
2112 4314 2197 4379 iussi

546 4448 619 4488 mus
642 4425 813 4510 assignari.

654 4591 672 4680 ξ
697 4592 834 4677 Signum
858 4591 980 4655 domini
1003 4591 1152 4655 Heinrici
1176 4590 1239 4675 (M.)
1263 4590 1350 4674 regis
1374 4590 1589 4653 invictissimi.
1614 4587 1631 4678 ξ

656 4768 673 4857 1
697 4768 898 4833 Guntherius
922 4766 1137 4831 cancellarius
1160 4768 1233 4831 vice
1257 4765 1481 4830 Erchanbaldi
1505 4767 1759 4853 archicapellani
1783 4771 1971 4856 recognovi.
1995 4767 2014 4858 ᾖ
2044 4774 2101 4855 (Sl.
2119 4770 2160 4851 2.)

656 4948 746 5011 Data
764 4961 830 5011 1111.
852 4945 925 5009 idus
945 4943 1120 5031 septemb.k
1139 4967 1224 5008 anno
1244 4943 1426 5008 dominicae
1446 4946 1678 5008 incarnationis
1698 4945 1869 5010 millesimo
1885 4961 1951 5029 xii,
1972 4947 2151 5011 indictione
2165 4957 2198 5013 11,
2212 4966 2234 5006 a
2321 4964 2322 4981 ¹

549 5077 738 5119 annovera
762 5053 871 5117 domni
896 5050 1031 5116 secundi
1055 5051 1203 5114 Heinriei
1228 5052 1394 5135 regnantis
1417 5065 1471 5133 x13
1497 5062 1604 5115 actum
1623 5051 1922 5117 Franchonevord¹¹
1945 5056 2036 5139 regio
2060 5052 2197 5141 palacio,

550 5162 689 5226 feliciter
712 5161 836 5225 amen.k

621 5460 685 5518 ais.
712 5460 858 5531 [Bresslan]
895 5459 920 5525 1)
939 5460 1066 5510 dctintcr
1084 5460 1126 5510 eia
1144 5460 1341 5522 ungesunqma·
1353 5458 1443 5509 strici
1460 5459 1551 5525 9111191
1605 5459 1634 5523 b)
1656 5462 1685 5510 at
1702 5460 1758 5523 aas
1768 5460 1861 5513 Reor
1913 5461 1939 5526 1)
1955 5463 1980 5512 Α
1996 5463 2049 5524 fita·
2063 5462 2197 5513 manentes

711 5532 738 5599 (1)
758 5538 868 5597 erpdnzt
887 5548 938 5582 aas
956 5532 1004 5581 der
1022 5529 1087 5582 NL]
1105 5529 1296 5594 8111111811
1311 5532 1381 5580 1888
1454 5528 1702 5597 1))0111111111
1780 5530 1806 5597 i)
1824 5534 1874 5583 nat
1891 5532 1948 5595 auf
1962 5533 2057 5584 Bastar
2127 5528 2179 5599 g)
2172 5544 2196 5579 111

710 5605 766 5667 auf
782 5605 876 5655 Rasttr
930 5601 958 5669 11)
978 5600 1221 5653 nobistantum
1240 5606 1304 5650 eirca
1323 5616 1421 5666 praece
1441 5600 1475 5651 tis
1495 5599 1651 5653 continetur
1668 5601 1836 5666 armoricam
1853 5619 1890 5653 ea
1907 5604 1965 5655 11111
2020 5602 2040 5671 1)
2058 5604 2108 5655 das
2123 5601 2198 5653 (111111
2211 5603 2232 5644 11

711 5676 801 5730 aaut
816 5675 911 5724 liseur
987 5673 1016 5738 k)
1033 5679 1087 5724 1111.
1107 5669 1168 5722 idus
1191 5670 1323 5737 septemb.
1343 5672 1400 5722 aad
1496 5670 1695 5724 chonevord—
1703 5688 1782 5724 amen
1807 5688 1858 5725 oon
1882 5673 1998 5726 medem
2017 5674 2101 5727 Hand
2123 5670 2197 5725 1111·

709 5752 843 5811 11111111
