4760 6512
833 420 1067 478 HEINRICH
1091 423 1130 477 11.
1172 422 1268 479 1013.
1815 420 1879 484 295

228 609 473 696 Perpendentes
503 610 614 696 itaque
638 620 809 673 veternum
836 609 946 673 odium
970 610 1055 673 inter
1077 608 1254 674 familiares
1278 620 1311 674 et
1334 611 1507 697 precipuos
1531 612 1702 699 episcopos
1725 615 1879 699 grassari,

229 716 283 781 W.
307 715 461 781 videlicet
483 715 745 801 Mogontiensem'
773 714 1056 802 archiepiscopum
1087 726 1121 779 et
1142 715 1392 781 Bemuuardum
1419 716 1767 784 Hildeneahemeneem
1798 721 1879 785 anti·

229 824 336 887 etitem
358 822 423 886 fide
447 843 531 910 eque
559 844 598 887 ac
628 822 763 887 caritate
793 820 976 908 probatum,
1008 821 1106 886 anxie
1135 821 1306 886 nobiscum
1329 823 1510 906 volventes,
1542 824 1704 910 quomodo
1735 825 1807 891 illos
1837 826 1880 891 ad

229 929 436 994 concordiam
459 951 699 1009 revocaremus,
733 928 867 994 difficile
891 930 1052 1010 timentes,
1083 928 1160 1014 quia
1183 930 1292 1015 sepius
1323 927 1366 993 ab
1390 929 1571 1016 apostolica
1598 931 1675 996 sede
1699 944 1798 1019 atque
1821 935 1878 998 im·

196 1035 342 1123 speriali
365 1036 535 1100 maiestate
559 1035 825 1123 archiepiscopus
856 1035 1081 1116 commonitus,
1112 1045 1148 1098 ut
1177 1032 1219 1099 ab
1249 1035 1367 1099 invasu
1390 1034 1689 1102 Gaudeshemensis
1719 1039 1878 1105 aeclesiae

228 1142 409 1223 desisteret,
432 1141 624 1228 persuaderi
646 1165 712 1207 non
735 1143 849 1229 potuit,
872 1141 1004 1206 tandem
1023 1153 1142 1223 tamen,
1167 1142 1245 1227 qnia
1262 1152 1416 1228 utrosque
1436 1143 1676 1208 amantissimos
1695 1144 1877 1229 habuimus,

228 1271 337 1314 coram
361 1249 534 1335 episcopis,
565 1250 622 1335 qui
644 1248 764 1314 Palithi
794 1250 828 1313 in
851 1247 960 1313 natale
983 1247 1106 1312 domini
1135 1247 1177 1312 ad
1201 1271 1261 1313 nos
1284 1259 1515 1331 convenerant,
1547 1272 1680 1315 causam
1704 1250 1878 1318 detulimus

227 1366 325 1442 atque
348 1366 502 1443 utrosque
526 1356 573 1420 ita
589 1354 633 1420 ad
652 1357 820 1421 caritatem
841 1367 873 1420 et
892 1354 1099 1420 concordiam
1119 1353 1315 1437 infleximus,
1339 1366 1375 1419 ut
1393 1356 1427 1418 in
1446 1357 1574 1421 cuntis⁸
1593 1379 1627 1421 se
1646 1369 1757 1422 nostro
1781 1371 1878 1446 atque

228 1463 455 1549 episcoporum
477 1461 599 1527 iudicio
623 1474 902 1549 optemperaturos
925 1463 1159 1550 promitterent.
1198 1461 1328 1526 Dehinc
1351 1461 1610 1527 reedifficatam⁸
1628 1462 1750 1529 ibidem
1775 1465 1878 1530 eccle·

184 1595 209 1632 ιο
227 1570 319 1652 siam,
349 1592 413 1658 que
442 1568 527 1634 ultra
556 1569 688 1635 modum
718 1581 751 1634 et
780 1580 925 1634 nostrum
953 1568 1039 1633 velle
1068 1567 1298 1633 benedictione
1330 1571 1445 1651 caruit,
1477 1570 1733 1636 consecrandam
1759 1572 1877 1658 prefati

226 1678 415 1741 monasterii
437 1690 475 1741 11.
494 1675 568 1741 idus
592 1677 657 1743 ian.
681 1675 869 1740 indiximus.
908 1676 946 1740 B.
967 1697 1095 1762 qnoque
1119 1676 1293 1762 episcopus
1317 1686 1428 1740 noster
1450 1675 1557 1741 fidelis
1581 1699 1624 1741 ex
1646 1689 1757 1743 nostro
1780 1701 1878 1744 suasu

227 1782 281 1847 W.
305 1783 586 1870 archiepiscopum
616 1794 649 1848 et
672 1783 841 1848 universos
872 1784 1044 1870 episcopos
1066 1782 1101 1846 in
1124 1781 1283 1846 auxilium
1307 1781 1370 1846 sibi
1394 1785 1598 1865 convocavit,
1622 1796 1777 1872 tantaque
1802 1808 1876 1850 con·

227 1889 339 1954 cordia
362 1902 394 1954 et
416 1891 611 1955 unanimitas
635 1889 688 1954 dei
716 1891 822 1976 gratia
851 1892 936 1955 inter
965 1889 1161 1954 dissidentes
1191 1888 1307 1953 fratres
1338 1889 1427 1954 facta
1457 1902 1515 1972 est,
1546 1901 1582 1955 ut
1611 1890 1693 1967 illud
1722 1891 1877 1957 sollemne

227 1996 370 2061 officium
400 1996 615 2061 dedicationis
646 1996 790 2061 maxima
820 1998 955 2062 caritate
985 1996 1092 2077 lieret,
1123 1994 1370 2081 archiepiscopo
1401 1995 1447 2059 nil
1478 2019 1536 2060 suo
1566 1998 1630 2061 iuri
1659 2012 1876 2084 presumente,

184 2127 209 2166 u
227 2104 290 2167 nisi
321 2115 477 2191 quantum
507 2105 679 2191 episcopus
710 2104 748 2168 B.
777 2103 988 2169 concedendo
1017 2101 1205 2189 postularet.
1252 2102 1366 2188 Neque
1397 2104 1495 2185 enim,
1526 2113 1561 2167 ut
1591 2115 1676 2187 ante,
1706 2106 1877 2170 veritatem

227 2234 286 2297 pro
310 2211 494 2275 reverentia
516 2210 569 2274 vel
591 2212 698 2297 gratia
721 2210 960 2297 archiepiscopi
983 2207 1248 2295 subterfugimus,
1272 2231 1385 2274 verum
1416 2210 1509 2274 lirma
1532 2213 1725 2277 auctoritate
1749 2223 1876 2277 senten-

227 2319 305 2381 tiam
328 2317 366 2381 B.
391 2318 547 2404 episcopi,
572 2317 649 2404 quia
672 2317 793 2382 iudicio
817 2318 960 2381 omnium
983 2317 1051 2380 fixa
1074 2315 1199 2397 claruit,
1226 2315 1437 2397 firmavimus,
1462 2315 1567 2381 donec
1591 2340 1689 2381 suasu
1713 2322 1877 2384 communi

227 2424 491 2511 archiepiscopus
519 2423 562 2489 ad
590 2424 712 2489 clerum
743 2423 963 2511 populumque
993 2421 1087 2488 uobis
1118 2421 1391 2508 subsequentibus
1421 2424 1582 2509 processit
1612 2436 1653 2505 et,
1684 2424 1771 2490 facto
1801 2437 1876 2490 ante

227 2532 357 2595 ianuam
390 2530 550 2596 catholico
582 2553 731 2595 sermone
765 2530 916 2618 factaque
951 2528 1052 2594 dotali
1083 2529 1335 2609 terminatione,
1361 2540 1397 2593 nt
1428 2531 1527 2593 moris
1560 2541 1624 2612 est,
1659 2533 1876 2618 prescriptum

182 2662 208 2700 ao
227 2636 420 2703 coenobium
435 2660 456 2701 a
470 2638 633 2724 principio
653 2636 695 2701 ab
716 2635 978 2702 antecessoribus
993 2636 1033 2701 B.
1050 2636 1195 2723 episcopi
1211 2635 1355 2721 legitime
1372 2634 1496 2722 absque
1514 2638 1601 2700 omni
1618 2637 1875 2703 contradictione

226 2766 411 2830 possessum
434 2743 564 2831 publice
588 2745 756 2829 cognovit,
781 2766 853 2808 sese
877 2743 1083 2830 postmodum
1106 2744 1139 2806 in
1163 2742 1197 2806 id
1221 2742 1320 2806 officii
1343 2743 1481 2807 retraxit
1505 2755 1546 2825 et,
1571 2754 1606 2807 ut
1629 2743 1752 2809 nullam
1775 2745 1875 2810 recla-

225 2850 366 2915 tionemb
390 2862 447 2915 aut
468 2851 695 2937 repetitionem
726 2852 795 2937 ipse
818 2850 871 2915 vel
895 2873 1100 2915 successores
1130 2851 1201 2914 eius
1232 2850 1265 2913 in
1295 2849 1424 2936 prefata
1454 2849 1596 2915 ecclesia
1626 2874 1701 2916 cum
1729 2854 1876 2917 terminis

226 2959 293 3022 suis
322 2957 388 3022 ullo
418 2980 562 3045 unquam
592 2970 738 3044 tempore
769 2956 891 3022 habere
921 2958 1115 3043 potuissent,
1147 2956 1366 3043 episcopalem
1398 2956 1549 3039 senilam,
1584 2980 1682 3045 quam
1714 2981 1757 3023 ex
1786 2982 1875 3024 more

226 3062 384 3150 gestabat,
408 3063 503 3129 nobis
527 3063 765 3147 roborantibus,
796 3065 959 3151 episcopis
983 3085 1112 3151 quoque
1136 3062 1391 3145 auctorautibus,
1415 3064 1454 3127 B.
1479 3065 1634 3151 episcopo
1658 3065 1800 3147 tradidit,
1831 3066 1877 3130 ita

181 3195 208 3233 as
225 3171 392 3258 inquiens:
417 3171 519 3254 ‘cedo,
543 3171 653 3253 frater,
677 3170 726 3236 liti
745 3182 778 3235 et
796 3171 869 3252 iuri,
893 3172 927 3235 in
951 3169 1070 3257 quibus
1098 3170 1161 3234 huc
1184 3193 1287 3257 usque
1310 3171 1437 3256 perstiti
1461 3181 1503 3251 et,
1527 3172 1605 3256 quia
1627 3171 1706 3236 mihi
1729 3174 1875 3260 meisque

225 3276 467 3342 successoribus
491 3279 524 3341 in
548 3278 610 3343 hac
634 3277 774 3366 ecclesia
800 3276 853 3342 vel
883 3278 1029 3341 terminis
1061 3277 1237 3342 canonice‘
1261 3276 1308 3340 nil
1338 3278 1407 3341 sine
1439 3290 1494 3342 tuo
1525 3278 1660 3343 consilio
1691 3292 1875 3367 competere

225 3385 303 3466 scio,
334 3382 394 3449 tibi
417 3386 546 3471 tuisque
570 3383 814 3450 successoribus
837 3384 1018 3470 plenariam
1041 3394 1234 3470 potestatem
1263 3385 1296 3447 in
1320 3406 1360 3448 ea
1383 3406 1557 3470 cognosco,
1590 3396 1623 3449 et
1646 3408 1697 3450 me
1721 3409 1875 3473 meosque

226 3513 431 3556 successores
456 3489 516 3555 sub
539 3492 705 3577 presentia
735 3491 857 3555 domini
888 3491 989 3555 nostri
1020 3489 1117 3576 regis,
1148 3490 1332 3554 testimonio
1363 3512 1493 3576 quoqne
1524 3490 1659 3556 fratrum
1682 3504 1874 3574 nostrorum,

226 3620 335 3662 coram
366 3596 495 3662 Christo
525 3596 735 3680 abalienab03
771 3608 804 3661 et
833 3609 869 3663 ut
898 3597 987 3663 nulla
1016 3597 1233 3683 interpellatio
1263 3597 1370 3662 futuro
1400 3608 1547 3684 tempore
1578 3621 1598 3662 a
1629 3621 1682 3663 me
1712 3599 1765 3664 vel
1794 3601 1876 3664 meis

182 3728 208 3768 ao
226 3704 467 3769 successoribus
499 3705 570 3768 fieri
602 3705 712 3791 possit,
747 3704 832 3769 hanc
864 3703 1001 3769 ferulam
1034 3706 1066 3768 iu
1100 3706 1228 3790 signum
1260 3704 1422 3769 firmitatis
1455 3704 1513 3768 tibi
1546 3704 1653 3770 dedo'.
1700 3707 1762 3770 His
1794 3707 1887 3771 actis·

226 3810 365 3876 ecclesia
389 3813 460 3898 ipsa
483 3811 536 3875 die
561 3834 603 3876 ex
626 3833 715 3875 more
740 3824 931 3876 consecrata
961 3824 1010 3875 est
1034 3824 1067 3875 ct
1089 3812 1237 3897 sequenti
1266 3810 1319 3874 die
1343 3811 1462 3875 velatio
1493 3811 1685 3877 ancillarum
1715 3812 1770 3877 dei
1793 3813 1875 3878 cele·

227 3916 330 3999 brata,
361 3930 550 3983 auctorante
581 3918 619 3982 B.
650 3916 831 3983 venerabili
861 3898 1025 4006 episcopo.
1072 3918 1115 3982 Et
1147 3919 1224 4004 quia
1256 3930 1446 4005 perpetuam
1480 3941 1597 4004 pacem
1630 3919 1789 3985 ecclesiae
1821 3920 1874 3984 dei

227 4027 333 4111 cupio,
363 4025 448 4090 hanc
478 4025 683 4113 pactionem‘¹
706 4023 869 4090 conscribi
899 4025 1053 4112 anulique
1082 4026 1146 4088 mei
1171 4025 1385 4110 impressione
1409 4025 1526 4089 muniri
1550 4024 1614 4089 feci
1638 4048 1776 4113 meaque
1800 4025 1874 4091 sub·

227 4133 400 4218 scriptione
424 4131 584 4197 roboravi.

183 4296 209 4336 aa
332 4272 349 4363 ᾖ
373 4275 509 4362 Signum
533 4275 643 4340 donmi
666 4277 815 4340 Heinrici
838 4278 901 4362 (M.)
925 4276 1012 4361 regis
1035 4275 1250 4339 invictissimi.
1275 4271 1292 4362 ᾖ

331 4414 349 4505 ᾗ
373 4417 572 4482 Guntherius
593 4417 806 4482 cancellarius
824 4419 898 4482 vice
914 4415 1125 4481 Ercambaldi
1144 4415 1421 4503 archicappellani
1440 4418 1641 4503 recognovit.
1657 4415 1675 4506 ᾖ
1710 4427 1765 4491 (SI.
1780 4428 1829 4498 D.)

332 4560 440 4623 Data⁰
616 4559 793 4624 indictione
817 4574 863 4641 xl,
895 4582 979 4624 anno
1010 4559 1193 4623 dominicae
1223 4560 1456 4623 incarnationis
1487 4559 1658 4625 millesimo
1683 4576 1758 4641 xlll,
1788 4584 1874 4626 anno

225 4690 303 4731 vero
327 4666 436 4731 domni
459 4667 607 4731 Heinrici
631 4666 766 4731 secundi
790 4667 977 4752 regnantis‘
1002 4681 1052 4748 xl,
1081 4676 1188 4730 actum
1204 4665 1331 4749 Werla;
1360 4665 1500 4731 feliciter
1522 4689 1627 4732 amen.

331 4845 424 4931 Egoss
447 4846 623 4910 Heinricus
654 4843 817 4909 secundus
847 4843 902 4909 dci
931 4846 1037 4930 gratia
1066 4867 1125 4907 rex
1156 4844 1231 4908 huic
1261 4834 1518 4909 reconciliationi
1548 4845 1600 4909 vel
1630 4848 1775 4933 pactioni
1799 4869 1873 4911 con·

181 4978 209 5016 so
225 4953 369 5016 sentiens
392 4953 485 5039 signo
509 4963 621 5037 sancte
645 4952 751 5016 crucis
774 4950 921 5037 gaudens
945 4950 1172 5037 subscripsi.†
1278 4951 1351 5037 Ego
1368 4951 1551 5037 Willigisus
1574 4952 1763 5038 Mogontine
1788 4953 1874 5017 sedis

225 5060 331 5145 gratia
364 5058 418 5123 dei
450 5058 715 5145 archiepiscopus
750 5058 825 5122 huic
861 5057 1020 5147 catholice
1053 5057 1106 5121 vel
1142 5059 1299 5147 canonice
1332 5058 1617 5124 reconciliatione*
1651 5072 1684 5123 et
1715 5060 1873 5124 taxationi

225 5165 372 5252 gaudens
395 5167 488 5251 signo
512 5167 618 5230 crucis
641 5164 831 5252 subscripsi.
848 5169 869 5246 †
958 5166 1089 5252 Dagino
1109 5178 1221 5253 sancte
1240 5165 1549 5253 Parthenopolitane
1569 5164 1749 5230 aecclesiae
1769 5166 1874 5232 arehi-

226 5273 398 5359 episcopua
427 5274 521 5359 signo
551 5285 664 5361 sancte
695 5275 801 5337 crucis
832 5271 1058 5358 subscripsi.†
1182 5272 1353 5337 Retharins
1384 5284 1496 5361 sancte
1526 5272 1704 5342 Patherltth
1734 5273 1873 5363 ecclesie

226 5381 397 5466 episcopus
428 5377 661 5466 subscripsi.†
791 5378 902 5442 Bruno
937 5391 1049 5466 sancte
1079 5376 1381 5466 Augustburgensis
1417 5379 1555 5467 ecclesie
1591 5381 1764 5467 episcopus
1799 5380 1873 5445 sub·

182 5593 208 5631 sa
295 5573 360 5631 aab.
384 5575 413 5642 b)
433 5578 457 5627 Α
475 5577 527 5640 far
544 5575 767 5629 reclamationem
843 5576 868 5644 c)
888 5593 903 5629 e
920 5592 991 5632 corr.
1009 5593 1061 5630 aaa
1079 5593 1111 5630 ae
1184 5576 1214 5646 d)
1233 5580 1247 5628 t
1263 5592 1334 5629 corr.
1352 5592 1403 5627 aaa
1422 5576 1504 5628 cirtem
1522 5577 1629 5628 maten
1647 5592 1663 5628 c
1729 5576 1755 5643 e)
1771 5593 1873 5630 uacus·

383 5647 492 5713 pefallte
509 5647 598 5700 Lache
615 5648 666 5711 far
683 5648 733 5699 aaa
750 5648 929 5713 Topcsdatum
1014 5647 1039 5715 f)
1059 5648 1109 5700 das
1126 5650 1215 5700 nocito
1232 5664 1251 5699 n
1269 5648 1334 5699 aber
1351 5648 1400 5699 der
1418 5647 1489 5699 Zeila
1506 5647 1702 5713 asclepamque
1786 5651 1815 5717 g)
1831 5649 1874 5702 die

390 5717 602 5783 limam-{fleu
620 5718 707 5771 aelam
725 5735 770 5771 om
788 5719 879 5771 tam
896 5719 992 5771 Raude
1008 5719 1089 5771 aedera
1106 5720 1165 5771 dem
1183 5718 1355 5771 Esdsatokoll
1427 5717 1455 5781 h)
1472 5720 1513 5779 Α,·
1532 5720 1580 5770 tete
1597 5718 1648 5770 GB
1666 5736 1701 5770 zu
1719 5719 1804 5774 ‹lieaer
1822 5737 1873 5774 urt-

383 5790 561 5855 ndrsffoadm
580 5790 747 5857 Alkamag
763 5791 914 5855 aetomm
932 5792 975 5853 ist,
996 5806 1069 5843 muas
1085 5789 1270 5857 dultinpsstellt
1288 5789 1393 5842 blattea
