4836 6492
536 400 600 463 592
1137 402 1598 461 KAISERURKUNDEN.

533 591 597 657 alio
621 593 686 657 lato
710 593 774 657 fine
797 591 962 671 Biferno⁰,
993 601 1026 656 et
1049 602 1122 655 sunt
1154 593 1223 678 ipse
1248 614 1346 677 supra
1370 592 1491 677 scripte
1514 588 1612 654 rebus
1635 612 1695 676 per·
1718 590 1797 655 locis
1820 591 2028 675 nominande,
2059 592 2093 657 id
2124 606 2185 657 est:

532 700 604 786 ipso
628 698 760 764 castello
785 697 826 761 de
845 698 943 762 Petra
966 697 1120 761 fraceda‘
1144 709 1177 762 et
1199 699 1271 784 ipso
1295 697 1428 763 castello
1453 696 1493 761 (16
1512 696 1665 761 Piscloli⁸
1684 710 1717 761 et
1735 698 1806 784 ipso
1827 698 1959 762 castello
1979 698 2020 763 de
2040 697 2186 764 Guardia

533 818 567 870 et
589 805 721 871 castello
745 804 786 868 de
809 804 894 891 Ripa
918 827 994 868 ursa
1018 816 1051 868 61
1074 804 1207 869 castello
1232 804 1272 869 (16
1295 803 1503 883 11661616116,
1532 816 1564 868 61
1588 815 1637 868 661
1659 805 1732 890 ipsa
1754 827 1807 868 res
1834 827 1908 868 cum
1939 828 2038 892 supra
2067 807 2185 893 scripte

533 911 667 976 castella
698 923 845 976 tenentes
878 933 937 997 per
970 934 1140 975 mensuras
1172 910 1353 975 modiorum
1388 923 1539 996 quattuor
1571 910 1670 991 milia,
1703 934 1777 975 curn
1810 913 1881 997 ipse
1911 912 2049 977 ecclesie
2082 915 2185 978 sancti

531 1018 702 1084 Benedicti
733 1031 765 1082 61
795 1018 935 1082 66616616
966 1018 1069 1082 sancti
1094 1017 1222 1082 Nicolai
1253 1030 1285 1081 et
1315 1017 1456 1082 ecclesia
1485 1019 1590 1082 sancti
1620 1018 1710 1082 Petri
1740 1020 1774 1082 in
1804 1019 2019 1084 Pecoran'czo
2050 1032 2082 1084 et
2112 1039 2220 1085 cume

530 1126 601 1211 ipse
625 1125 687 1190 alie
712 1125 861 1205 ecclesie,
893 1147 956 1210 que
980 1124 1066 1188 infra
1088 1124 1236 1211 predicte
1259 1124 1333 1188 finis
1358 1124 1507 1189 dedicate
1536 1138 1620 1206 sunt,
1649 1126 1720 1210 ipsc
1751 1147 1851 1212 supra
1880 1127 2001 1212 scripte
2031 1125 2128 1191 rebus
2151 1129 2184 1191 in

531 1254 629 1318 supra
653 1234 773 1318 scripte
798 1231 872 1295 finis
897 1254 971 1295 cum
994 1254 1094 1317 supra
1117 1232 1238 1318 scripte
1262 1230 1400 1295 ecclesie
1426 1243 1458 1295 et
1481 1254 1555 1294 cum
1580 1231 1725 1317 predicte
1746 1231 1879 1297 castella
1902 1255 1977 1296 cum
2000 1235 2130 1298 introitu
2153 1245 2184 1298 et

532 1340 621 1402 exita
644 1338 773 1403 illarum
797 1350 830 1401 ct
853 1361 926 1401 cum
951 1359 1046 1401 omne
1070 1337 1275 1402 firmamenta
1297 1337 1350 1402 vel
1375 1360 1487 1401 eorum
1511 1337 1658 1419 edificiis,
1690 1350 1846 1424 quantum
1876 1340 2016 1425 pertinet
2043 1340 2086 1404 ad
2114 1342 2183 1427 ipse

531 1467 630 1533 supra
654 1446 772 1531 scripte
796 1443 941 1525 castella,
967 1466 1040 1507 cum
1066 1445 1150 1508 casis
1173 1445 1268 1508 terris
1292 1456 1325 1508 61
1347 1445 1452 1508 vineis
1476 1443 1606 1508 salectis
1630 1447 1786 1527 corruetis,
1811 1468 1884 1509 cum
1908 1448 2013 1531 pomis
2037 1459 2069 1510 et
2092 1446 2184 1511 arbo·

530 1550 620 1616 ribus
644 1552 710 1615 suis
735 1564 864 1615 etcum
889 1551 997 1615 omnia
1021 1562 1054 1615 et
1077 1551 1110 1614 in
1133 1550 1297 1633 omnibus,
1329 1563 1485 1637 quantum
1513 1552 1583 1637 ipse
1614 1574 1713 1637 supra
1743 1553 1863 1637 scripte
1894 1552 1992 1617 rebus
2022 1575 2120 1640 super
2148 1576 2183 1617 se
2203 1575 2227 1613 n

531 1657 699 1740 babentes,
725 1670 757 1723 et
781 1681 854 1722 cum
878 1659 986 1722 omnia
1011 1658 1080 1743 ipso
1105 1658 1236 1744 ampliu,
1261 1668 1416 1743 quantum
1441 1656 1481 1721 de
1505 1659 1575 1744 ipse
1600 1660 1837 1745 suprascripte
1857 1658 1955 1724 rebus
1979 1660 2063 1724 infra
2086 1684 2183 1747 supra

530 1768 649 1852 scripte
682 1765 775 1829 finish
806 1764 917 1845 fucrit,
951 1764 1001 1828 16ί
1035 1764 1215 1850 16166666]ί
1248 1776 1281 1829 61
1312 1766 1344 1828 16
1376 1762 1540 1845 omnibus,
1574 1764 1736 1851 quomodo
1766 1768 1915 1852 superius
1947 1766 2074 1853 legitur.
2128 1767 2181 1833 Sic

528 1871 761 1937 reddideruntk
784 1873 847 1958 ipsi
872 1895 970 1958 supra
994 1872 1106 1957 scripti
1126 1870 1204 1935 Atto
1229 1882 1261 1935 et
1279 1870 1428 1935 Paldolfo
1453 1870 1626 1936 comitibus
1650 1873 1682 1935 16
1706 1894 1820 1936 manus
1845 1872 1955 1937 domni
1978 1875 2181 1960 imperatoris

528 1979 599 2065 ipse
623 1980 688 2043 iam
712 1978 799 2043 dicte
823 1976 922 2042 rebus
946 2001 1019 2043 cum
1044 1979 1287 2064 suprascripte
1311 1977 1450 2042 ecclesie
1475 1990 1506 2041 et
1530 2002 1603 2043 cum
1627 1980 1864 2066 suprascripte
1889 1980 2032 2061 castella,
2057 1992 2088 2045 et
2112 1982 2181 2067 ipso

529 2085 647 2151 domno
670 2086 810 2150 Enricus
834 2086 1001 2171 inperator
1024 2087 1071 2148 sic
1095 2084 1238 2149 reddidit
1267 2086 1379 2150 omnia
1400 2086 1472 2171 ipsa
1496 2108 1593 2171 supra
1620 2088 1818 2171 scriptores
1842 2110 1916 2151 curn
1940 2111 2038 2173 supra
2062 2089 2180 2174 scripte
2201 2108 2226 2147 n

529 2192 663 2257 castella
686 2204 719 2256 et
743 2215 817 2257 cum
840 2214 939 2278 supra
963 2193 1083 2277 scripte
1108 2192 1247 2256 ecclesie
1271 2203 1401 2257 etcum
1425 2214 1520 2256 omne
1540 2191 1668 2256 illarum
1687 2192 1826 2276 edificia,
1852 2194 2013 2280 quomodo
2032 2196 2181 2281 superius

528 2301 686 2386 scriptum
709 2310 767 2381 est,
792 2308 825 2362 et
847 2299 880 2362 in
903 2299 974 2385 ipso
997 2300 1194 2362 monasterio
1214 2300 1317 2362 sancti
1338 2299 1509 2363 Benedicti
1534 2310 1565 2363 et
1589 2298 1631 2363 ad
1655 2301 1726 2386 ipso
1751 2323 1850 2387 supra
1873 2303 1994 2388 scripto
2017 2303 2181 2388 preposito

528 2430 587 2493 pro
610 2409 720 2470 anima
743 2428 802 2470 sua
826 2417 858 2469 et
881 2428 939 2491 pro
964 2406 1073 2469 anima
1096 2404 1137 2469 de
1162 2407 1300 2491 coniuge
1325 2428 1384 2469 sua
1408 2416 1441 2470 et
1463 2407 1572 2492 posuit
1593 2404 1754 2471 bannum¹
1781 2429 1879 2494 super
1898 2420 1997 2494 caput
2019 2407 2060 2472 de
2084 2431 2181 2495 supra

529 2515 649 2600 scripto
673 2514 837 2600 preposito
862 2524 894 2575 61
917 2511 958 2576 (16
983 2512 1033 2575 661
1056 2511 1208 2576 monachi
1231 2524 1264 2576 et
1287 2514 1374 2576 misit
1398 2511 1541 2576 bandum
1566 2514 1637 2599 ipso
1657 2515 1895 2600 suprascripto
1918 2516 2113 2601 inperatore,
2136 2528 2180 2589 ut,

529 2621 556 2684 si
580 2642 785 2707 quacumque
808 2631 954 2705 tempore
978 2619 1019 2683 (16
1044 2620 1154 2683 616616
1177 2620 1248 2705 ipsa
1272 2642 1371 2706 supra
1395 2621 1515 2706 scripta
1539 2643 1591 2682 res
1615 2630 1647 2683 61
1671 2620 1758 2706 quod
1781 2622 1930 2707 superius
1954 2623 2109 2709 scripturn
2132 2634 2225 2687 66166

529 2729 724 2814 quicumque
749 2725 873 2812 aliquid
895 2725 1005 2789 tulerit
1027 2736 1083 2790 aut
1112 2725 1269 2790 invadere
1293 2727 1554 2812 presumpseritm
1578 2728 1648 2790 siue
1679 2724 1793 2814 legalis
1823 2727 1955 2809 iudicio,
1986 2751 2179 2816 componere

528 2833 610 2898 libre
644 2856 742 2898 auree
767 2832 830 2896 duo
854 2832 954 2911 milia,
985 2833 1160 2897 medietate
1184 2832 1228 2897 ad
1251 2856 1350 2919 supra
1373 2834 1493 2919 scripto
1517 2834 1712 2899 monasterio
1737 2846 1769 2898 ct
1792 2833 1834 2898 ad
1858 2836 1924 2898 suis
1952 2836 2119 2900 monachis
2149 2848 2181 2901 et

527 2941 702 3005 medietato
726 2940 769 3004 ad
793 2962 922 3004 camare
946 2952 1065 3004 nostre.
1112 2940 1223 3004 Finita
1252 2951 1302 3003 661
1331 2962 1440 3022 66666,
1471 2940 1611 3026 qualiter
1633 2950 1742 3005 actum
1766 2951 1798 3005 et
1821 2940 1943 3005 dictum
1968 2942 2038 3007 fuit.
2085 2943 2179 3008 Unde

527 3070 586 3133 pro
619 3048 761 3112 66666116
793 3046 833 3109 (16
867 3070 965 3132 supra
999 3048 1120 3132 scripto
1153 3048 1349 3110 monasterio
1379 3058 1412 3111 61
1442 3046 1482 3110 (16
1514 3049 1580 3112 6616
1610 3047 1777 3112 monacbis
1808 3060 1841 3113 et
1870 3071 1929 3135 pro
1958 3050 1992 3112 in
2015 3062 2179 3137 posterum

528 3153 764 3218 recordandum
788 3153 874 3217 hunc
898 3154 1018 3217 noticia
1041 3153 1177 3217 iudicati
1207 3152 1360 3217 dixerunt
1390 3152 1534 3218 scribere
1557 3154 1648 3218 Aczo
1675 3155 1819 3220 notarius
1843 3167 1876 3219 et
1899 3155 2061 3221 scabinus.
2108 3157 2178 3243 Ego
2197 3179 2223 3217 a

528 3262 585 3346 qui
612 3283 710 3347 supra
741 3261 880 3345 scriptus
904 3259 994 3325 Aczo
1025 3261 1169 3324 notarius
1201 3271 1233 3323 61
1257 3259 1409 3324 scabinus
1440 3259 1480 3324 de
1512 3260 1598 3325 dicto
1630 3260 1741 3325 domni
1770 3263 1958 3349 imperaturi
1989 3274 2021 3328 et
2044 3265 2084 3329 de
2108 3287 2177 3351 pre·

528 3366 615 3431 dicto
647 3366 840 3431 cancellario
871 3378 903 3430 61
933 3365 974 3431 (16
1006 3390 1105 3452 supra
1135 3367 1248 3453 scripti
1279 3366 1451 3431 comitibus
1482 3379 1514 3432 et
1542 3367 1583 3432 de
1615 3391 1713 3453 supra
1743 3370 1856 3454 scripti
1886 3369 2011 3435 iudices
2042 3383 2074 3435 et
2103 3371 2178 3435 boni

528 3472 711 3538 hominibus
736 3474 821 3538 hunc
844 3475 966 3539 noticia
989 3473 1124 3538 iudicati
1148 3474 1264 3560 scripsi
1288 3486 1320 3537 et
1343 3472 1389 3537 ibi
1414 3474 1483 3562 [fni]
1493 3486 1517 3538 ¹¹.

635 3636 717 3699 Sunt
741 3636 816 3699 anni
849 3633 890 3698 ab
920 3636 1151 3699 incarnacione
1182 3635 1305 3699 domini
1333 3636 1435 3699 nostri
1459 3634 1534 3698 lesu
1558 3635 1679 3700 Christi
1703 3635 1874 3701 millesimo
1898 3638 2053 3703 vicesimo
2077 3649 2123 3702 11⁰
2147 3650 2178 3702 61

527 3744 724 3829 imperantes
741 3740 860 3806 domno
876 3742 1017 3805 Enricus
1034 3742 1210 3829 imperator
1225 3752 1368 3827 agustus,
1393 3753 1425 3805 et
1442 3741 1511 3805 dies
1528 3765 1638 3807 meuse
1646 3755 1659 3792 1'
1675 3742 1859 3808 februarius
1875 3767 1934 3831 per
1949 3745 2177 3811 indictionem·
2195 3768 2219 3805 a

526 3864 596 3932 11113
625 3860 732 3915 actum
757 3849 791 3912 16
815 3848 931 3931 Τ6616;
960 3848 1108 3914 feliciter.

632 4009 745 4095 'sligo
768 4010 908 4074 Enricus
931 4011 1117 4096 imperator.
1172 4009 1244 4094 Ego
1261 4009 1412 4073 Vicarius
1436 4008 1546 4073 iudex.
1599 4009 1671 4095 Ego
1695 4010 1902 4076 Benzolinus.
1956 4012 2027 4098 Ego
2051 4013 2176 4077 Petrus.

526 4116 598 4202 Ego
622 4115 821 4203 Adclgisius.
868 4116 940 4202 Ego
965 4116 1135 4181 Girardus.

1307 4415 1401 4502 466.

526 4597 704 4672 Heinrich
722 4599 888 4698 166ίᾶ1161
904 4598 983 4672 dem
1002 4597 1149 4671 Kloatcr
1167 4595 1432 4671 Moutecasse'no
1452 4623 1524 4671 666
1548 4597 1619 4672 den
1640 4596 1787 4698 Grasen
1804 4600 1887 4675 Atro
1905 4599 1986 4675 und
2001 4599 2177 4700 Pandulf
2194 4629 2217 4670 u

525 4718 737 4792 restituierte
762 4717 1001 4817 Besitzuupen
1027 4717 1068 4789 in
1093 4716 1159 4789 der
1187 4712 1410 4814 Grufscbuft
1438 4716 1604 4792 Termoli.

1730 4864 1823 4925 0111611
1846 4867 1929 4927 1022
1951 4867 2086 4927 Febr-aar
2104 4868 2130 4927 1.

632 5044 716 5104 Petri
744 5043 859 5104 diaconi
887 5042 1042 5117 repiatmtm
1067 5040 1233 5101 0666166666
1261 5058 1314 5100 aue
1339 5041 1392 5100 der
1413 5040 1500 5101 Mitte
1521 5042 1570 5102 des
1593 5044 1641 5102 12.
1658 5043 1687 5104 J
1687 5044 1714 5103 11.
1740 5036 1834 5116 fier‘
1854 5047 1888 5105 a⁰
1903 5047 1962 5106 135
1982 5047 2025 5106 im
2046 5046 2174 5107 Kloster·

630 5152 732 5211 archiv
754 5170 789 5211 zu
811 5149 1021 5209 Montccasaino
1046 5148 1116 5215 (B).

595 5407 660 5465 let.
685 5412 711 5475 6)
734 5408 768 5461 ab
788 5407 875 5460 altero
894 5410 985 5459 autern
1005 5405 1079 5459 rivus
1097 5405 1144 5473 661
1163 5405 1264 5459 dicitnr
1278 5403 1379 5458 Teccle
1391 5406 1430 5467 L,·
1447 5406 1518 5458 nuel
1533 5408 1595 5461 DD.
1609 5410 1671 5462 466.
1689 5411 1743 5460 432
1760 5410 1853 5474 (111νῇ6
1870 5410 1989 5463 mererer
2003 5410 2091 5463 Ncme
2105 5411 2173 5465 6661(
2190 5423 2216 5462 (6

684 5484 721 5532 im
749 5479 876 5546 Oriyiml
899 5496 1007 5531 6666666
1031 5478 1178 5530 Placitum
1202 5477 1345 5544 966116ιᾶ66
1370 5477 1453 5529 baben
1562 5477 1588 5542 f)
1614 5476 1699 5531 Petra
1723 5479 1827 5534 fracida
1851 5481 1876 5533 L
1899 5507 1931 5525 =
1955 5483 2017 5536 DD.
2037 5485 2098 5537 46⁶.
2121 5487 2174 5536 482

684 5554 714 5621 g)
733 5553 759 5604 B
772 5578 803 5595 =
818 5552 853 5605 D.
867 5554 933 5617 466,·
951 5548 1069 5603 Pescloli
1087 5549 1112 5600 L
1126 5574 1157 5593 =
1173 5548 1208 5603 Ι).
1222 5552 1276 5600 482
1350 5546 1380 5608 ht
1401 5549 1483 5601 rebus
1507 5547 1568 5601 finis
1587 5550 1620 5613 B,
1646 5566 1685 5603 wo
1709 5551 1792 5604 rebus
1816 5552 1886 5605 wohl
1908 5570 1965 5605 nur
1987 5554 2172 5607 memorien

686 5623 888 5676 (666(16611611161
960 5621 1147 5690 6161661613
1218 5619 1247 5685 k)
1269 5617 1444 5672 crediderunt
1457 5621 1482 5672 B
1553 5621 1573 5687 1)
1589 5621 1747 5675 bannanuru
1760 5624 1785 5675 B
1856 5626 1896 5688 m)
1915 5625 2090 5693 presupserit,
2108 5627 2173 5680 ohne

684 5694 978 5759 Abkrlrzanqezeichen,
1001 5693 1026 5744 B
1079 5695 1109 5761 n)
1133 5692 1202 5756 fehlt
1219 5694 1249 5744 in
1268 5692 1301 5756 B,
1320 5691 1371 5755 691.
1387 5690 1421 5746 D.
1435 5694 1489 5744 467
1548 5694 1576 5759 6)
1597 5691 1657 5747 mill
1676 5694 1720 5747 ric
1738 5702 1761 5746 11
1775 5695 1800 5747 B
1860 5702 1890 5764 p)
1916 5697 1944 5748 m
1956 5697 1989 5762 B,
2009 5696 2058 5763 091.
2072 5698 2107 5752 D.
2121 5701 2172 5750 467

684 5772 712 5832 q)
734 5765 806 5820 1611ιῦ
819 5766 851 5820 Β.
2187 5777 2212 5818 ⁴5
