4828 6520
523 421 586 484 712
1119 425 1581 483 KAISBBURKUNDEN.

626 615 666 678 Ιιι
699 615 829 679 nomine
865 624 996 678 sanctae
1032 624 1065 677 et
1097 612 1288 677 individuae
1323 613 1488 677 trinitatis.
1545 611 1711 676 Ardoinus
1747 612 1858 677 divina
1896 611 2066 677 ordinante
2101 635 2184 700 pro·

520 721 688 786 videntia⁸
711 744 781 786 rex.
912 719 1106 786 Sanctorum
1136 730 1266 806 patrum
1296 719 1437 784 decretis
1467 719 1627 783 canonica
1656 719 1848 784 auctoritate
1870 718 1967 783 fultib
1991 730 2023 783 et
2047 720 2184 806 experi-

521 839 629 893 mento
652 828 836 892 mundanae
866 827 948 913 legis
978 827 1176 907 instruimur,
1207 837 1243 890 ut
1264 824 1409 912 publici⁰
1435 826 1527 912 regni
1552 837 1585 890 et
1608 836 1794 890 sanctarum
1822 825 2034 891 ecclesiarum
2057 848 2185 891 causas

521 958 628 1022 aequa
655 934 749 999 lance
779 934 834 998 etl
864 935 947 998 iusto
977 932 1153 998 examined
1182 954 1366 1019 pensemus,
1398 954 1483 1019 quae
1514 931 1578 997 duo
1608 932 1775 996 maxima⁰
1798 931 1886 997 bona
1915 934 2001 997 inter
2023 956 2058 997 se
2080 934 2183 997 vario

521 1052 595 1105 sunt
624 1041 738 1105 ordine
768 1040 931 1122 distincta,
962 1042 1008 1105 ita
1038 1049 1147 1103 tamen
1176 1037 1240 1103 sibi
1271 1037 1314 1103 ad
1343 1039 1485 1103 invicem
1511 1040 1686 1103 coniuncta
1708 1038 1762 1103 dei
1785 1038 1997 1126 dispositione
2021 1050 2097 1103 sunt
2122 1039 2222 1103 et‘s

521 1170 679 1229 connexa,
703 1158 748 1229 ut,
772 1148 799 1211 si
824 1147 961 1211 alterum
983 1156 1108 1233 pereat,
1132 1145 1269 1211 alterum
1291 1145 1544 1232 praecipitiumb
1568 1147 1637 1231 pati
1659 1168 1725 1210 non
1744 1147 1786 1211 sit
1803 1144 2003 1233 ambiguum.
2036 1146 2186 1211 Noverit

520 1257 640 1342 igiturss
656 1256 799 1319 omnium
816 1264 948 1319 sanctae
965 1253 1018 1316 dei
1035 1252 1194 1318 ecclesiae
1210 1251 1355 1317 fidelium
1370 1251 1540 1317 veridicah
1556 1253 1775 1338 praesentium
1797 1252 1922 1318 scilicet
1941 1265 1975 1318 et
1994 1253 2185 1317 futurorum

520 1360 683 1442 solertia¹,
707 1361 838 1425 Bertam
870 1360 1023 1424 dilectam
1046 1361 1219 1445 coniugem
1241 1370 1386 1424 nostram
1408 1361 1575 1445 nostrique
1605 1361 1698 1445 regui
1722 1370 1904 1425 consortem
1926 1372 2056 1425 nocuae
2079 1360 2185 1425 eelsi-

520 1468 641 1532 tudinis
672 1467 791 1532 adiisse
823 1467 1044 1547 clementiam‚
1079 1477 1115 1530 ut
1144 1489 1203 1553 pro
1233 1465 1377 1531 remedio
1412 1477 1541 1530 nostrae
1576 1467 1711 1552 eiusque
1743 1468 1870 1531 animae
1901 1478 1999 1554 atque
2029 1468 2185 1531 omnium

520 1585 702 1640 nostrorum
733 1575 919 1660 expiatione
950 1574 1121 1638 eriminum
1150 1571 1317 1637 abbatiam
1347 1574 1381 1635 in
1411 1571 1567 1637 bonorem
1596 1584 1729 1638 sanctae
1761 1572 1815 1638 dei
1844 1574 2012 1659 genitricis
2045 1596 2185 1661 semper
2204 1596 2232 1634 ro

520 1682 656 1767 virginis
672 1681 809 1761 Mariae,
829 1703 926 1767 quam
943 1678 1046 1744 abbas
1059 1679 1280 1743 Willielmusk
1294 1677 1527 1743 venerabiliter
1542 1679 1717 1744 aedificare
1736 1679 1910 1757 desiderat,
1931 1704 2004 1746 curn
2023 1679 2183 1745 omnibus

521 1788 714 1853 adiacentiis
738 1798 770 1851 et
792 1788 1005 1873 pertinentiis,
1031 1808 1114 1872 quae
1138 1809 1224 1850 nunc
1248 1784 1347 1850 habet
1369 1785 1459 1850 loeus
1482 1787 1553 1872 ipse
1576 1785 1634 1851 ubi
1657 1785 1862 1851 aedificanda
1885 1799 1934 1851 est
1957 1799 1989 1851 et
2007 1809 2091 1874 quae
2112 1787 2183 1851 deo

520 1895 650 1959 volente
674 1895 708 1958 in
732 1894 873 1958 futurum
897 1904 972 1957 sunt
996 1891 1203 1973 conferenda,
1234 1903 1345 1956 nostra
1375 1893 1567 1958 auctoritate
1591 1894 1856 1958 confirmaremus
1880 1905 1912 1959 et
1935 1893 2037 1980 regali
2059 1895 2183 1980 vigore

521 1999 814 2066 corroboraremus.
861 2000 929 2064 Nos
952 2022 1031 2064 vero
1062 1999 1170 2063 tant0¹
1203 2020 1313 2063 amore
1347 1997 1441 2063 nobis
1471 2022 1639 2064 connexae
1666 2001 1800 2086 reginae
1827 1999 1960 2087 dignam
1985 2024 2051 2065 non
2080 2002 2183 2087 parvi

520 2108 702 2195 pendentes
718 2107 923 2172 dilectionem
940 2128 979 2171 ac
995 2105 1155 2192 praedicti
1171 2104 1299 2170 abbatis
1315 2107 1404 2192 piam
1425 2105 1708 2193 supplicationem¹
1727 2109 1893 2194 nostrique
1910 2119 2012 2172 status
2028 2119 2061 2172 et
2075 2108 2182 2172 totius
2202 2134 2230 2173 rs

520 2215 654 2279 Italicim
670 2215 771 2279 nostri
790 2213 936 2303 [regni]¹¹¹
952 2212 1088 2277 salutem
1104 2235 1164 2299 per
1179 2213 1241 2277 hoc
1257 2235 1412 2299 praesens
1429 2225 1642 2300 praeceptum
1661 2228 1694 2279 et
1711 2213 1807 2278 buius
1825 2225 1956 2279 nostrae
1973 2215 2182 2279 auctoritatis

521 2321 798 2387 confirmationem
822 2321 963 2385 futuram
985 2320 1020 2382 in
1043 2318 1125 2399 loco,
1150 2321 1207 2405 qui
1231 2319 1272 2383 ab
1296 2319 1410 2384 incolis
1434 2319 1617 2406 appellatur
1638 2321 1842 2403 Fructuaria,
1866 2322 1900 2385 in
1924 2322 2079 2386 comitatu
2099 2321 2181 2407 Ipo-

521 2430 644 2492 riensi¹²
665 2428 750 2492 inter
772 2427 854 2491 duos
877 2426 1005 2507 fluvios,
1029 2448 1167 2513 quorum
1190 2449 1274 2490 unus
1294 2427 1381 2492 Orco
1405 2438 1438 2491 et
1460 2426 1542 2491 alter
1565 2427 1685 2492 dicitur
1702 2428 1853 2508 Amalon,
1877 2426 2043 2493 abbatiam
2063 2429 2098 2492 in
2118 2427 2179 2493 ho·

521 2546 656 2600 norem⁰
686 2533 803 2599 beatae
834 2534 970 2620 virginis
993 2533 1141 2597 Messes
1165 2544 1285 2619 supraq
1313 2534 1426 2620 scripti
1450 2532 1602 2598 abbatistl
1625 2534 1874 2599 construendam
1901 2534 2073 2600 devotione
2097 2557 2178 2599 cum

519 2642 711 2707 adiacentiis
736 2654 768 2706 et
790 2641 994 2727 pertiuentiis
1019 2640 1095 2722 suis,
1120 2662 1204 2725 quae
1227 2640 1290 2725 ipsi
1314 2639 1385 2704 loco
1416 2641 1580 2727 pertinent
1603 2640 1655 2705 vel
1679 2663 1762 2728 quae
1789 2643 1824 2704 in
1853 2652 2017 2728 posterum
2040 2641 2175 2706 volente
2194 2668 2225 2707 aa

519 2749 581 2814 deo
605 2773 625 2813 a
647 2747 741 2814 nobis
764 2747 817 2813 vel
844 2748 885 2812 ab
909 2748 982 2834 ipsa
1004 2748 1119 2832 regina
1142 2747 1212 2811 sive
1240 2770 1260 2810 a
1283 2745 1564 2834 quibuscumquer
1588 2747 1732 2834 legitime
1757 2748 1972 2812 condonanda
1994 2759 2069 2812 sunt
2091 2748 2174 2812 fide·

518 2855 614 2939 libus,
639 2879 713 2921 cum
737 2856 841 2919 servis
860 2866 893 2919 et
911 2854 1037 2919 ancillis
1057 2851 1241 2918 aldionibus
1260 2866 1292 2917 et
1310 2853 1505 2935 aldianibus,
1529 2878 1603 2920 eum
1622 2856 1707 2919 casis
1726 2853 1871 2920 curtibus
1889 2856 2004 2920 castris
2023 2855 2175 2920 ecclesiis

519 2963 653 3051 capellis
684 2962 842 3027 aedificiis
872 2963 997 3048 campis
1027 2961 1132 3025 vineis
1162 2961 1263 3046 pratis
1292 2962 1424 3047 pascuis
1454 2960 1566 3025 silvis·
1591 2961 1742 3026 stallariis
1772 2960 1908 3026 saltibus
1935 2961 2175 3049 piscationibus

518 3070 712 3135 molendinis
728 3070 821 3155 aquis
838 3073 1079 3156 aquarumquet
1095 3066 1307 3132 decursibus¹¹
1322 3066 1485 3132 montibus
1500 3068 1639 3133 vallibus
1652 3067 1850 3155 planitiebus
1865 3079 1898 3133 et
1912 3067 2071 3149 omnibus,
2085 3091 2174 3155 quae

519 3177 586 3242 dici
604 3176 657 3241 vel
680 3176 840 3240 nominari
864 3173 974 3239 verbis
998 3186 1030 3238 et
1052 3174 1154 3239 literis
1178 3174 1433 3260 comprehendiv
1448 3188 1593 3261 possunt,
1618 3174 1845 3240 confirmamus
1863 3187 1896 3240 et
1911 3173 2173 3257 corroboramus,
2193 3202 2222 3244 as

520 3306 560 3349 ea
571 3282 726 3347 videlicet
736 3284 861 3346 ratione
874 3292 910 3346 ut
921 3283 990 3368 ipse
1000 3280 1215 3345 Willielmusl
1227 3280 1329 3345 abbas
1342 3280 1463 3346 Christi
1475 3282 1652 3369 opitulante
1664 3283 1770 3368 gratia
1781 3283 1921 3369 piaeque
1934 3282 2003 3346 eius
2015 3293 2174 3346 sauctaew

519 3390 632 3454 matris
663 3387 972 3475 incomparabilibus
995 3389 1119 3452 meritis
1142 3387 1270 3451 fidelis¹
1293 3388 1335 3452 sit
1358 3388 1564 3476 dispensator
1591 3400 1623 3453 et
1645 3400 1762 3470 rector,
1794 3400 1954 3476 quatenus
1977 3386 2019 3453 ab
2043 3410 2082 3453 eo
2106 3400 2176 3453 eu>¹

520 3496 632 3560 divina
647 3495 820 3560 clementia
835 3506 967 3559 sanctae
983 3494 1150 3580 religionis
1167 3496 1404 3559 constituantur
1420 3508 1452 3560 et
1465 3495 1655 3560 ordinentur
1668 3495 1795 3578 fratres,
1814 3497 1869 3582 qui
1884 3495 2062 3560 secundum
2076 3517 2176 3581 regu·

519 3603 619 3667 larem
635 3625 782 3667 normam
799 3601 861 3667 deo
877 3603 1056 3666 servientes
1075 3601 1117 3665 ad
1138 3614 1282 3666 nostram
1298 3604 1530 3688 omniumque*
1549 3601 1694 3667 fidelium
1710 3603 1881 3667 vivorum¹
1898 3612 1931 3667 et
1946 3602 2175 3667 defunctorum

520 3709 657 3774 salutem
673 3709 836 3796 supplices
853 3708 1021 3774 effundant
1036 3731 1162 3795 preces.
1199 3709 1263 3790 Qui
1273 3719 1288 3747 ⁸
1303 3720 1407 3773 morte
1422 3719 1619 3795 praeventus
1635 3708 1669 3773 id
1685 3710 1712 3772 si
1728 3708 1887 3796 implere⁸
1902 3710 2096 3795 nequiverit,
2113 3732 2176 3795 per
2194 3740 2224 3779 ω

521 3816 791 3903 qualemcumque
815 3814 962 3881 eiusdem
979 3814 1147 3901 religionis
1166 3817 1271 3879 virum
1294 3826 1444 3902 coeptum
1463 3825 1531 3909 tam
1548 3813 1670 3879 bonum
1689 3815 1898 3880 concedimus
1916 3815 2083 3902 perficere,
2108 3838 2175 3902 quo

520 3923 716 3987 nullomodo
729 3923 846 4004 desint,
863 3924 919 4009 qui
931 3921 1110 3986 secundum
1123 3920 1210 3986 beati
1222 3922 1394 3986 Benedicti
1409 3921 1557 4008 regulam
1574 3923 1639 3986 iam
1651 3922 1818 4008 praedicto
1830 3923 1865 3985 in
1876 3921 1948 3986 loco
1959 3921 2175 3987 Fructuarial'

521 4030 604 4095 deo⁰
624 4029 762 4094 militent
780 4028 930 4094 abbatis⁰
950 4029 1097 4116 imperio.
1136 4029 1209 4093 Hoc
1230 4038 1339 4092 autem
1357 4040 1393 4093 ut
1412 4030 1557 4093 securius
1576 4041 1609 4093 et
1632 4028 1766 4093 liberius
1788 4028 1855 4109 fiat,
1879 4028 2006 4093 seclusa
2028 4030 2174 4094 omnium

521 4136 711 4202 clericorum
731 4136 975 4223 laicorumquel
990 4146 1150 4222 potestate
1169 4147 1327 4222 perpetuo
1336 4146 1360 4217 ⁰,
1380 4147 1413 4200 et
1432 4147 1467 4200 ut
1485 4137 1664 4200 simoniaca
1681 4134 1826 4199 haeresis
1842 4133 1895 4199 vel
1913 4133 2042 4221 abipso
2058 4136 2175 4221 procul

520 4243 660 4330 pellatur
674 4243 756 4325 loco,
776 4267 835 4329 per
850 4244 945 4307 huius
962 4243 1130 4329 praecepti
1147 4243 1249 4306 nostri
1265 4242 1517 4307 contradicimus
1533 4243 1759 4307 auctoritatem
1774 4264 1904 4306 omnem
1919 4240 2102 4307 donationis
2119 4242 2174 4307 vel
2193 4271 2221 4311 aa

521 4349 712 4415 ambitiosae
735 4350 944 4436 praelationis
964 4349 1180 4431 occasionem,
1204 4348 1290 4413 unde
1311 4350 1403 4436 quasi
1424 4348 1484 4413 sub
1506 4348 1640 4414 obtentu
1659 4347 1872 4413 ecclesiastici
1891 4347 2013 4412 ordinis
2031 4348 2174 4435 plurima

521 4457 674 4521 videntur
689 4457 854 4522 destructa
869 4457 1076 4521 monasteria.
1115 4454 1260 4543 Ideoque
1280 4455 1478 4521 consulendo
1498 4457 1604 4542 potius
1628 4478 1725 4542 quam
1748 4454 1937 4542 imperando
1962 4466 1994 4519 et
2011 4456 2174 4542 impietati

627 4724 655 4777 s.
682 4721 917 4792 [Bloch-Cipolla]
955 4726 982 4789 a)
1001 4722 1147 4776 clementia
1169 4724 1194 4775 Τ
1263 4723 1292 4789 b)
1313 4723 1381 4787 fehlt
1400 4726 1429 4775 ia
1450 4723 1475 4774 T
1544 4723 1570 4791 c)
1590 4721 1698 4791 publice
1716 4723 1740 4775 R
1811 4721 1841 4790 d)
1862 4728 1942 4775 et-
1961 4721 2087 4776 examine
2104 4724 2174 4787 fehlt

681 4798 711 4846 a'n
728 4795 753 4846 Τ
829 4798 856 4857 e)
879 4795 915 4860 Τ,·
933 4794 1052 4847 maxime
1069 4795 1120 4847 BR
1199 4794 1225 4861 l)
1248 4795 1288 4860 B,·
1310 4795 1425 4858 schitia
1445 4795 1483 4859 B,·
1506 4811 1612 4847 annexa
1630 4800 1659 4847 et
1677 4811 1756 4847 couu.
1773 4795 1799 4845 Τ
1874 4798 1903 4875 g)
1928 4795 1963 4860 T,·
1988 4795 2053 4858 fehlt
2071 4798 2101 4846 ia
2121 4796 2173 4847 BR

681 4865 710 4929 h)
731 4867 771 4931 R,·
789 4865 962 4934 veridicaque
980 4867 1018 4927 B,·
1037 4866 1103 4929 fehlt
1122 4869 1152 4917 in
1172 4867 1197 4918 Τ
1254 4866 1274 4931 i)
1296 4865 1406 4918 solertia
1425 4872 1477 4924 etc,
1494 4867 1524 4933 T,
1543 4882 1582 4919 too
1599 4866 1656 4918 aaa
1673 4873 1727 4918 crat
1745 4882 1794 4918 voa
1811 4865 1937 4918 omnibus
1955 4867 1996 4929 (S.
2010 4869 2061 4918 713
2079 4868 2111 4921 Z.
2124 4870 2173 4925 13)
2191 4886 2220 4925 aa

680 4954 717 4990 an
735 4939 831 4988 winter
849 4940 892 4989 eia
910 4938 1079 4990 Brrrchstack
1096 4938 1177 5002 findet
1231 4936 1259 5003 Ιι)
1280 4936 1436 4990 Willelmus
1453 4938 1478 4989 R
1536 4937 1556 5004 l)
1580 4940 1684 4989 tantam
1703 4941 1796 4990 tantae
1814 4941 1908 4990 nostro
1927 4936 2014 4990 amori
2031 4954 2173 4991 connexae

680 5008 791 5077 reginae
810 5007 976 5076 dignamque
1001 5026 1057 5061 nou
1074 5009 1152 5077 parvi
1172 5008 1322 5077 pandentes
1341 5007 1516 5061 dilectionem
1542 5025 1574 5061 ac
1598 5007 1731 5076 praedicti
1755 5007 1862 5061 abbatis
1886 5007 2113 5076 supplicationem
2134 5009 2172 5077 33

681 5085 758 5132 tanto
778 5097 870 5133 amore
888 5086 998 5132 nostrae
1023 5096 1162 5133 connexas
1188 5080 1298 5148 reginae
1325 5079 1435 5147 dignam
1458 5096 1567 5148 semper
1584 5078 1773 5147 impendentes
1791 5077 1967 5132 dilectionem
1985 5079 2020 5132 ad
2038 5078 2172 5148 praedicti

681 5150 787 5204 abbatis
799 5150 932 5204 Willelmi
950 5150 1024 5220 piam
1045 5151 1270 5219 supplicationem
1289 5152 1326 5219 123
1344 5151 1387 5203 die
1403 5151 1479 5204 Solle
1496 5168 1556 5203 soar
1573 5151 1693 5217 offmbar
1710 5151 1791 5204 salton
1809 5154 1839 5203 in
1856 5152 1906 5203 der
1921 5151 2035 5218 Varlaqa
2052 5167 2102 5203 voa
2121 5152 2173 5204 BR

681 5224 808 5287 maeror,
826 5223 885 5274 uad
901 5239 996 5276 anam
1014 5224 1184 5288 llerstellunp
1201 5224 1247 5274 des
1267 5223 1361 5275 Teates
1379 5222 1454 5273 baia
1472 5223 1557 5274 deber
1574 5223 1700 5274 umber
1746 5224 1786 5289 m)
1806 5220 1904 5275 Italiae
1922 5222 2041 5275 nationis
2058 5222 2106 5277 sal.
2121 5223 2173 5275 BR
2190 5240 2218 5279 ts

681 5296 710 5363 n)
730 5292 884 5362 Ipporiensi
902 5294 927 5345 B
988 5294 1017 5362 ο)
1035 5295 1073 5353 Rs
1091 5294 1195 5347 honore
1211 5295 1251 5354 Bt
1269 5295 1319 5360 091.
1335 5293 1398 5346 oben
1416 5294 1448 5348 Z.
1463 5297 1498 5345 10
1557 5296 1586 5360 p)
1608 5292 1678 5348 Mar.
1697 5292 1766 5362 virg.
1783 5294 1810 5345 R
1871 5297 1900 5364 q)
1920 5294 2010 5349 sancti
2027 5292 2172 5347 Benedicti

681 5365 787 5417 abbatis
805 5370 904 5419 constr.
919 5366 959 5427 R,·
977 5366 1044 5417 ascl»
1063 5367 1122 5417 hier
1141 5369 1175 5418 iat
1193 5365 1235 5417 da
1247 5366 1353 5431 Leaunq
1369 5365 1441 5417 nicht
1456 5365 1557 5426 ar'chm
1575 5365 1700 5417 eremesa
1716 5367 1752 5417 iet
1767 5381 1850 5434 supra
1866 5364 1931 5417 dieti
1947 5382 1982 5416 aa
1998 5365 2169 5430 msam,

681 5453 789 5489 weram
806 5436 893 5489 sancti
906 5435 1048 5489 Benedicti
1063 5437 1181 5489 verderbt
1197 5439 1253 5489 acin
1272 5437 1368 5487 Ιεϋπιιω
1422 5440 1446 5503 ι)
1467 5436 1594 5488 dalriater
1606 5439 1637 5487 a'n
1650 5437 1675 5487 R
1686 5437 1823 5488 „oramate
1834 5436 1943 5489 volente
1955 5434 2007 5489 deo
2020 5436 2171 5489 masos

682 5510 706 5573 s)
725 5507 847 5576 sylvisB
927 5508 948 5573 t)
966 5525 1098 5575 aquarum
1116 5510 1142 5560 R
1210 5512 1238 5574 u)
1261 5507 1388 5560 ductibus
1407 5508 1438 5571 R,
1464 5525 1520 5561 roua
1544 5508 1613 5559 malt
1638 5508 1673 5562 D.
1686 5511 1721 5559 10
1745 5508 1870 5561 videam
1895 5508 1994 5575 ricbtiq
2017 5511 2074 5561 aeia
2099 5525 2169 5575 may,

681 5581 747 5631 doch
772 5580 823 5645 aql.
849 5578 1008 5632 decursibus
1033 5583 1063 5631 ia
1089 5581 1154 5634 [λδ
1239 5582 1267 5643 ν)
1292 5578 1451 5648 comprendi
1469 5579 1494 5631 Β
1577 5583 1613 5646 w)
1642 5582 1733 5631 castae
1750 5578 1775 5630 B
1857 5582 1886 5645 x)
1913 5594 1981 5633 mer.
2004 5578 2068 5632 hinc
2091 5579 2128 5632 ait
2145 5580 2171 5633 B
2190 5596 2218 5636 to

681 5651 869 5788 {idisti
886 5654 915 5702 ‘”
930 5652 960 5787 l
976 5651 1202 5776 suddit
1221 5649 1692 5787 fidil⁰ls⁰ll'lllls⁸msail
1705 5649 1834 5790 ffl
1853 5650 2171 5790 mqqffiqq

683 5795 708 5857 e)
727 5798 859 5860 perpetua
876 5795 902 5846 R

2360 856 2370 915 l
