4804 6498
547 448 609 511 142
1143 454 1602 513 KAISERURKUNDEN.

649 648 732 720 (C.)⁸
762 640 801 704 In
824 642 954 705 nomine
979 654 1091 706 sancte
1123 654 1155 706 et
1185 641 1353 706 individue
1383 642 1567 706 trinitatis.b
1619 642 1793 707 Heimicns
1824 641 1936 706 divina
1965 642 2095 708 favente
2126 644 2191 709 cle·

541 749 664 811 mentia
685 769 755 812 rex.
847 746 949 812 Nobis
965 747 1169 834 profuturum
1193 760 1224 812 et
1248 749 1291 812 ad
1314 749 1414 813 vitam
1430 760 1613 835 presentem
1638 747 1881 834 transigendam
1905 748 2003 813 etad
2026 750 2188 815 futurame

540 851 680 918 feliciter
702 853 911 918 obtinendam
942 854 1105 919 credimus
1136 868 1168 919 et
1198 857 1327 938 scimus,
1359 857 1386 919 si
1417 855 1596 920 secundum
1619 854 1764 919 fidelium
1790 866 1972 920 nostrorum
2002 856 2103 920 iustas
2132 879 2188 943 pe·

541 960 677 1024 11616666
701 961 940 1025 ecclesiasticas
970 961 1141 1026 facultates
1171 974 1204 1025 ct
1227 985 1247 1026 a
1270 964 1427 1048 cuiusque
1458 964 1627 1049 potestatis
1654 962 1825 1027 iudiciaria
1848 961 2049 1028 districtione
2072 962 2188 1028 libera·

540 1068 683 1131 verimus
703 1077 735 1131 et
749 1066 905 1132 liberatas
921 1069 1239 1153 augmentaverimus
1260 1080 1292 1132 et
1310 1080 1534 1154 augmentatas
1554 1068 1674 1154 regalis
1689 1071 1834 1155 precepti
1854 1070 2030 1133 munimine
2050 1069 2188 1134 tuendas
2211 1092 2227 1132 s

540 1195 612 1237 6666
643 1173 891 1238 firmaverimus.
946 1174 1153 1261 Quapropter
1183 1186 1293 1239 notum
1324 1197 1395 1239 esse
1426 1175 1574 1239 volumus
1604 1173 1755 1240 omnibus
1789 1176 1907 1239 nostris
1941 1175 2090 1241 fidelibus
2120 1188 2187 1241 tam

539 1279 654 1344 161616
674 1303 771 1366 quam
787 1279 1004 1367 presentibus,
1021 1282 1098 1368 quia
1114 1283 1165 1345 vir
1179 1295 1344 1346 venerabilis
1368 1297 1508 1347 Nutkurus
1527 1282 1729 1368 Tungreusis
1745 1305 1803 1346 seu
1822 1297 2008 1347 1661166616
2026 1283 2188 1348 ecclesie*¹

540 1403 685 1467 episcopus
705 1401 869 1465 quoddam
886 1409 1065 1467 preceptum
1085 1405 1185 1453 nostris
1203 1401 1304 1452 obtulit
1320 1404 1471 1461 obtutibus,
1488 1403 1581 1469 quod
1601 1402 1670 1453 erat
1686 1388 1820 1454 secundi
1838 1389 1967 1454 01101118
1983 1390 2187 1476 imperatoris

539 1504 572 1557 et
595 1495 830 1579 consanguinei
853 1496 955 1557 nostri
979 1507 1010 1557 et
1034 1517 1132 1558 manu
1154 1495 1316 1559 firmatum
1341 1508 1373 1560 et
1396 1495 1501 1581 sigillo
1526 1496 1699 1581 signatum,
1729 1497 1764 1559 in
1794 1519 1858 1582 quo
1889 1494 2068 1576 dicebatur,
2099 1497 2187 1582 quod

538 1624 603 1664 non
629 1600 731 1664 solum
755 1602 825 1691 ipse
850 1612 882 1665 et
901 1624 999 1681 puter
1018 1624 1105 1681 suus,
1130 1603 1253 1688 primus
1269 1601 1423 1667 videlicet
1442 1617 1528 1667 Otto
1554 1619 1723 1683 imperator
1744 1604 1864 1667 virtute
1895 1616 1927 1667 et
1956 1604 2096 1684 nomine,
2127 1603 2187 1667 sed
2206 1624 2235 1663 ro

539 1706 594 1771 eid
617 1728 824 1771 antecessores
852 1729 962 1771 eorum
986 1738 1083 1787 reges
1103 1707 1228 1772 seilicet
1247 1724 1414 1773 Francorum
1440 1723 1591 1788 Pipinus,
1612 1723 1766 1782 Karolus,
1786 1725 2000 1782 Luuewiuusa
2019 1724 2186 1773 Iaotharius

539 1834 567 1877 ut
586 1829 651 1878 item
670 1826 808 1878 Karalus
832 1824 865 1877 et
893 1814 989 1878 etiam
1018 1815 1118 1878 ceteri
1142 1837 1237 1900 reges
1261 1828 1484 1879 antecessores
1513 1828 1543 1880 et
1572 1838 1777 1881 successores
1801 1838 1912 1880 corum
1935 1815 2043 1880 eidem
2068 1829 2185 1881 66616616

539 1941 634 1985 sanctu
653 1934 740 1985 Muris
760 1940 787 1984 ut
806 1936 894 1985 suncti
914 1935 1060 1994 Lamberti,
1085 1922 1137 1985 cui
1158 1934 1290 1986 auctore
1310 1922 1371 1986 deo
1390 1922 1477 1986 idem
1497 1924 1669 2009 episcopus
1688 1934 1806 2009 preest,
1829 1944 1889 2009 per
1909 1923 2108 1986 auctoritatis
2128 1945 2186 1987 sue

539 2037 695 2114 precepta
720 2041 973 2101 contulerant,
998 2039 1033 2091 ut
1055 2038 1088 2092 61
1110 2029 1182 2114 ipsa
1213 2040 1244 2092 et
1268 2051 1324 2092 sue
1348 2029 1536 2115 appenditie
1552 2068 1595 2076 —
1612 2052 1675 2115 que
1699 2042 1773 2093 sunt
1789 2028 1942 2093 videlicet
1958 2044 2072 2094 Lobiiu
2097 2042 2129 2093 ct
2151 2030 2186 2092 in

538 2132 609 2198 loco
633 2135 689 2221 qui
708 2133 827 2198 dicitur
847 2133 889 2198 ad
911 2145 1058 2199 sanetum
1077 2133 1271 2211 Hubertum,
1290 2134 1420 2215 Bronio,
1442 2134 1630 2207 Gembluos,
1654 2151 1781 2209 Possis,
1801 2137 1834 2199 in
1853 2134 2006 2215 11616616,
2026 2135 2184 2211 Namuco,
2204 2157 2231 2196 us

538 2240 737 2323 Dionanto‘,
762 2239 949 2321 Oeunacoss,
975 2240 1075 2323 Cella,
1093 2257 1246 2321 Tungris,
1266 2251 1390 2315 Huioh,
1409 2243 1572 2313 Treiecto,
1593 2252 1755 2307 1166611666ἱ
1782 2242 1833 2306 vel
1857 2243 1891 2305 in
1915 2258 2026 2306 ueteris
2051 2255 2130 2305 16616
2151 2279 2184 2290 -

538 2377 600 2412 cum
626 2362 753 2412 omnibns
777 2362 858 2411 rebus
884 2348 935 2412 vel
959 2363 1113 2413 hominibus
1140 2364 1175 2413 ad
1199 2372 1233 2413 se
1258 2366 1457 2430 pertinentibus
1485 2348 1588 2414 libere
1611 2373 1671 2436 per
1693 2372 1728 2413 se
1752 2365 1949 2414 consisterent
1975 2361 2007 2413 et
2029 2347 2072 2413 111)
2097 2351 2185 2414 omni

537 2453 763 2540 inquietudine
786 2453 955 2518 iudiciaria
979 2456 1149 2540 potestatis
1172 2455 1306 2519 defense
1335 2467 1367 2520 et
1390 2479 1504 2521 secure
1528 2468 1705 2521 manerent.
1758 2456 1866 2520 Huius
1896 2456 2079 2519 securitatis
2108 2478 2184 2520 auc·

537 2562 699 2625 toritatem
723 2563 770 2624 sic
795 2559 837 2624 ab
861 2560 1123 2626 antecessoribus
1147 2564 1264 2626 uostris
1287 2563 1525 2649 promulgatam
1547 2575 1583 2627 ut
1607 2562 1649 2627 ob
1673 2585 1814 2627 amorem
1840 2561 1893 2626 dei
1913 2574 1945 2626 et
1966 2562 2184 2626 reverentiam

536 2667 682 2732 eiusdem
714 2667 852 2732 ecclesie
883 2690 1034 2731 assensus
1065 2670 1166 2733 nostri
1196 2669 1379 2733 adiectione
1414 2670 1630 2749 firmaremus,
1665 2670 1759 2756 petiit
1793 2667 1958 2755 predictus
1986 2667 2184 2732 venerabilis
2202 2686 2231 2725 ¹⁰

537 2776 720 2861 episcopus.
763 2772 864 2838 Cuius
888 2776 971 2838 iuste
996 2787 1028 2838 et
1051 2773 1235 2840 rationabili
1259 2777 1412 2861 peticioni
1437 2799 1547 2840 aurem
1567 2774 1706 2839 libenter
1724 2774 2041 2840 accommodavimus
2066 2788 2098 2839 et
2120 2775 2183 2839 hoc

535 2892 645 2945 nostre
668 2883 870 2945 auctoritatis
894 2892 1083 2967 preceptum
1111 2904 1189 2966 erga
1220 2884 1323 2968 ipsam
1348 2882 1520 2946 ecclesiam
1543 2883 1688 2946 tuitionis
1721 2882 1827 2967 gratia
1855 2903 1915 2967 pro
1946 2881 2047 2944 divini
2078 2881 2183 2945 cultus

536 3009 645 3051 amore
670 2999 702 3051 et
725 2989 832 3051 anime
857 3000 965 3068 nostre
989 2988 1090 3053 salute
1114 2989 1185 3056 lieri
1208 2987 1422 3069 decrevimus,
1453 3011 1513 3075 per
1535 2988 1623 3074 quod
1646 2988 1828 3052 firmissime
1852 2985 2010 3069 iubemus,
2033 2998 2070 3051 ut
2092 2987 2183 3051 dein·

537 3115 614 3179 ceps
637 3105 730 3157 nullus
750 3123 850 3165 comes,
874 3107 966 3158 nuilus
985 3110 1077 3167 iudex,
1103 3109 1155 3158 nisi
1182 3110 1227 3158 cui
1247 3110 1393 3175 episcopus
1418 3111 1596 3169 commiserit,
1620 3096 1653 3158 in
1677 3094 1825 3182 predicta
1847 3107 1909 3157 loca
1926 3093 1980 3158 Vel
2006 3095 2041 3158 ln
2071 3116 2183 3158 eorum

536 3200 710 3281 territoria,
742 3230 795 3279 que
823 3202 857 3264 in
885 3199 1084 3287 quibuslibet
1112 3202 1205 3287 pagis
1232 3201 1318 3264 infra
1340 3203 1432 3287 regni
1456 3202 1556 3266 nostri
1581 3201 1735 3265 didonem
1759 3214 1792 3265 et
1814 3231 1886 3266 nuuc
1910 3208 2063 3265 habenturk
2087 3214 2120 3265 et
2149 3202 2183 3265 in
2201 3218 2229 3258 11

535 3306 643 3370 futuro
667 3320 791 3372 habenda
816 3328 888 3380 sunt,
908 3307 950 3371 611
974 3330 1089 3372 causas
1112 3306 1292 3371 audiendas
1316 3307 1368 3371 vel
1392 3308 1434 3371 ad
1457 3322 1534 3372 freda
1553 3328 1601 3372 aut
1619 3324 1729 3373 banna
1749 3328 1797 3371 aut
1821 3322 1925 3373 tributa
1944 3328 1992 3373 ant
2010 3321 2044 3372 (16
2063 3323 2182 3373 statione

536 3427 646 3476 nuvium
670 3412 723 3476 vel
746 3412 786 3476 de
811 3413 955 3500 qualibet
978 3414 1042 3479 alia
1065 3437 1101 3478 re
1120 3427 1230 3479 (616666
1254 3429 1408 3495 exigenda
1427 3427 1483 3479 aut
1506 3413 1549 3478 ad
1570 3415 1679 3500 aliqua
1702 3414 1913 3479 districtionis
1939 3414 2076 3500 negocia
2098 3444 2182 3494 super

535 3518 682 3583 homines
705 3531 772 3583 tam
795 3521 953 3606 ingenuos
977 3544 1073 3607 quam
1099 3544 1210 3585 servos
1234 3523 1268 3584 in
1292 3523 1338 3584 eis
1362 3534 1531 3586 manentes
1558 3536 1730 3586 exercenda
1755 3522 1872 3585 nostris
1901 3532 1934 3584 et
1961 3520 2078 3584 futuris
2101 3534 2181 3585 tem·

535 3623 668 3712 poribus
691 3626 818 3712 ingredi
841 3642 942 3691 audeat
971 3628 1024 3691 vel
1048 3629 1223 3714 quicquam
1247 3629 1279 3691 in
1306 3629 1353 3691 eis
1379 3640 1492 3692 contra
1509 3627 1709 3692 voluntatem
1729 3628 1874 3714 episcopi
1893 3648 2181 3714 successorumque

536 3734 605 3796 eius
636 3744 828 3819 attemptare
859 3734 987 3815 audeat,
1023 3732 1082 3798 sed
1116 3736 1177 3821 ipsi
1212 3734 1334 3820 presuli
1369 3733 1676 3819 successoribusque
1711 3735 1777 3797 suis
1809 3746 1841 3797 et
1873 3755 1958 3797 nuno
1989 3744 2021 3797 et
2053 3756 2183 3821 semper
2200 3756 2227 3796 so

534 3839 631 3904 liceat
654 3862 706 3904 res
730 3839 875 3927 predicte
900 3840 1037 3905 ecclesie
1069 3851 1101 3904 et
1131 3840 1178 3904 illi
1205 3839 1408 3905 subditarum
1439 3839 1499 3905 sub
1530 3841 1674 3905 untionis
1703 3852 1800 3927 atque
1831 3841 2042 3904 immunitatis
2071 3852 2180 3904 nostre

534 3945 734 4028 defensione,
757 3958 881 4011 remota
904 3949 1001 4012 totins
1024 3947 1194 4011 iudiciaria
1217 3949 1385 4034 potestatis
1409 3947 1643 4034 inquietudine,
1674 3949 1800 4034 quietas
1825 3946 1991 4033 possidere
2016 3957 2049 4011 et
2070 3960 2180 4011 nostro

533 4054 669 4140 imperio
692 4053 851 4118 fideliter¹
877 4076 993 4139 parcre
1017 4067 1114 4140 atque
1138 4076 1197 4139 pro
1221 4053 1441 4118 incolumitate
1465 4055 1565 4119 nostri
1595 4067 1627 4118 et
1651 4065 1759 4118 nostre
1788 4054 1934 4139 coniugis
1958 4066 1991 4118 et
2012 4077 2071 4139 pro
2095 4064 2180 4118 statu

534 4182 573 4224 66
597 4159 807 4224 diuturnitate
840 4161 934 4246 regni
963 4161 1065 4225 nostri
1094 4183 1159 4224 666
1190 4183 1265 4225 curn
1294 4160 1380 4225 clero
1409 4172 1441 4225 et
1471 4160 1590 4247 populo
1621 4158 1684 4224 sibi
1714 4159 1860 4224 subiecto
1892 4160 2096 4224 clementiam
2127 4159 2181 4227 dei

533 4268 651 4353 iugiter
680 4289 827 4349 exorare,
859 4278 891 4332 et
914 4266 1071 4354 quicquid
1101 4266 1142 4331 de
1171 4267 1306 4353 prefatis
1336 4265 1433 4331 rebus
1464 4267 1675 4331 ecclesiarum
1705 4268 1755 4331 ius
1786 4267 1857 4331 lisci
1887 4268 2020 4352 exigere
2043 4278 2179 4353 poterat,
2199 4290 2226 4330 as

533 4373 679 4459 predicte
715 4373 852 4438 ecclesie
889 4387 984 4455 esset,
1020 4384 1055 4438 ut
1089 4373 1243 4461 deinceps
1279 4373 1321 4437 ad
1354 4373 1578 4459 peragendum
1613 4373 1666 4438 dei
1700 4375 1870 4437 servitium
1904 4384 2112 4459 augmentum
2148 4388 2180 4438 61

534 4478 793 4566 supplementum
816 4480 882 4545 1161
921 4496 1036 4545 Huius
1061 4482 1171 4566 itaque
1187 4481 1334 4567 precepti
1357 4496 1559 4553 auctoritatum,
1579 4490 1615 4544 ut
1637 4480 1693 4543 ind
1716 4482 1845 4544 nomine
1869 4481 1981 4567 ipsius,
2006 4480 2062 4566 qui
2085 4478 2179 4545 nobis

533 4585 736 4672 precipiendi
761 4589 922 4652 concessit
949 4598 1153 4674 potestatem,
1183 4586 1362 4673 pleniorem
1390 4584 1535 4650 obtineat
1558 4588 1704 4671 vigorem
1730 4586 1816 4675 [61]ιιι
1845 4609 1864 4650 a
1887 4585 2037 4651 fidelibus
2067 4598 2179 4652 sancte

533 4692 587 4757 dei
611 4692 747 4758 ecclesie
778 4716 817 4758 66
846 4695 965 4758 nostris
995 4693 1182 4780 diligentius
1213 4704 1434 4773 conservetur,
1459 4715 1486 4757 et
1505 4723 1586 4757 mauu
1606 4708 1716 4773 propriu
1735 4707 1900 4758 1166666666
1919 4714 1946 4758 ut
1972 4692 2069 4778 sigilli
2091 4708 2179 4757 nostru·

532 4816 710 4882 impressione
730 4817 832 4881 signari
852 4816 991 4865 iussimus.
2196 4825 2225 4865 16

638 4940 656 5031 ᾔ
679 4943 815 5029 Signum
839 4941 971 5007 domnin
994 4942 1144 5006 Heinrici
1167 4950 1230 5022 (M.)
1254 4944 1341 5027 regis
1363 4943 1578 5006 invictissimi.
1603 4939 1641 5029 {⁰

638 5082 849 5149 Eberhardus
873 5084 1088 5150 cancellarius
1111 5086 1206 5149 ricel’
1228 5084 1383 5170 Willigisi
1405 5083 1644 5170 archiepiscopi
1667 5085 1867 5169 recognovit.

639 5225 751 5291 Dataq
773 5240 839 5290 1111.
864 5225 936 5290 idus
961 5227 1041 5291 iunii
1065 5249 1149 5291 6666
1172 5226 1334 5291 dominice
1358 5227 1590 5291 incarnationis
1613 5242 1691 5309 MVI,
1715 5227 1892 5293 indictione
1915 5242 1966 5309 111,
1991 5251 2076 5293 6666
2099 5250 2177 5292 vero

533 5331 667 5397 (166611ι
690 5332 838 5397 Heinrici
862 5332 998 5398 secundi
1021 5335 1107 5419 regis
1131 5347 1171 5416 ν,
1203 5346 1311 5397 66166
1334 5333 1482 5417 Erstein3
1516 5333 1675 5398 feliciterr
1700 5358 1804 5399 amen.

604 5518 667 5575 115.
692 5518 932 5589 [Folm-Bresalau
980 5520 1140 5589 6))1111116
1160 5521 1183 5572 0
1251 5521 1280 5585 b)
1302 5518 1336 5572 In
1355 5520 1466 5573 nomine
1485 5524 1577 5572 sancte
1597 5525 1648 5575 etc.
1669 5522 1693 5574 Β
1764 5524 1789 5587 6)
1812 5520 1935 5573 futurum
1955 5522 2003 5574 ΒΟ
2065 5520 2094 5579 (1)
2110 5522 2178 5586 fehlt
2196 5530 2224 5570 11

691 5594 721 5643 in
740 5592 764 5644 Β
840 5594 866 5657 6)
887 5590 911 5644 L
949 5591 1048 5644 ewicus
1067 5591 1092 5643 Β
1174 5590 1197 5657 f)
1218 5590 1364 5658 Dyonanto
1384 5593 1407 5644 Ο
1474 5596 1502 5661 g)
1523 5593 1577 5658 ΒΟ,
1597 5608 1636 5644 sco
1653 5593 1716 5644 uber
1734 5591 1948 5646 6661066666
1971 5594 2035 5646 66166·
2052 5591 2177 5647 (1666666

691 5664 791 5729 peltam
809 5664 913 5716 (6666166
931 5664 1027 5716 Manu
1088 5661 1117 5729 11)
1136 5659 1260 5730 HoyoC
1321 5663 1341 5729 1)
1357 5660 1485 5715 Mailiuas
1504 5664 1529 5715 Β
1590 5663 1619 5727 k)
1640 5665 1712 5725 VK·
1733 5663 1836 5717 habent
1854 5664 1903 5716 ΒΟ
1965 5663 1985 5729 1)
2007 5665 2073 5729 fehlt
2091 5668 2120 5715 r'n
2138 5665 2178 5726 Β,·

690 5735 932 5801 6661166166ρωί16
951 5734 975 5787 Ο
1032 5735 1071 5797 6)
1092 5734 1158 5798 fehlt
1176 5737 1205 5787 in
1223 5735 1273 5787 ΒΟ
1332 5733 1482 5791 6)(166161
1501 5735 1524 5786 0
1584 5738 1611 5795 6)
1632 5737 1796 5802 (6611169616
1813 5736 1919 5799 Schm‘st
1936 5736 1984 5788 der
2001 5737 2178 5803 Sicamaess'le

690 5808 747 5858 aad
759 5806 798 5861 Μ.
811 5822 856 5857 om
869 5806 945 5859 116616
955 5805 1086 5860 dealba
1097 5808 1127 5856 s'n
1139 5806 1165 5857 Β
1218 5808 1247 5874 p)
1268 5803 1320 5857 vici
1333 5806 1358 5858 Β
1412 5808 1440 5872 q)
1462 5803 1517 5858 dat.
1531 5806 1580 5858 BC
1630 5810 1655 5873 r)
1675 5805 1793 5861 fideliter
1806 5808 1834 5873 Ο,
1853 5808 1937 5860 darer
1952 5809 1982 5858 s‘a
1994 5808 2044 5861 ΒΟ
2057 5806 2177 5876 explicit
