4760 6512
805 441 1042 500 HEINRIOH
1065 445 1103 501 11.
1145 443 1240 501 1013.

975 628 1069 717 269.

201 786 379 861 Heinrich
403 787 551 862 sehenlct
574 788 641 862 der
660 788 776 863 durch
794 787 1003 885 feiadliehe
1024 791 1194 889 Eiafr'r'lle
1215 792 1581 894 herahpeltommeaen
1601 793 1854 894 heschhflichen

199 906 337 980 Kirehe
369 933 414 980 aa
440 906 595 981 Meissea
626 908 724 982 sacha
752 906 985 1007 Ortschq‘tea
1019 912 1060 983 in
1095 911 1165 984 den
1201 909 1333 988 Genea
1358 912 1582 1005 Dalaminci,
1611 911 1749 989 Gudici
1774 915 1856 989 aad

198 1026 340 1100 Niseni.
1392 1060 1562 1132 aranas
1580 1062 1658 1121 1013
1676 1061 1742 1123 Just
1760 1063 1807 1122 19.

163 1251 177 1292 s
309 1236 554 1312 Originaldiplom
576 1238 617 1295 im
639 1237 668 1296 Ιι.
685 1236 799 1311 Haupt·
825 1237 882 1297 arrd
905 1237 1107 1298 Stautsurchiu
1129 1257 1164 1297 za
1187 1238 1320 1299 Drasdea
1345 1239 1417 1307 (A).

307 1379 430 1438 Albinus
447 1378 633 1439 Meissaische
650 1378 748 1439 Laru-
771 1380 830 1439 aad
847 1379 1063 1453 Berochroat'ea
1085 1381 1152 1440 433.
1171 1381 1231 1440 435
1253 1381 1301 1441 cit.
1322 1411 1365 1419 -
1385 1382 1512 1457 Kreysiy
1534 1382 1680 1458 Beytrdqe
1702 1383 1764 1454 1,1
1787 1372 1852 1442 ,61

309 1486 410 1544 aasrl
439 1487 493 1545 mit
514 1486 601 1545 XIII.
618 1487 680 1546 kal.
697 1505 770 1563 aug.
789 1516 830 1524 -
854 1487 965 1546 Kdlder
989 1486 1053 1547 01).
1077 1487 1217 1547 Dusatioe
1242 1505 1306 1562 sup.
1326 1489 1369 1547 ed.
1389 1488 1417 1547 I.
1438 1489 1506 1559 2‚7
1527 1490 1596 1548 ποθ
1617 1507 1671 1549 aas
1692 1488 1720 1548 A
1742 1511 1785 1536 =
1808 1491 1851 1551 ed.

306 1584 455 1663 H.1⁶,7
476 1595 552 1652 ⁷2⁰6.
576 1623 621 1632 —
646 1592 709 1653 OD.
730 1592 877 1653 Sasoaiae
898 1593 994 1669 regiae
1016 1593 1063 1664 H,
1088 1595 1116 1665 1,
1131 1595 1173 1654 24
1194 1596 1228 1653 a⁰
1243 1595 1281 1653 19
1303 1612 1357 1654 aas
1379 1596 1415 1654 A.
1440 1623 1483 1634 -
1509 1593 1573 1654 CD.
1592 1594 1740 1656 Swoaiae
1757 1597 1854 1672 regiae

307 1699 335 1769 I,
356 1700 385 1769 1,
400 1701 465 1758 286
486 1702 518 1759 πθ
530 1701 571 1759 62
592 1700 804 1775 uaoollstandip
826 1718 880 1759 aus
894 1701 930 1759 A.
955 1729 1000 1738 —
1022 1701 1149 1760 Bthmer
1171 1700 1243 1777 Rea.
1262 1702 1340 1763 1100
1362 1720 1397 1761 ru
1419 1701 1486 1762 Jali
1503 1704 1554 1763 20.
1576 1732 1620 1741 —
1643 1700 1767 1778 Sumpf
1780 1703 1851 1779 Res.

309 1807 397 1865 1585.

314 1949 446 2021 Versasst
468 1949 527 2009 aad
548 1951 724 2025 qmchhehea
746 1969 801 2009 voa
826 1950 892 2010 GB.

310 2126 374 2215 (C.)
397 2125 414 2216 3
436 2127 476 2191 In
499 2129 629 2192 nomine
653 2138 786 2192 sanctae
810 2140 843 2192 et
864 2127 1054 2193 individuae
1078 2129 1240 2193 trinitatis.
1287 2128 1463 2193 Heinricus
1493 2128 1606 2194 divina
1635 2130 1767 2196 favente
1791 2132 1854 2198 cle-

201 2236 325 2299 mentia
347 2257 416 2298 rex.
441 2231 458 2322 3
566 2234 633 2300 Nos
658 2236 715 2321 qui
738 2234 869 2299 divinae
893 2236 1025 2322 pietatis
1049 2257 1208 2300 concessu
1230 2236 1265 2301 in
1289 2234 1369 2300 solio
1393 2236 1486 2321 regni
1510 2235 1672 2320 sedemus,
1705 2240 1854 2325 quamvis

202 2343 307 2407 tocius
330 2342 378 2405 rei
401 2340 553 2427 publice⁸
576 2364 655 2406 cura
677 2341 720 2405 ad
741 2364 802 2405 nos
826 2341 1031 2428 disponenda
1049 2343 1214 2428 respiciat,
1238 2343 1272 2406 in
1290 2342 1353 2407 hoc
1372 2353 1481 2407 tamen
1500 2342 1687 2429 specialiter
1704 2343 1853 2411 laborare

158 2470 184 2510 rs
202 2447 369 2531 debemus,
402 2460 439 2513 ut
460 2448 533 2513 loca
555 2448 808 2513 aecclesiasticis
832 2447 997 2535 obsequiis
1020 2448 1177 2535 deputata
1199 2447 1241 2513 ab
1269 2451 1358 2513 omni
1387 2449 1613 2537 inquietudine
1644 2473 1790 2516 seorsum
1820 2454 1855 2517 in

201 2556 334 2642 proprio
358 2565 445 2619 statu
466 2565 680 2642 permaneant
703 2565 735 2619 et
757 2578 817 2641 per
837 2566 968 2620 nostrae
992 2555 1280 2620 administrationis
1300 2554 1539 2621 sublementum
1556 2580 1644 2622 nova
1663 2558 1855 2624 edificentur

202 2684 241 2726 ac
271 2674 384 2726 vetera
414 2683 619 2748 quacumque
651 2662 823 2726 occasione
855 2661 982 2748 dilapsa
1011 2661 1054 2726 ad
1083 2662 1214 2727 laudem
1244 2673 1278 2728 et
1307 2663 1445 2749 gloriam
1478 2667 1619 2729 nominis
1652 2664 1706 2729 dei
1735 2668 1853 2732 nostris

201 2767 402 2855 temporibus
432 2767 475 2832 ad
506 2768 695 2854 qualitatem
725 2770 843 2854 prioris
873 2769 997 2834 formae
1027 2770 1281 2834 restaurenturb.
1335 2769 1432 2851 Quod
1462 2793 1527 2835 nou
1557 2771 1661 2836 solum
1693 2775 1854 2859 presentis

201 2877 289 2940 vitae
308 2875 469 2957 solatium,
491 2875 550 2939 sed
569 2876 666 2940 etiam
685 2875 813 2941 futurae
832 2874 1055 2941 retributionis
1074 2876 1143 2940 fore
1162 2876 1325 2942 credimus
1344 2877 1606 2943 emolumentum.
1646 2878 1854 2967 Quapropter

157 3006 184 3046 so
202 2982 405 3047 universitati
429 2980 575 3045 fidelium
597 2992 779 3046 nostrorum
802 2984 1003 3069 presentium
1026 3005 1065 3047 ac
1088 2983 1269 3048 futurorum
1291 2995 1404 3071 patere
1427 2984 1586 3067 volumus,
1614 2985 1754 3073 qualiter
1776 2987 1853 3051 Mis·

201 3091 312 3154 nensis
335 3090 509 3175 episcopus
531 3088 618 3153 Eiko
649 3088 880 3154 reclamatione
907 3090 995 3154 facta
1024 3089 1120 3154 nohis
1143 3090 1283 3154 innotuit
1307 3090 1446 3155 eandem
1469 3092 1675 3176 aecclesiam,
1706 3095 1759 3158 cui
1782 3095 1852 3181 ipse

201 3196 356 3284 pastorali
380 3218 459 3260 cura
481 3195 662 3259 attitulatus
685 3195 876 3281 presideret,
905 3197 972 3261 iam
995 3197 1139 3283 peccatis
1170 3195 1377 3283 exigentibus
1401 3196 1517 3263 crebra
1539 3198 1680 3264 hostium
1703 3200 1853 3266 devasta-

202 3305 288 3369 tione
319 3302 497 3368 desolatam
528 3325 567 3367 ac
597 3325 682 3389 pene
712 3301 754 3366 ad
786 3302 922 3367 nihilum
956 3305 1003 3368 ita
1037 3303 1137 3367 fuisse
1172 3302 1355 3385 redactam,
1390 3316 1427 3369 ut
1459 3306 1590 3370 nomine
1625 3316 1750 3372 tantum
1785 3308 1853 3373 solo

201 3421 356 3498 preesset,
380 3409 507 3497 reliqua
530 3422 638 3474 autem
662 3408 703 3473 de
727 3407 825 3474 rebus
848 3411 1018 3475 territoriis
1042 3412 1283 3497 appertinentia
1304 3413 1350 3476 ita
1367 3410 1410 3476 ab
1428 3411 1575 3477 hostibus
1594 3412 1695 3478 irrisae
1714 3413 1853 3502 direpta,

157 3539 183 3579 as
201 3528 237 3582 ut
260 3516 365 3582 ordini
389 3516 611 3581 ecclesiastico
634 3539 695 3581 nec
718 3516 822 3581 honor
845 3515 974 3582 debitus
998 3528 1055 3582 aut
1077 3516 1197 3582 utilitas
1221 3517 1331 3604 aliqua
1350 3518 1470 3583 diutius
1493 3518 1570 3584 inde
1589 3519 1739 3586 exhiberi
1761 3533 1853 3608 potu-

201 3625 289 3688 isset.
337 3624 410 3704 Quo
440 3623 551 3688 audito
576 3647 619 3688 ex
642 3622 752 3688 debito
777 3624 1062 3689 condescensionis
1085 3625 1303 3711 ingemuimus
1327 3638 1360 3690 et
1381 3647 1441 3712 pro
1464 3626 1514 3690 his
1539 3627 1772 3714 recuperandis
1795 3628 1853 3693 ali-

202 3730 289 3818 quod
313 3731 573 3817 supplementum
597 3730 746 3794 conferre
771 3729 985 3796 decrevimus.
1032 3731 1112 3796 Ideo
1143 3731 1249 3796 eidem
1279 3731 1426 3818 prefatae
1457 3732 1638 3798 acclesiae⁰
1670 3757 1730 3799 sex
1758 3735 1853 3800 villas

199 3848 330 3903 nostrae
349 3838 556 3924 proprietatis
575 3836 795 3919 concedimus,
820 3848 958 3923 quatuor
975 3839 1010 3901 in
1033 3861 1118 3924 pugo
1137 3838 1342 3903 Dalaminci:
1367 3837 1509 3922 Glussil,
1528 3840 1852 3925 Difnouuoeethla⁶⁰,

200 3945 344 4025 Zenizil,
374 3943 664 4026 Miratinacethlad,
694 3937 721 4008 ‘is'
749 3946 783 4008 in
815 3967 899 4030 pago
935 3943 1057 4009 Gudici
1089 3947 1219 4010 nomine
1253 3943 1571 4030 Golencizacethlal,
1602 3940 1643 4012 il
1674 3949 1709 4012 in
1738 3947 1853 4014 Niseni

155 4073 182 4113 so
199 4050 536 4132 Brochotinaeethla⁶‚
560 4074 634 4115 curn
658 4053 829 4138 mancipiis
851 4053 1019 4138 utriusque
1047 4075 1145 4116 sexus
1169 4051 1259 4116 silvis
1282 4051 1510 4117 venationibus
1534 4056 1627 4140 aquis
1651 4077 1851 4141 aquarumve

200 4158 393 4223 decursibus
423 4156 658 4245 piscationibus
689 4158 882 4222 molendinis
913 4160 1013 4244 pratis
1044 4160 1175 4245 pascuis
1206 4159 1343 4223 edificiis
1374 4161 1436 4223 viis
1466 4171 1499 4224 et
1528 4162 1626 4225 iuviis
1653 4161 1796 4227 exitibus
1820 4174 1852 4228 et

199 4264 358 4331 reditibus
374 4288 413 4330 ac
430 4289 502 4329 curn
521 4264 669 4329 omnibus
685 4267 932 4351 appertinentiis
948 4267 1110 4352 inquisitis
1126 4289 1183 4330 seu
1199 4266 1413 4352 inquirendis.
1448 4267 1541 4332 Haec
1558 4278 1667 4333 autem
1684 4268 1851 4355 predictae

200 4373 381 4438 aecclesiae
411 4374 445 4436 in
473 4373 640 4460 proprium
671 4395 711 4436 ea
733 4374 858 4436 ratione
882 4371 1085 4455 tradidimus,
1117 4384 1152 4437 ut
1178 4374 1352 4460 episcopus
1374 4373 1462 4439 Eiko
1486 4376 1621 4462 simque
1645 4399 1851 4442 successores
1945 4398 1947 4403 ’

200 4479 314 4544 eadem
338 4479 453 4566 predia
476 4479 719 4544 aecclesiastico
743 4480 813 4544 iure
837 4477 1006 4544 obtineant
1029 4492 1061 4543 et
1085 4478 1224 4565 qualiter
1242 4481 1289 4544 eis
1307 4482 1415 4546 visum
1433 4480 1531 4546 fuerit
1551 4483 1585 4546 in
1604 4506 1682 4547 usus
1706 4484 1852 4549 eiusdem

155 4608 182 4647 ss
201 4586 360 4651 ecclesiae
383 4585 532 4651 vertendi
555 4585 691 4651 liberam
714 4584 858 4651 habeant
879 4586 1077 4651 facultatem.
1123 4586 1167 4650 Et
1188 4599 1225 4651 ut
1247 4586 1310 4652 hoe
1333 4601 1464 4654 nostrae
1487 4591 1708 4655 concessionis
1731 4590 1852 4657 donum

200 4716 259 4780 per
281 4706 429 4779 tempora
451 4694 577 4757 futurae
601 4694 799 4780 posteritatis
823 4691 939 4757 stabile
963 4708 1093 4758 maneat
1116 4706 1149 4759 et
1172 4694 1409 4780 inconvulsum,
1439 4696 1525 4762 hanc
1555 4698 1674 4784 regalis
1705 4701 1852 4786 precepti

199 4801 354 4887 paginam
383 4799 459 4864 inde
490 4798 653 4865 conscribi
682 4823 722 4865 ac
752 4823 850 4865 manu
880 4803 1013 4887 propria
1043 4801 1271 4867 confirmantes
1301 4802 1406 4889 sigillo
1436 4817 1546 4869 nostro
1573 4808 1781 4893 precepimus
1803 4808 1851 4871 in·

200 4929 325 4993 signin.

306 5046 323 5138 3
347 5048 483 5136 Signum
507 5049 616 5113 domni
640 5049 788 5113 Heinrici
813 5051 899 5135 regis
923 5051 1138 5115 invictissimi.
1162 5050 1179 5141 3
1204 5062 1268 5131 (M.)

153 5213 183 5252 so
306 5189 323 5280 3
347 5190 548 5257 Guntherius
568 5191 781 5257 cancellarius
801 5194 873 5256 vice
893 5192 1124 5258 Erchambaldi
1144 5194 1420 5282 archicappellani
1440 5198 1641 5283 recognovit.
1661 5195 1678 5286 3
1739 5198 1794 5283 (sl.
1809 5199 1850 5285 2.)

306 5334 395 5398 Data
417 5335 523 5397 x1111.s
547 5335 612 5399 kal.
634 5358 708 5421 aug.
734 5335 911 5399 indictione
935 5350 982 5416 xl,
1007 5359 1092 5400 anno
1116 5336 1299 5405 dominicae
1323 5340 1556 5403 incarnationis
1581 5339 1750 5404 millesimo
1773 5354 1849 5423 xm,

200 5464 286 5505 anno
305 5453 413 5506 autem
434 5440 543 5504 domni
562 5442 710 5506 Heinrici
730 5441 866 5506 secundi
886 5444 1052 5528 regnantis
1069 5458 1134 5523 xn,
1163 5457 1272 5509 actum
1284 5445 1556 5529 Vraneonowrt03
1586 5446 1725 5511 feliciter
1745 5469 1850 5512 amen.

271 5670 335 5726 stt.
362 5670 508 5741 [Bresslan]
546 5676 572 5737 a)
594 5672 612 5725 b
630 5689 700 5729 corr.
719 5691 771 5726 arra
788 5691 807 5742 p
870 5675 899 5741 b)
917 5692 936 5726 n
955 5676 1020 5727 dher
1036 5676 1085 5727 der
1102 5676 1175 5727 Zeila
1191 5676 1386 5742 mchpdruyea
1450 5678 1476 5744 c)
1496 5679 1522 5729 A
1585 5676 1613 5745 d)
1631 5679 1675 5731 die
1693 5678 1851 5733 manaae·

358 5744 421 5795 sind
440 5743 657 5797 wahrsches'nlshh
675 5748 705 5797 in
722 5746 811 5810 dafdr
821 5746 954 5812 peluem
966 5746 1073 5799 ΙιιῖεΙτοιι
1091 5747 1285 5813 auchodruoess
1342 5748 1369 5815 e)
1388 5747 1406 5799 h
1425 5747 1490 5801 dher
1507 5750 1556 5801 der
1567 5749 1639 5802 ΖιιἸο
1655 5750 1851 5817 sochomanus

154 5829 182 5869 as
256 5854 262 5863 .
360 5814 386 5883 s)
406 5822 428 5867 11
447 5816 537 5866 hintes·
552 5822 596 5867 x11
615 5817 816 5884 uadrqdruyen.
