4804 6498
530 450 592 514 128
1127 450 1590 512 KAISERURKUNDEN.

632 643 792 729 Signum·
817 641 947 706 domni²
972 641 1143 706 Heinricib
1166 648 1253 719 (M.)¹²
1276 663 1336 727 per
1359 640 1524 707 Christum
1548 640 1763 705 invictissimi.

631 784 766 849 Brunov
790 784 1005 849 cancellarius
1029 785 1131 848 vicew
1154 782 1318 869 Willegisi
1341 783 1617 870 archicappellani
1640 783 1848 868 recognovi¹.

632 926 752 991 Actum
776 936 826 991 est
843 925 1044 991 lluenburcy
1067 925 1140 990 idus
1164 949 1239 1011 aug.
1264 948 1349 989 anno
1373 923 1415 988 ab
1439 926 1663 990 incarnatione
1687 923 1811 988 domini
1834 937 1897 1004 MV,
1922 932 2081 1009 regnante
2104 943 2189 1008 rege

528 1033 704 1098 Heinn‘cob
728 1033 883 1116 secundo,
908 1056 994 1098 anno
1017 1032 1132 1119 regni²
1157 1034 1227 1096 eius
1249 1047 1316 1096 1111.

1305 1366 1395 1454 103.

527 1531 706 1606 Heinrich
730 1531 926 1604 restitoicrt
950 1529 1028 1603 dene
1057 1528 1204 1603 Kloster
1228 1528 1506 1604 stederaltaict
1531 1528 1601 1604 den
1632 1527 1702 1606 Ort
1725 1527 1949 1603 blintsbucb.

1703 1694 1801 1753 Werla
1824 1694 1904 1755 1005
1925 1692 2085 1752 November
2106 1693 2136 1750 5.

635 1873 880 1949 Oriqinuldiplom
902 1872 943 1930 im
965 1872 994 1929 lc.
1020 1870 1226 1930 Reicbsarcbic
1247 1890 1282 1929 zu
1305 1870 1446 1931 Matucben
1472 1872 1545 1939 (A).

631 2016 725 2075 Hand
743 2015 868 2088 Metrop.
889 2012 994 2072 Salisb.
1020 2013 1079 2071 175
1102 2012 1174 2088 Κεφ.
1191 2042 1234 2051 -
1252 2012 1371 2072 Gretser
1393 2013 1467 2072 Dim?
1489 2015 1712 2089 Bomberpernes
1735 2016 1776 2074 67
1797 2016 1831 2073 η’
1854 2016 1873 2073 3
1895 2032 1949 2073 aus
1966 2013 2119 2084 Aleten
2139 2033 2183 2059 =

632 2121 870 2182 Hand-Gurold
899 2118 1023 2194 Metrop.
1055 2118 1161 2179 Saluo
1186 2120 1229 2179 ed.
1254 2119 1335 2180 Mon·
1358 2122 1391 2190 2,
1413 2122 1457 2180 22
1479 2123 1511 2179 n⁰
1532 2124 1575 2181 20
1599 2142 1640 2169 =
1664 2120 1901 2181 Hand-Gncold
1923 2119 2048 2195 Metrop.
2074 2119 2228 2179 Salicum

632 2229 675 2289 cd.
700 2228 770 2289 But.
795 2232 827 2298 2,
851 2230 889 2286 15
911 2229 944 2286 ηο
966 2230 1009 2286 20
1035 2247 1078 2273 =
1107 2225 1228 2286 Lebaia
1256 2226 1332 2285 Ano.
1357 2229 1387 2297 3,
1410 2228 1481 2297 873,
1505 2248 1547 2275 =
1571 2227 1709 2303 badeuip
1732 2227 1785 2287 SS.
1809 2247 1868 2287 rer.
1893 2227 2047 2302 Baubo-9.
2073 2228 2101 2297 1,
2125 2228 2182 2286 331

631 2340 664 2394 η’)
688 2338 707 2395 3
730 2356 773 2383 =
796 2334 896 2411 Miqvte
918 2333 1033 2393 Patrol.
1059 2334 1128 2403 140,
1151 2335 1213 2392 265
1235 2336 1268 2392 n⁰
1290 2335 1341 2403 29,
1363 2354 1405 2381 =
1431 2333 1549 2393 Grelser
1574 2334 1628 2408 Op.
1654 2337 1703 2404 10,
1726 2336 1787 2393 536
1808 2337 1841 2392 n⁰
1864 2336 1893 2403 3,
1914 2354 1956 2381 =
1974 2333 2184 2408 mausolaea

635 2442 746 2517 Coepta
775 2442 852 2501 iuris
880 2459 968 2516 pem.
996 2440 1039 2499 ed.
1065 2438 1112 2500 II.
1137 2442 1165 2511 1,
1189 2442 1229 2498 16
1250 2442 1283 2498 πθ
1305 2440 1346 2500 40
1374 2440 1596 2515 uncollstltndiy.
1625 2470 1670 2479 -
1699 2440 1780 2500 Mon.
1804 2441 1898 2501 Boica
1929 2442 1976 2512 il,
2000 2442 2059 2499 134
2087 2444 2120 2499 a'
2142 2442 2183 2499 23

633 2568 687 2609 aas
709 2549 736 2607 A
759 2549 813 2608 mit
835 2566 920 2607 anno
943 2549 1026 2623 regis
1049 2547 1105 2605 111.
1130 2576 1174 2584 -
1196 2546 1324 2606 Bdhmcr
1346 2546 1418 2622 Req.
1442 2548 1511 2606 976.
1535 2577 1580 2586 —
1603 2546 1727 2621 Stampf
1746 2547 1817 2623 Κεφ.
1843 2548 1928 2607 1413.

639 2691 772 2762 Verfossl
793 2690 854 2749 und
879 2689 1054 2765 qescbrieben
1084 2707 1139 2747 con
1162 2687 1242 2761 ED‚·
1270 2688 1318 2748 die
1339 2688 1454 2764 Areopa
1485 2694 1565 2764 autel
1593 2689 1665 2749 amb
1695 2690 1739 2748 bei
1766 2689 1871 2749 damen
1901 2689 1943 2749 D.
1968 2690 2037 2765 (cpi.
2062 2689 2103 2749 D.
2128 2690 2181 2756 91)
2202 2707 2228 2746 u

633 2817 688 2857 von
711 2798 774 2856 dcta
796 2797 929 2866 Mallius
950 2795 1147 2855 italieniscber
1166 2795 1317 2855 Vorbilder
1339 2797 1399 2867 aas
1417 2796 1468 2855 den
1492 2794 1551 2854 Stil
1572 2796 1621 2855 des
1644 2796 1764 2855 Notors.

634 2992 693 3065 (0.)
726 2981 744 3072 ᾗ
774 2983 814 3047 In
845 2983 976 3046 nomine
1011 2992 1144 3046 sanctae
1179 2991 1212 3045 et
1245 2980 1435 3045 individuae
1471 2981 1633 3046 trinitatis.
1693 2982 1869 3048 Heinricus
1905 2982 2016 3047 divina
2050 2983 2183 3047 favente

527 3093 701 3159 clementia
729 3112 798 3154 rex.
907 3087 1038 3174 Regalis
1068 3089 1156 3151 enim
1186 3087 1401 3152 excellentiae
1432 3087 1528 3152 decet
1556 3090 1763 3153 maiestatem
1790 3088 2040 3154 rationabilibus
2070 3088 2135 3154 sibi
2164 3114 2184 3154 a

527 3199 679 3265 domino·
710 3193 1003 3284 supplicationibus
1031 3194 1285 3259 misericorditer
1313 3194 1494 3260 concedere
1521 3197 1797 3282 perpetrationem
1824 3194 1857 3284 ᾖ,
1890 3198 2042 3283 quatinus
2070 3219 2182 3262 eorum

527 3305 666 3370 assiduis
690 3302 844 3392 precibus
867 3314 900 3366 et
923 3300 1115 3366 seculariter
1137 3300 1390 3388 tranquillitetur
1412 3312 1445 3365 et
1467 3301 1677 3366 aeternaliter
1706 3302 1836 3367 celestis
1867 3301 1973 3368 bravii
1997 3303 2183 3369 diademate
2201 3324 2228 3363 so

527 3423 709 3478 coronetur.
757 3410 922 3491 Quocirca
944 3407 1137 3472 universalis
1165 3407 1309 3472 fidelium
1341 3420 1523 3472 nosuomm
1553 3409 1753 3495 presentium
1783 3420 1816 3475 et
1845 3409 2025 3475 futurorum
2055 3412 2184 3474 noverit

527 3518 697 3599 industria,
732 3515 871 3603 qualiter
905 3514 1039 3602 quidam
1073 3512 1271 3578 venerabilis
1305 3513 1513 3579 Goteliardus
1548 3512 1662 3596 abbas,
1697 3517 1848 3602 provisor
1881 3539 1960 3581 vero
1994 3516 2184 3582 Altahensis

527 3625 726 3705 monasterii,
750 3621 977 3688 celsitudinem
1000 3622 1165 3707 potentiae
1189 3620 1284 3685 nobis
1305 3644 1325 3684 a
1346 3619 1408 3685 deo
1430 3644 1605 3685 concessae
1625 3620 1725 3687 subiit
1747 3622 1913 3688 humiliter
1935 3622 2113 3709 inplorans,
2138 3624 2183 3688 uti

527 3756 587 3796 nos
617 3730 783 3818 quandam
813 3728 925 3792 villam
954 3725 1133 3792 Flinsbach
1162 3727 1284 3791 dictam
1315 3727 1350 3791 in
1382 3750 1468 3813 pago
1499 3727 1736 3814 Sucinihgouui
1769 3731 1865 3793 sitam
1898 3741 1929 3793 et
1962 3731 1996 3793 in
2026 3731 2183 3795 comitatu

526 3839 694 3906 Tiamonis
718 3837 845 3900 comitis
869 3834 946 3899 olim
969 3833 1117 3920 predicto
1140 3835 1338 3898 monasterio
1368 3856 1427 3897 suo
1450 3834 1682 3920 pertinentem,
1713 3834 1825 3901 dolore
1848 3859 1913 3901 non
1943 3859 2046 3923 parvo
2076 3848 2182 3902 tactus
2200 3856 2225 3895 a

526 3945 664 4033 perdere
695 3942 784 4031 quod
813 3944 896 4006 iuste
927 3942 1017 4004 visus
1048 3953 1097 4004 est
1126 3938 1247 4004 habere
1277 3939 1408 4021 debere,
1441 3942 1480 4005 ed
1511 3942 1682 4006 restituere
1713 3941 1933 4028 dignaremur.
1991 3942 2092 4008 Ouius
2121 3966 2181 4008 nos

527 4051 709 4138 condignae
733 4049 889 4137 peticioni
913 4046 1158 4112 assentiendum
1180 4046 1249 4111 fore
1273 4047 1497 4111 existimantes
1528 4047 1666 4111 eandem
1696 4049 1762 4113 iam
1785 4048 1907 4113 dictam
1930 4048 2042 4114 villam
2072 4062 2182 4115 nostra

525 4159 629 4246 regali
651 4157 826 4222 traditione
850 4168 947 4242 atque
971 4155 1093 4241 pagina
1115 4152 1159 4217 ad
1188 4164 1262 4217 ante
1293 4152 1416 4217 dictum
1446 4155 1550 4218 sancti
1574 4154 1725 4220 Maun'cii
1749 4157 1982 4221 monasterium
2005 4157 2039 4220 in
2062 4156 2182 4221 Altaha

526 4264 768 4330 constructumb
803 4261 1021 4328 concedentes
1059 4261 1258 4324 restituimus
1296 4261 1550 4324 restauravimus
1585 4260 1778 4325 donavimus
1813 4285 1852 4326 ac
1887 4262 2072 4328 firmissime
2107 4262 2181 4328 sub·

525 4371 727 4438 scribentcs⁰
759 4372 798 4435 ed
829 4367 1104 4433 consolidavimus
1134 4366 1177 4430 ad
1208 4364 1427 4451 edificandum
1457 4367 1706 4431 restaurandum
1740 4368 1985 4433 maceriandum
2020 4354 2225 4455 prefatumsi

524 4479 757 4544 monasterium
780 4499 855 4542 cum
879 4474 951 4538 aliis
982 4473 1131 4538 ecclesiis
1161 4471 1420 4559 coenobiumque
1444 4473 1590 4555 fratrum,
1621 4474 1698 4560 quia
1722 4474 1763 4537 ob
1788 4474 1850 4538 hoc
1880 4474 2048 4562 predictus
2078 4476 2181 4542 abbas

524 4585 705 4673 requisivit,
730 4584 885 4670 quoniam
908 4593 995 4646 terra
1018 4579 1179 4644 harenosa
1202 4589 1252 4644 est
1274 4580 1502 4666 maceriaeque
1525 4579 1623 4659 utilis,
1648 4580 1881 4645 —tradentes
1905 4582 2026 4668 igiturd
2050 4583 2084 4647 in
2108 4607 2181 4671 pro

524 4694 631 4779 prium
655 4702 768 4756 sancto
791 4689 952 4753 Mauricio
976 4685 1225 4774 subscriptoque
1257 4684 1369 4750 abbati
1399 4708 1461 4750 nec
1489 4708 1554 4749 non
1585 4696 1617 4750 et
1647 4687 1714 4751 suis
1738 4686 1992 4767 successoribus,
2024 4690 2180 4778 quicquid

524 4801 609 4864 inter
624 4798 784 4864 Uuincira
804 4807 837 4860 et
853 4793 1094 4859 Hofakirichun
1112 4792 1243 4857 videtur
1263 4793 1371 4856 iacere
1392 4791 1446 4855 vel
1465 4793 1562 4856 etiam
1584 4792 1626 4856 ad
1647 4803 1722 4857 ante
1745 4796 1925 4880 scriptum⁰
1946 4798 2181 4862 monasterium

524 4904 606 4970 inibi
629 4907 804 4991 respicere,
836 4926 911 4966 cum
941 4899 1091 4966 omnibus
1114 4898 1212 4963 rebus
1236 4896 1410 4963 mobilibus
1440 4909 1473 4962 et
1495 4898 1705 4963 inmobilibus
1735 4902 1830 4963 terris
1861 4900 1956 4966 cultis
1987 4914 2020 4967 et
2049 4902 2181 4967 incultis
2200 4924 2225 4963 ss

523 5013 629 5077 vineis
652 5012 772 5075 vinetis
795 5007 989 5073 molendinis
1013 5008 1076 5070 viis
1099 5007 1196 5070 inviis
1220 5004 1379 5069 aedificiis
1410 5003 1552 5068 exitibus
1582 5016 1615 5069 et
1646 5005 1805 5070 reditibus
1835 5008 1926 5072 siliis
1950 5008 2180 5074 venationibus

523 5121 625 5206 pratis
645 5118 776 5204 pascuis
796 5116 990 5202 conpascuis
1010 5115 1080 5177 sive
1099 5114 1209 5199 apium
1228 5111 1359 5199 pascuis
1377 5112 1471 5196 aquis
1488 5133 1712 5199 aquarumque
1733 5112 1925 5178 decursibus
1944 5114 2181 5202 piscationibus

524 5225 655 5291 familiis
684 5224 854 5310 utriusque
887 5243 985 5285 sexus
1016 5221 1151 5307 quesitis
1181 5218 1234 5283 vel
1264 5216 1467 5304 inquirendis
1502 5240 1561 5281 seu
1595 5217 1745 5283 omnibus
1776 5243 1861 5307 quae
1896 5220 1961 5286 dici
1997 5221 2050 5286 rel
2080 5221 2180 5288 scribi

595 5438 659 5494 102.
683 5439 706 5507 s)
729 5435 819 5505 sigum
839 5435 874 5487 B¹
953 5435 977 5503 t)
1000 5432 1104 5485 domini
1128 5432 1298 5484 CG¹DD¹R
1375 5431 1404 5497 u)
1430 5446 1460 5483 so
1482 5432 1525 5483 dir
1543 5431 1663 5497 Stellunp
1685 5433 1731 5485 des
1749 5434 1787 5488 M.
1806 5435 1836 5485 io
1853 5434 1889 5486 B¹
1909 5436 1967 5486 aad
1988 5436 2058 5487 acob
2077 5437 2117 5496 R,·
2143 5437 2180 5491 M.

683 5510 773 5562 timer
791 5505 856 5560 dom
875 5508 905 5557 in
924 5507 961 5573 B;
987 5505 1077 5557 hister
1100 5502 1208 5572 signum
1234 5506 1263 5554 in
1283 5502 1353 5569 CC¹;
1379 5503 1470 5554 trater
1492 5500 1596 5554 domini
1621 5504 1650 5554 in
1670 5504 1709 5571 D;
1732 5521 1767 5555 zu
1786 5506 1900 5572 Aafany
1917 5505 1966 5558 der
1990 5507 2119 5561 Urkunde
2136 5524 2180 5559 am
2198 5520 2226 5559 so

684 5581 779 5632 Raude
796 5582 827 5630 ia
845 5579 882 5629 n¹
959 5578 987 5645 v)
1007 5575 1097 5643 primo
1117 5575 1152 5627 B¹
1228 5574 1263 5641 w)
1282 5574 1349 5637 fehlt
1367 5575 1396 5625 in
1415 5573 1477 5625 BB¹
1489 5573 1542 5633 D¹,·
1563 5574 1759 5641 nocbpetrapm
1776 5578 1806 5628 iu
1825 5578 1853 5629 D
1922 5577 1951 5645 x)
1970 5579 2138 5648 recongnori
2156 5580 2181 5630 B

683 5652 712 5719 y)
731 5648 857 5703 Nuibnrc
876 5649 914 5713 B3
932 5646 1051 5700 Nuenbc'
1068 5647 1117 5713 B¹;
1136 5643 1261 5699 Nuenbe.
1279 5645 1311 5711 03
1331 5642 1438 5699 Nuenb.
1457 5645 1580 5711 C¹DD¹3
1599 5643 1723 5699 Niumbn
1741 5690 1748 5702 .
1768 5689 1775 5702 .
1795 5686 1802 5701 .
1822 5647 1872 5699 nl.
1953 5652 1978 5715 z)
1999 5649 2067 5713 fehlt
2085 5653 2114 5702 in
2133 5650 2179 5704 12¹.

595 5740 658 5797 103.
684 5738 831 5810 [Bresslsu]
898 5738 924 5805 a)
944 5740 987 5788 ein
1007 5737 1083 5787 ll'ort
1102 5738 1149 5787 scie
1166 5742 1232 5786 etna
1251 5732 1423 5787 subditorum
1441 5734 1505 5800 (τρὶ.
1527 5733 1560 5785 D.
1580 5738 1627 5798 70)
1643 5736 1744 5788 abent
1761 5754 1796 5787 zu
1815 5736 1905 5800 setim
1971 5736 2001 5805 b)
2019 5739 2180 5791 zwischm

683 5813 742 5862 und
760 5815 772 5862 t
790 5810 884 5861 Roaur
969 5810 993 5873 c)
1015 5810 1044 5859 in
1063 5805 1114 5859 sub
1134 5809 1167 5857 ist
1185 5805 1203 5857 b
1222 5821 1292 5859 corr.
1311 5821 1393 5857 uass
1477 5803 1505 5869 d)
1529 5821 1563 5857 ur
1579 5820 1649 5861 corr.
1669 5823 1719 5859 aus
1737 5807 1762 5860 ir
1845 5812 1872 5873 e)
1893 5809 1924 5861 tu
1943 5824 1989 5861 mo
2007 5811 2064 5873 aas
2079 5810 2180 5864 aum.
