4760 6512
832 394 1067 452 HEINRICH
1089 394 1127 450 11.
1169 391 1263 449 1013,
1809 383 1874 446 323

333 595 414 656 Dare
442 595 494 655 der
520 594 617 655 zweite
642 594 729 653 Theo
755 593 844 653 ἄνέεεε
865 592 906 652 D.
930 611 986 651 von
1007 593 1238 668 Praecipientes
1262 593 1358 668 igitur
1379 591 1525 650 iubemus
1552 608 1592 648 aa
1617 589 1659 648 im
1681 587 1875 648 weseatliclsea

334 706 394 774 aas
411 703 464 762 dna
481 700 550 760 DO.
568 700 614 760 ΙΙ.
632 701 692 759 175
716 700 809 767 (niem
830 702 890 772 aas
907 700 961 759 das
983 698 1052 759 DO.
1068 697 1134 757 ΙΙΙ.
1152 699 1224 766 191)
1248 699 1294 757 uls
1312 697 1374 757 VU.
1397 697 1578 772 mrtckqelst,
1600 696 1640 755 ist
1657 696 1757 755 sichen
1796 694 1876 754 Aber

333 810 405 871 aacls
426 809 478 869 der
495 813 568 868 crete
586 808 673 867 Tbet'l
691 808 792 877 dorfte
811 807 898 877 nult,
921 806 975 865 wie
989 806 1096 881 Rieyer
1110 824 1138 864 α.
1152 825 1179 866 a.
1196 804 1230 865 0.
1243 807 1265 863 8
1284 805 1435 872 anniam,
1457 804 1490 862 ia
1512 803 1564 862 ἄεν
1578 802 1702 861 Καηεῑεί
1717 801 1875 860 Heinriclrs

334 916 395 989 [rei
416 915 571 990 cmsdpiot
591 915 661 974 scia.
706 913 847 973 Vielmelr
868 914 940 972 lltsst
961 912 1009 972 dic
1030 912 1163 988 Fassuaq
1189 912 1242 971 der
1263 911 1379 985 Arcaea
1405 910 1464 970 aad
1487 909 1650 969 Publicatio
1672 911 1732 980 auf
1749 908 1797 967 die
1818 908 1874 967 Βε-

333 1029 456 1098 autzaaq
477 1022 556 1082 am
578 1022 686 1080 altercat
708 1020 901 1079 italicaisclsen
922 1019 996 1090 Vn,
1026 1037 1074 1079 am
1095 1019 1204 1078 εᾶεᾶενι
1226 1019 1302 1077 ἄνες
1323 1016 1364 1076 D.
1388 1017 1552 1092 Bermqars
1571 1014 1612 1085 L,
1639 1015 1798 1085 semissen,
1827 1033 1874 1074 zu·

332 1131 393 1190 mal
413 1130 446 1189 ia
467 1129 530 1188 dem
548 1127 621 1187 DH.
639 1126 704 1186 HI.
725 1125 848 1201 Stampf
861 1126 932 1201 Ray.
948 1127 1030 1186 2150
1052 1126 1098 1185 cia
1115 1125 1221 1185 solenes
1239 1123 1279 1183 D.
1300 1124 1464 1200 Baaqars
1487 1126 1540 1194 [ἄν
1557 1122 1650 1198 Acqas'
1672 1120 1874 1182 aasdratckliclt

332 1236 461 1297 amabat
488 1235 573 1295 wird.
619 1233 721 1295 Dara
748 1234 849 1306 ἄᾶννῖε
875 1234 954 1293 dana
976 1234 1047 1292 mecla
1070 1233 1102 1292 ia
1124 1232 1187 1292 dem
1209 1230 1279 1290 DO.
1296 1230 1342 1290 II.
1360 1231 1428 1301 175,
1459 1232 1513 1302 sor
1534 1230 1650 1288 welches
1672 1229 1756 1288 sabea
1779 1227 1874 1287 Siclsel

333 1343 554 1417 Heremiebaap
575 1342 654 1401 εἱνεν
677 1342 784 1400 nora
804 1340 865 1401 VU.
889 1340 1024 1410 comm,
1047 1340 1107 1398 aad
1127 1340 1161 1397 io
1178 1339 1242 1397 dem
1260 1336 1334 1397 DH.
1352 1336 1416 1396 HI.
1437 1335 1561 1410 Stamps
1575 1335 1646 1411 Rea.
1663 1336 1744 1395 2429
1762 1336 1874 1394 basum

331 1450 403 1520 seia,
433 1450 530 1510 ἄεεεενι
558 1448 675 1523 Arcaea
705 1448 778 1507 arab
808 1466 847 1506 aa
878 1465 978 1507 ansae
1011 1446 1147 1506 Urlcuade
1176 1446 1218 1504 im
1249 1449 1342 1504 ersten
1371 1442 1455 1503 Sotae
1486 1442 1626 1518 collinet.
1673 1442 1712 1501 Ia
1744 1459 1873 1501 aasaem

332 1556 374 1617 D.
398 1558 466 1616 ater
487 1556 615 1616 seminat
636 1555 697 1615 sicle
713 1554 872 1629 jedeafalts
893 1555 966 1613 ἄνᾶν
988 1554 1042 1613 das
1063 1551 1355 1629 Diayanpsprotolcotl
1376 1570 1415 1609 aa
1431 1551 1513 1624 jones
1531 1548 1572 1607 D.
1592 1548 1798 1623 BereayarsI.
1824 1567 1873 1619 aa,

333 1665 365 1723 ia
387 1664 484 1723 ἄεεεενι
510 1662 664 1722 Urlamden
691 1662 738 1722 die
765 1662 869 1737 pleiche
891 1660 1153 1731 Devots'oossormel
1181 1658 1242 1717 aad
1270 1658 1435 1732 wentanae
1463 1657 1524 1715 eine
1554 1657 1684 1715 uanae
1706 1655 1874 1715 inocentiae

332 1765 382 1843 (In
405 1772 532 1829 nomine
554 1770 606 1827 dei
629 1763 761 1841 aeterni)
783 1768 918 1843 beqepnet.
943 1796 987 1805 -
1008 1767 1074 1827 Wir
1090 1767 1180 1826 habeo
1198 1767 1244 1824 die
1262 1765 1379 1825 Dutclsen
1396 1764 1445 1825 des
1463 1763 1566 1822 Teates
1584 1782 1623 1822 aa
1640 1763 1750 1837 είπίρενν
1769 1760 1874 1821 Stellco

332 1878 396 1937 dem
418 1875 506 1936 Simas
534 1877 608 1936 nacla
628 1881 713 1935 ἄνᾶεν
735 1875 1009 1950 Bortcksiclttiqaap
1031 1874 1083 1933 ἄεν
1101 1873 1163 1933 VU.
1187 1872 1246 1932 aad
1268 1871 1448 1931 vmoaadter
1470 1869 1542 1929 DD.
1568 1875 1694 1945 erpltaat,
1723 1868 1872 1940 srwlrfoclt

332 1985 401 2043 aber
429 1986 489 2055 auf
512 1983 604 2042 solete
626 1982 834 2057 Dydumoyca
860 1981 1018 2040 υενιᾶεᾶίενι
1043 1987 1163 2039 morasca.
1188 2008 1232 2017 -
1255 1979 1318 2037 Zur
1340 1977 1503 2052 Dota'eronp
1525 1976 1577 2036 ἄεν
1599 1974 1671 2034 DD.
1688 1974 1874 2035 274-277

332 2092 388 2166 oyl.
408 2090 546 2150 Zeitscltr.
571 2090 624 2161 frtr
648 2088 746 2148 (iesca
771 2088 819 2147 das
844 2087 1015 2146 Oborteias
1036 2086 1076 2145 N.
1093 2086 1130 2146 F.
1148 2087 1196 2157 13,
1213 2085 1301 2160 6217.

333 2303 372 2368 In
399 2304 528 2368 nomine
557 2300 611 2366 dei
640 2300 821 2366 salvatoris.
867 2299 1031 2364 Henricus
1055 2299 1224 2363 ordinante
1248 2297 1360 2362 divina
1383 2297 1556 2362 clementia
1578 2318 1647 2364 rex.
1758 2294 1794 2360 Si
1817 2316 1873 2358 no-

227 2422 365 2475 strorum
387 2409 532 2475 fidelium
555 2407 662 2494 dignis
685 2405 894 2494 petitionibus
924 2407 1131 2492 maximeque
1162 2428 1220 2492 pro
1250 2404 1305 2469 dei
1335 2426 1434 2469 causa
1463 2400 1754 2468 intervenientibus
1778 2424 1874 2467 aures

227 2528 356 2582 nostrae
380 2517 562 2581 serenitatis
584 2514 790 2595 inclinamus,
821 2513 1005 2579 devotiores
1035 2535 1090 2577 eos
1118 2513 1152 2577 in
1174 2513 1292 2577 nostris
1316 2508 1480 2596 obsequiis
1504 2531 1696 2595 permanere
1721 2521 1753 2573 ct
1776 2531 1875 2595 super

227 2624 309 2689 haec
327 2622 538 2688 beatitudinis
557 2622 704 2708 praemia
719 2643 740 2685 a
754 2620 884 2685 domino
903 2643 969 2685 non
985 2618 1169 2685 dubitamus
1187 2615 1399 2706 [promereril.
1437 2615 1582 2702 Ideoque
1597 2626 1710 2681 notum
1725 2615 1874 2681 volumus

183 2755 211 2796 so
227 2731 297 2796 fieri
330 2731 490 2794 universis
523 2739 655 2793 sanctae
688 2727 742 2792 dei
774 2727 886 2792 matris
922 2726 1079 2791 ecclesiae
1114 2723 1264 2789 fidelibus
1298 2725 1481 2809 nostrisque
1516 2721 1743 2809 praesentibus
1775 2734 1874 2810 atque

227 2838 358 2921 futuris,
398 2835 537 2924 qualiter
576 2833 774 2900 venerabilis
805 2833 969 2898 Henricus
1004 2843 1136 2897 sanctae
1163 2829 1471 2916 Wurciburgensis·
1506 2829 1665 2895 ecclesiae
1700 2830 1874 2917 episcopus

229 2953 358 3010 nostrae
391 2942 558 3029 dignitatis
590 2942 672 3006 adiit
704 2940 929 3006 celsitudinem
961 2938 1151 3027 suppliciter
1181 2937 1358 3025 postulans,
1391 2947 1550 3023 quatenus
1583 2934 1625 3001 ob
1658 2937 1874 3000 reverentiam

230 3050 332 3114 divini
362 3049 466 3114 cultus
497 3058 530 3113 et
559 3047 648 3112 eiusl’
678 3047 925 3112 interventionis
955 3044 1089 3111 obtentu
1117 3043 1303 3109 venerando
1336 3044 1491 3131 episcopo
1520 3043 1685 3130 Aquensis
1716 3042 1874 3107 ecclesiae

229 3158 359 3222 nomine
388 3157 499 3221 Primo
529 3155 720 3220 confirmare
751 3166 785 3218 et
816 3151 1028 3218 corroborare
1059 3152 1177 3215 nostris
1209 3148 1358 3236 apicibus
1391 3150 1609 3236 dignaremur,
1643 3148 1801 3236 quidquid
1832 3148 1875 3214 ad

185 3262 369 3328 secundem
393 3262 616 3349 episcopatum
638 3262 722 3326 iuste
752 3282 791 3325 ac
821 3259 968 3346 legaliter
1000 3258 1172 3347 [pertinere
1203 3258 1273 3322 sive
1302 3256 1371 3345 per]
1402 3256 1592 3322 traditiones
1623 3267 1655 3323 et
1685 3256 1875 3322 donationes

230 3392 289 3435 seu
307 3369 586 3434 confirmationes⁰
605 3377 788 3432 nostrorum
806 3366 1095 3453 praedecessorum
1113 3387 1227 3451 regum
1245 3363 1298 3428 vel
1321 3365 1552 3450 imperatorum
1577 3364 1780 3454 [concessum
1803 3385 1874 3428 esse

230 3475 368 3540 videtur.
407 3473 508 3539 Cuius
527 3472 645 3562 dignis]
666 3471 839 3560 precibus‘¹
858 3480 1038 3537 annuentes
1061 3473 1127 3536 iam
1146 3471 1232 3536 dicto
1251 3468 1451 3535 venerabili⁰
1471 3472 1625 3557 episcopo
1649 3472 1780 3558 suisque
1804 3493 1875 3535 suc-

231 3580 414 3648 cessoribus
436 3582 472 3645 in
500 3591 692 3667 perpetuum
715 3578 819 3666 regali
848 3579 1039 3644 auctoritate
1069 3578 1297 3643 confirmamus
1325 3587 1358 3642 et
1387 3575 1644 3659 corroboramus,
1662 3577 1769 3666 [prout
1791 3579 1875 3641 iuste

231 3702 264 3755 et
285 3688 433 3774 legaliter
454 3686 647 3775 possumus,]
673 3687 781 3751 omnia
799 3684 934 3772 praedia
953 3684 1087 3749 castella
1104 3686 1195 3749 vicos
1214 3683 1431 3750 districtiones
1451 3696 1483 3748 et
1502 3684 1719 3748 ordinationes
1738 3682 1875 3748 famulos

187 3821 213 3861 so
230 3796 284 3862 vel
301 3794 440 3860 famulas
458 3804 491 3860 et
508 3795 671 3876 universa,
694 3815 779 3880 quae
799 3792 905 3858 eidem
924 3791 1082 3856 eeclesiae
1102 3788 1338 3877 antiquioribus
1356 3791 1511 3856 institutis
1530 3791 1693 3876 pertinere
1711 3789 1873 3872 videntur,

231 3925 270 3968 eo
292 3902 447 3967 videlicet
470 3900 653 3967 stabilitatis
677 3899 789 3965 ordine
819 3909 855 3963 ut
882 3898 945 3963 hac
971 3907 1081 3962 nostra
1103 3898 1295 3962 auctoritate
1321 3909 1353 3961 et
1376 3896 1585 3962 defensione¹
1644 3945 1665 3963 .,
1699 3946 1707 3961 .
1755 3946 1762 3960 .
1810 3946 1817 3960 .
1866 3946 1874 3960 .

232 4058 461 4075 .....
518 4030 630 4073 omnes
653 4005 879 4072 adversarios‘
926 4053 935 4069 .
982 4053 990 4068 .
1037 4060 1044 4073 .
1093 4052 1101 4067 .
1148 4052 1155 4067 .
1203 4053 1211 4067 .
1259 4053 1266 4068 .
1315 4052 1322 4066 .
1370 4053 1377 4067 .
1439 4026 1571 4068 securos
1595 4025 1676 4067 esse.
1716 4002 1874 4067 Volumus

230 4117 364 4204 insuper
387 4127 419 4181 et
448 4114 634 4180 ordinamus
658 4124 754 4199 atque
779 4111 998 4193 concedimus,
1028 4121 1072 4193 ut,
1103 4107 1300 4196 ubicumque
1330 4108 1440 4197 aliqua
1470 4110 1691 4174 controversia
1720 4122 1776 4174 aut
1799 4132 1875 4175 con·

230 4224 354 4289 tentio⁸
393 4265 1341 4287 ..................
1380 4228 1476 4303 atque
1505 4214 1704 4282 concambiis
1736 4219 1876 4282 creverit

187 4352 214 4394 rs
231 4330 287 4396 vel
303 4329 502 4410 emerseritl,
542 4371 1875 4393 .........................

233 4483 849 4503 ............
896 4444 929 4497 et
952 4430 1128 4497 definiendi
1151 4453 1210 4517 per
1232 4452 1376 4517 pugnarn
1400 4431 1469 4494 sive
1493 4431 1708 4517 campionem,
1731 4454 1773 4496 ne
1796 4431 1873 4497 diu¹

356 4700 364 4714 .
480 4699 488 4714 .
536 4699 543 4714 .
591 4697 615 4730 .,
643 4647 702 4712 sed
725 4647 847 4712 domini
870 4646 1041 4711 manifesto
1065 4643 1185 4709 iudicio
1209 4642 1401 4726 declaretur,
1433 4645 1575 4709 omnium
1601 4642 1776 4733 [hominum
1800 4668 1876 4710 con-

231 4758 423 4823 tradictione
446 4766 580 4821 remota.
615 4770 821 4835 Praecipisutss
845 4769 930 4834 igitur
954 4760 1100 4829 iubemus,]
1127 4773 1158 4817 ut
1176 4763 1269 4815 nullus
1288 4765 1342 4816 dux
1369 4766 1489 4816 marchio
1515 4765 1659 4832 episcopus
1686 4782 1777 4817 comes
1804 4768 1875 4817 vicc-

186 4886 215 4926 ιο
232 4894 324 4929 comes
343 4871 522 4929 sculdasciok
539 4875 682 4943 gastaldus
700 4875 831 4941 nullaque
851 4876 928 4941 regni
947 4875 1032 4926 nostri
1050 4879 1215 4940 praepotens
1234 4857 1288 4923 vel
1305 4889 1390 4939 parva
1405 4889 1523 4939 persona
1539 4875 1593 4924 iam
1610 4874 1713 4924 dictum
1731 4860 1875 4924 Primum

233 4986 392 5052 episcopum
410 4970 548 5036 volscos
567 4998 739 5035 successores
759 4984 793 5033 de
812 4983 865 5031 iam
885 4981 960 5032 dicta
978 4966 1222 5032 confirmatione
1245 4976 1278 5030 et
1299 4964 1562 5031 corroboratione
1586 4989 1643 5032 seu
1666 4967 1876 5031 concessione

303 5245 368 5304 ²⁷⁴·
391 5242 1124 5385 prqqnqppobpggqgmpdqaqpq
1134 5239 1623 5365 'luaibillbfllniirdtaadl
1645 5241 1878 5367 miltzi

391 5389 481 5442 datm
541 5390 571 5460 g)
598 5388 725 5440 ἄαᾶίνᾶεν
742 5386 832 5441 Lacca
849 5389 922 5439 einer
943 5386 1099 5439 Drackzdls
1116 5383 1278 5437 noeman
1294 5409 1325 5427 =
1344 5389 1409 5435 ἄιοα
1427 5386 1461 5434 45
1477 5383 1644 5437 Baebstabm
1702 5383 1735 5451 h)
1750 5386 1879 5438 datiam

392 5459 496 5541 dopij
518 5475 548 5512 ao
570 5475 661 5526 prosu
684 5458 790 5540 Locha·¹
811 5458 855 5510 dis
878 5458 938 5510 lss'sr
960 5474 996 5509 aa
1019 5456 1182 5509 manendo
1199 5456 1388 5536 Bestimmuap·
1404 5454 1489 5534 laetat·
1506 5456 1537 5506 s’a
1555 5454 1589 5509 D.
1603 5459 1651 5508 71:
1675 5454 1777 5508 habeat
1794 5455 1879 5524 ipsius

393 5532 504 5602 cocleare
528 5530 670 5598 spiscopus
694 5529 837 5583 licenciam
862 5532 1003 5596 tamquam
1028 5531 1151 5580 nostrum
1176 5543 1267 5580 comcs
1289 5525 1389 5594 palacu
1414 5522 1594 5592 dutrrngendi
1618 5530 1647 5579 et
1669 5524 1811 5579 difiniendi
1833 5527 1877 5580 vel

392 5600 563 5655 deliberandi
615 5600 636 5669 i)
648 5601 774 5654 dabam
784 5600 874 5654 comm
884 5616 976 5666 messe
986 5600 1076 5653 Lache
1127 5598 1157 5665 k)
1167 5600 1220 5650 wir·
1231 5598 1322 5664 {olom
1333 5596 1403 5649 caela
1415 5610 1462 5648 eoa
1475 5595 1535 5647 hier
1545 5612 1584 5647 aa
1595 5598 1662 5650 noch
1674 5597 1715 5650 oo
1725 5598 1807 5651 rebus
1819 5600 1878 5652 dem

393 5688 441 5726 von
460 5673 600 5727 Morioads'
615 5677 640 5738 1,
655 5677 705 5726 631
722 5672 860 5739 medeam
881 5673 968 5735 rate,
992 5673 1029 5723 do
1050 5672 1099 5723 ἄεν
1116 5674 1140 5733 1,
1153 5674 1190 5721 22
1211 5669 1330 5735 pedorem
1352 5667 1418 5719 Tm
1436 5664 1603 5720 sculdaschio
1622 5667 1771 5739 gastaldius
1789 5670 1879 5722 nulla·

393 5760 445 5811 que
464 5743 542 5815 regni
560 5743 646 5797 nostri
663 5747 827 5812 praepotens
845 5759 962 5813 persona
979 5759 1078 5811 magua
1095 5741 1140 5794 rel
1158 5756 1243 5809 parva
1259 5739 1379 5791 a'clsth‘ch
1396 5736 1518 5791 mane
1536 5740 1572 5789 iat

1614 5851 1666 5901 41*
