4798 6486
834 463 1071 523 HEINRICH
1093 465 1132 520 H.
1175 463 1270 520 1020.
1817 459 1881 522 549

233 655 307 719 stati
331 654 486 741 deinceps
510 655 710 719 infuturum
740 657 778 718 eo
809 664 921 718 tenore
944 652 1153 735 abalienavit,
1184 663 1343 739 quatenus
1373 661 1446 737 post
1475 661 1645 738 acceptam
1674 662 1805 717 nostrae
1834 655 1882 718 in·

232 762 398 826 munitatis
421 772 546 826 cartam
568 762 675 847 prima
698 759 843 825 eiusdem
867 760 930 824 loci
954 758 1120 824 abbatissa
1139 756 1343 844 Cvnigvndis
1362 780 1453 822 soror
1470 757 1589 844 prelati
1607 756 1763 824 Aribonis
1786 761 1882 847 eique

233 867 348 933 eodem
372 868 485 933 ordine
517 890 728 933 successurae
758 868 809 932 ius
839 867 1018 953 legitimum
1049 865 1191 952 eligendi
1221 864 1408 947 advocatos,
1439 888 1519 951 quos
1550 865 1613 930 sibi
1642 868 1821 931 necessitas
1852 878 1884 932 et

232 975 355 1040 utilitas
389 974 578 1056 dictaverit,
614 973 721 1039 eidem
755 973 951 1039 monasterio
986 973 1057 1036 sine
1092 973 1234 1036 omnium
1269 972 1525 1036 contradictione
1560 972 1757 1056 mortalium,
1792 973 1885 1040 salva

195 1103 209 1143 s
232 1083 324 1168 regia
342 1092 376 1146 et
393 1082 602 1168 imperatoria
621 1091 791 1167 potestate,
815 1079 995 1162 obtineant3
1019 1089 1093 1165 post
1111 1077 1235 1143 obitum
1253 1101 1331 1143 vero
1352 1102 1446 1143 suum
1465 1080 1675 1166 congregatio
1695 1081 1884 1145 monasterii

231 1212 291 1276 per
314 1189 537 1253 successiones
561 1198 743 1274 temporum
773 1185 911 1251 liberam
941 1185 1062 1250 habeat
1091 1185 1282 1250 electionem
1313 1184 1497 1250 abbatissas
1524 1186 1690 1271 regulares
1712 1187 1805 1251 iuxta
1828 1187 1883 1253 de-

231 1306 356 1360 cretum
379 1296 484 1359 sancti
505 1294 687 1376 Benedicti,
712 1295 855 1359 omnium
879 1292 1134 1357 contradictione
1158 1302 1292 1374 remota,
1322 1290 1661 1357 substituendi—hoc
1685 1293 1813 1359 addito:
1844 1297 1883 1377 si,

231 1401 318 1489 quod
348 1400 443 1484 absit,
475 1401 585 1487 aliqua
614 1399 804 1488 principalis
833 1410 978 1486 potestas
1007 1400 1125 1463 iniuste
1155 1398 1242 1463 idem
1272 1399 1506 1463 monasterium
1528 1398 1582 1463 vel
1611 1422 1664 1463 res
1687 1422 1763 1464 suas
1787 1400 1885 1466 alicui

231 1508 324 1573 alteri
346 1508 542 1574 monasterio
565 1506 620 1573 vel
649 1530 809 1594 personae
840 1506 937 1571 alicui
967 1505 1107 1570 subdere
1130 1504 1185 1569 vel
1213 1506 1247 1568 in
1276 1503 1472 1569 beneficium
1501 1504 1579 1570 dare
1603 1517 1661 1570 aut
1683 1507 1717 1571 in
1739 1510 1885 1594 propn’e-

186 1638 213 1678 1o
231 1626 332 1680 tatem
361 1615 484 1680 donare
507 1615 561 1679 vel
590 1614 819 1701 qualicumque
849 1614 981 1700 ingenio
1004 1612 1080 1677 huic
1110 1612 1275 1699 proposito
1299 1610 1487 1676 abalienare
1511 1611 1686 1701 v[o]luerit,
1716 1616 1884 1701 proximus

232 1721 371 1808 predicti
394 1721 549 1787 Aribonis
571 1721 666 1786 heres
690 1731 756 1785 tarn
779 1720 837 1785 diu
858 1722 893 1784 in
917 1743 976 1785 sua
997 1729 1158 1805 potestate
1181 1719 1328 1801 retineat,
1353 1740 1523 1805 quousque
1545 1731 1656 1784 nostro
1678 1720 1732 1785 vel
1755 1744 1884 1786 succes-

234 1852 343 1894 sorum
365 1838 548 1893 nostrorum
566 1828 726 1893 adiutorio
746 1827 789 1893 ad
808 1838 926 1892 statum
945 1827 1143 1908 monasterii,
1166 1824 1253 1890 unde
1273 1826 1455 1890 contraius
1475 1836 1508 1890 et
1525 1826 1575 1891 fas
1594 1826 1724 1892 ablatae
1744 1827 1884 1912 fuerant,

234 1935 352 2000 iterum
374 1934 511 1999 reducat
534 1945 567 1999 et
589 1936 623 1998 in
645 1935 815 2021 pristinam
838 1933 1021 1999 libertatem
1052 1932 1325 2019 stabilitatemque
1352 1934 1511 1997 restituat.
1557 1934 1654 1998 Iustis
1684 1935 1783 2020 igitur
1811 1958 1884 2022 pre-

235 2041 314 2107 dicti
337 2040 490 2107 Aribonis
513 2040 731 2127 peticionibus
754 2051 935 2105 annuentes
966 2062 1005 2105 eo
1036 2062 1099 2127 quo
1129 2050 1304 2124 rogaverat
1333 2049 1444 2104 tenore
1467 2040 1628 2127 prelatum
1651 2045 1885 2108 monasterium

190 2172 216 2212 n
234 2171 310 2214 cum
337 2147 560 2213 monachabus
589 2147 712 2212 ibidem
740 2149 774 2211 iu
803 2169 937 2234 presens
968 2145 1093 2211 collatis
1115 2146 1168 2210 vel
1198 2147 1233 2209 in
1264 2156 1430 2233 posterum
1454 2146 1659 2212 conferendis
1681 2149 1717 2212 in
1739 2161 1884 2214 nostram

233 2256 460 2320 inmunitatem
482 2257 666 2342 recepimus
689 2265 722 2319 et
744 2255 806 2319 hoc
837 2255 928 2339 regia
951 2264 984 2318 et
1013 2254 1221 2340 imperatoria
1243 2254 1390 2340 precepti
1420 2255 1522 2318 nostri
1552 2253 1701 2320 libertate
1731 2254 1887 2321 donatum

235 2374 267 2427 et
289 2374 447 2449 perpetuo
471 2362 697 2427 confirmatum
719 2371 849 2426 nostrae
879 2382 995 2425 manus
1018 2358 1256 2446 subscriptione
1282 2359 1508 2425 roboravimus
1532 2362 1621 2426 etin
1643 2373 1796 2428 aeternae
1819 2385 1886 2428 rne-

234 2470 356 2535 moriae
380 2469 600 2535 testimonium
624 2468 722 2555 sigilli
744 2469 845 2533 nostri
868 2468 1072 2554 inpressione
1095 2467 1243 2553 insigniri
1266 2467 1483 2553 precepimus.

341 2611 359 2701 ξ
383 2612 519 2699 Signum
543 2611 653 2677 domni
675 2611 825 2675 Heinrici
847 2610 1067 2675 Romanorum
1091 2617 1155 2689 (M.)
1179 2608 1361 2674 inuictissid
1384 2609 1590 2696 imperatoris
1615 2610 1788 2701 augusti}

189 2779 217 2819 ro
341 2752 358 2843 ξ
382 2752 582 2819 Guntherius
605 2752 819 2818 cancellarius
842 2752 916 2817 vice
939 2750 1144 2816 Erkanbaldi
1167 2750 1443 2838 archicappellani
1466 2751 1702 2843 recognovit}

341 2896 430 2961 Data
452 2896 518 2961 kal.
542 2896 618 2961 mai.
641 2895 820 2960 indictione
843 2909 895 2978 111,
926 2916 1012 2959 anno
1043 2894 1225 2960 dominicae
1254 2895 1487 2959 incarnationis
1516 2894 1688 2961 millesimo
1712 2883 1769 2979 xis,
1800 2919 1886 2961 anno

235 3004 346 3069 domni
375 3004 525 3067 Heinrici
554 3002 690 3067 secundi
720 3003 885 3087 regnantis
907 2989 1024 3083 xvl‘llI,
1054 3003 1183 3088 imperii
1212 3024 1291 3066 vero
1314 2991 1382 3085 59113
1413 3013 1522 3066 actum
1545 3001 1675 3085 Wldae,
1706 3001 1886 3068 venerabili

234 3120 340 3198 papa⁹
364 3109 544 3175 Benedicta
567 3121 718 3196 presente
743 3121 776 3173 et
798 3108 1017 3173 confirmante.

1001 3238 1048 3315 (B.
1067 3233 1125 3316 27

188 3580 216 3621 a
1011 3532 1106 3620 429.

234 3698 413 3773 Heinrich
440 3698 604 3797 beatrttiqt
628 3696 708 3771 dem
730 3695 876 3771 Klostcr
896 3695 1022 3771 Faldo
1047 3695 1106 3770 die
1129 3695 1354 3787 Imroanito‘t,
1381 3696 1452 3770 dea
1471 3697 1697 3799 Zebutbezaq
1717 3725 1790 3772 von
1817 3698 1888 3773 dea

236 3820 382 3918 cipenen
408 3815 548 3894 Giitern
574 3815 656 3890 aad
680 3815 748 3890 dos
772 3815 986 3907 Woblrecbt‚
1012 3815 1270 3889 vorbeboltlicd
1292 3814 1359 3889 dar
1380 3814 1605 3916 kbaiplt'cben
1623 3816 1886 3918 &commane

1501 3962 1598 4022 Faue
1621 3964 1702 4024 1020
1723 3962 1790 4022 Mai
1813 3965 1841 4022 3.

347 4124 590 4199 Oripinaidiplom
611 4124 653 4182 im
674 4121 923 4182 assecuratio
944 4141 978 4181 za
1001 4121 1145 4197 Mardara
1168 4121 1240 4189 (A).

343 4267 505 4326 Bracchias
529 4264 662 4325 Circaei.
681 4266 721 4324 59
743 4266 791 4324 cit.
814 4294 858 4303 -
878 4263 1024 4323 Schonnat
1041 4264 1122 4323 Hist.
1143 4264 1230 4323 Fuld.
1250 4267 1282 4335 2,
1298 4265 1357 4323 153
1378 4266 1411 4322 a⁰
1426 4266 1464 4323 41
1488 4282 1541 4323 oras
1561 4266 1661 4324 1.-
1681 4265 1802 4325 Drookc
1821 4265 1886 4326 OD.

344 4374 430 4433 Fald.
450 4374 510 4432 347
527 4376 560 4432 n⁰
575 4373 634 4431 735
652 4372 863 4446 aaooILstttadiq
885 4389 938 4430 aas
956 4372 982 4429 A
1002 4392 1045 4418 =
1063 4371 1163 4447 Miqrre
1181 4370 1294 4430 Potrol.
1313 4372 1381 4441 140,
1398 4372 1457 4430 354
1478 4374 1511 4431 a⁰
1528 4372 1585 4430 117
1607 4373 1660 4432 mit
1677 4373 1888 4448 Erydnzuaqea

343 4499 397 4540 aas
418 4480 488 4540 Do.
505 4479 551 4539 II.
570 4480 636 4540 103.
661 4507 705 4516 -
728 4478 854 4537 Bobmcr
875 4477 947 4553 aeq.
965 4479 1051 4537 1199.
1075 4508 1120 4516 —
1143 4476 1267 4551 Stamps
1281 4477 1353 4553 aeq.
1372 4478 1458 4537 1749.

233 4698 236 4705 .
343 4625 412 4695 Aaf
429 4624 519 4682 aneta
541 4621 631 4680 durch
651 4619 909 4709 Vercasfertiqanq
931 4620 980 4679 dea
999 4620 1214 4695 Monoqramnn
1236 4621 1455 4695 bapmcbtcten
1475 4623 1618 4698 Blaaqaet
1639 4623 1888 4698 pararnonem
1922 4626 1925 4631 ’

346 4730 412 4790 GB.
459 4729 564 4788 Dicscr
593 4728 662 4787 bielt
690 4727 751 4786 aleb
780 4727 964 4786 anmittelbar
993 4747 1032 4786 aa
1059 4728 1113 4787 das
1135 4726 1205 4786 Do.
1222 4726 1269 4786 ΙΙ.
1287 4728 1356 4798 103,
1386 4729 1454 4786 lices
1482 4730 1552 4789 aber
1573 4729 1626 4788 dea
1655 4729 1721 4789 dort
1743 4749 1797 4789 oras
1825 4731 1889 4790 dem

343 4837 475 4911 Putilep
489 4837 538 4895 dea
553 4834 715 4894 Zacharias
729 4836 978 4908 aafyeaommenen
994 4833 1063 4893 Sota
1081 4835 1151 4893 aba·
1165 4835 1212 4893 dic
1226 4833 1403 4908 Eaemptioa
1420 4854 1476 4894 oon
1493 4836 1545 4894 der
1563 4836 1759 4907 biscbdllicben
1777 4837 1889 4897 Gaoalt

345 4948 407 5017 fort
436 4944 495 5003 aad
518 4945 598 5017 sitqte
620 4942 666 5001 dic
690 4941 798 5000 riblicbc
820 4941 1063 5017 Einscbrdalraaq
1085 4942 1134 5000 des
1155 4941 1333 5000 Wadlrecbts
1355 4942 1450 5001 bireta.
1498 4943 1600 5018 Hdnqt
1622 4944 1689 5018 jenc
1711 4945 1889 5019 Aaslassaaq

344 5053 396 5111 nait
425 5052 478 5110 den
503 5049 738 5125 Verlaudlunpea
767 5049 836 5108 iiber
864 5049 911 5108 die
937 5037 1128 5122 llberlassunq
1155 5047 1278 5108 Falda's
1306 5068 1345 5108 aa
1374 5050 1427 5107 den
1450 5049 1545 5123 Popst
1576 5050 1645 5125 (aql.
1669 5049 1710 5109 D.
1735 5052 1810 5118 427)
1841 5069 1887 5109 za·

343 5160 489 5218 summan?

345 5335 403 5401 (C.)
427 5325 444 5415 ᾗ
466 5326 505 5390 ln
535 5327 665 5390 nominc
696 5335 849 5390 sanetac⁸
873 5336 905 5390 et
934 5325 1074 5389 induceb
1104 5325 1268 5389 trinitatis.
1315 5325 1490 5389 Heinricus
1522 5326 1633 5390 diviua
1662 5326 1793 5391 favente
1824 5327 1887 5392 clc-

189 5461 219 5501 ro
236 5436 360 5500 mentia
382 5433 600 5497 Romanorum
623 5435 800 5519 imperator
821 5443 987 5518 augustus.
1107 5446 1224 5497 constat
1252 5463 1302 5497 nos
1331 5448 1424 5497 divina
1452 5448 1626 5514 dispensante
1654 5450 1744 5514 gretia
1771 5451 1888 5499 caeteris

236 5557 438 5621 supereminere
467 5552 640 5614 mortalibus,
668 5547 682 5620 fl
709 5554 782 5604 unde
810 5559 933 5619 oportet,
965 5560 1008 5613 nt,
1040 5554 1119 5603 cuius
1147 5552 1321 5620 procellimur
1350 5560 1491 5613 muncre⁰‚
1523 5555 1583 5604 eius
1614 5556 1773 5606 studeamus
1801 5556 1887 5607 modis

308 5734 371 5791 4⁶28.
397 5736 425 5797 d)
447 5738 471 5789 ,4
545 5738 569 5801 e)
591 5737 641 5786 dua
658 5738 745 5788 awaitc
763 5733 787 5787 P
805 5751 875 5789 corr.
893 5753 945 5788 aaa
962 5734 990 5788 R
1062 5734 1085 5803 s)
1105 5738 1148 5789 dic
1167 5737 1245 5788 Bulla
1263 5739 1298 5789 ist
1316 5739 1346 5788 ia
1366 5736 1437 5789 Geta
1455 5742 1625 5804 saepeprapt.

308 5822 371 5882 lau.
396 5823 607 5895 [Foltz-Bloch]
643 5832 669 5892 a)
688 5826 772 5877 dacor
790 5825 874 5916 kler’ae
891 5825 985 5877 Raaar
1056 5824 1086 5893 b)
1103 5828 1128 5878 A
1200 5828 1225 5893 c)
1243 5844 1260 5879 n
1279 5842 1357 5891 corr,
1376 5825 1447 5879 raohl
1462 5842 1549 5879 oasa
1611 5876 1615 5883 .
