4798 6486
842 422 1078 479 HEINBICH
1100 422 1140 479 11.
1181 421 1276 478 1018.
1820 416 1883 479 487

237 652 299 718 que
330 650 536 694 successores
566 627 654 693 idem
684 625 833 714 predium
857 626 977 691 Terma
1006 626 1127 692 dietum
1157 625 1302 692 habeant
1329 635 1463 691 teneant
1492 637 1525 692 et
1554 627 1597 692 ad
1626 650 1720 692 usum
1752 640 1884 694 sanctae

236 737 402 801 Romanae
432 734 612 800 aecclesiae
641 733 777 799 firmiter
810 733 1009 821 possideant,
1040 734 1080 799 de
1111 745 1225 799 contra
1251 755 1331 798 vero
1360 732 1445 799 datis
1477 733 1599 821 prediis
1621 733 1884 822 Winiheringvn,

238 843 377 908 Antisna
399 852 432 907 et
446 839 626 906 Wolinbab
647 863 682 905 se
706 840 840 906 ulterius
863 862 928 905 non
950 842 1174 906 intromittant
1219 840 1324 927 Igitur
1345 839 1490 905 fidelium
1517 852 1699 906 nostrorum
1723 844 1884 906 communi

241 970 401 1014 consensu
429 947 555 1012 firmato
586 944 792 1030 concambio,
822 949 952 1012 noverit
981 948 1123 1012 omnium
1154 946 1208 1011 dei
1236 946 1380 1011 fidelium
1410 947 1619 1031 universitas,
1650 947 1790 1035 qualiter
1818 959 1884 1013 tam

209 1077 300 1142 apro
323 1056 458 1119 senioris
481 1065 514 1118 et
536 1055 750 1118 antecessoris
773 1055 876 1119 nostri
901 1054 1029 1120 Ottonis
1059 1054 1152 1120 tercii
1182 1054 1386 1140 imperatoris
1417 1076 1514 1141 quam
1544 1076 1604 1141 pro
1636 1064 1746 1120 nostro
1769 1077 1884 1142 paren·

240 1172 372 1249 tumque
390 1172 572 1226 nostrorum
590 1159 734 1224 remedio
754 1159 868 1225 eadem
887 1183 964 1247 sepe
984 1159 1072 1225 dieta
1089 1159 1162 1226 loca
1177 1160 1220 1225 ad
1235 1160 1431 1247 stipendium
1448 1161 1678 1226 canonicorum
1694 1162 1729 1225 in
1747 1160 1884 1250 cenobio

240 1270 343 1333 saneti
372 1267 462 1333 Petri
496 1268 665 1354 sanctique
696 1264 828 1331 (ieoriie
865 1267 1051 1354 degentium
1085 1289 1145 1354 per
1178 1266 1263 1331 hanc
1296 1266 1499 1353 imperialem
1532 1278 1661 1332 nostrae
1695 1267 1884 1333 tradicionis

239 1375 392 1462 paginam
415 1373 624 1439 concedimus
647 1372 804 1438 donamus
828 1384 925 1461 atque
949 1375 1186 1460 proprietamus
1216 1396 1289 1438 cum
1319 1372 1468 1438 omnibus
1492 1396 1603 1438 eorum
1626 1374 1829 1461 pertinentiis
1853 1386 1885 1440 et

238 1479 448 1564 utilitatibus,
483 1480 627 1545 omniurn
657 1479 913 1546 contradictione
943 1491 1084 1562 remota,
1114 1481 1333 1567 precipientes
1362 1481 1478 1565 igitur,
1508 1490 1545 1544 ut
1573 1502 1679 1568 neque
1709 1481 1885 1568 imperator

195 1614 221 1653 ro
239 1609 344 1674 neque
374 1586 442 1651 dux
471 1609 578 1674 neque
609 1588 782 1673 episeopus
811 1609 917 1674 neque
948 1609 1058 1652 eomes
1086 1608 1193 1674 neque
1224 1609 1343 1672 magna
1365 1586 1419 1651 vel
1447 1609 1551 1673 parva
1572 1609 1713 1674 persona
1736 1610 1828 1653 caros
1851 1589 1885 1653 in

240 1692 367 1759 Christo
390 1692 684 1779 Babenbergenses
713 1693 829 1758 fratres
860 1705 985 1758 nostros
1015 1694 1050 1757 in
1075 1693 1211 1780 prefatis
1233 1692 1356 1780 prediis
1379 1694 1560 1781 inquietare
1583 1693 1755 1759 molestare
1779 1694 1885 1760 disve-

240 1802 317 1866 stire
340 1803 410 1865 sive
434 1799 550 1866 eadem
573 1800 645 1866 loca
668 1810 878 1882 commutare,
907 1801 971 1864 nisi
1001 1801 1164 1865 communi
1194 1800 1330 1864 frenum
1357 1800 1502 1882 consilio,
1532 1812 1706 1887 presumat
1754 1799 1790 1867 si
1812 1803 1885 1889 quis

239 1929 317 1973 raro
337 1907 421 1972 hanc
440 1917 570 1972 nostrae
590 1907 772 1971 donationis
791 1908 945 1993 paginam
963 1906 1097 1989 violare,
1122 1906 1210 1993 quod
1228 1904 1324 1989 absit,
1342 1918 1519 1994 presumat,
1538 1930 1612 1972 cum
1630 1907 1713 1973 Iuda
1731 1907 1885 1973 traditore

240 2013 468 2101 indigestibilis
491 2013 638 2100 buccella
661 2024 791 2099 gustum
814 2025 930 2078 sumat
972 2012 1070 2095 Quod
1098 2036 1140 2078 ne
1169 2013 1236 2096 fiat,
1267 2012 1325 2078 sed
1355 2013 1437 2078 baec
1466 2013 1604 2079 tradicio
1627 2025 1739 2079 nostra
1761 2014 1885 2080 stabilis

198 2147 223 2187 rs
241 2132 273 2187 et
295 2121 487 2186 inconvulsa
509 2131 709 2208 permaneat,
732 2120 817 2184 hanc
836 2130 959 2185 carwm
978 2120 1054 2185 inde
1074 2120 1292 2207 conscriptam
1310 2143 1410 2186 manu
1427 2121 1560 2206 propria
1578 2117 1769 2185 roborantes
1788 2120 1886 2207 sigilli

240 2230 341 2294 nostri
365 2229 576 2314 impressione
600 2228 748 2313 insigniri
770 2228 931 2291 iussimus.

347 2509 364 2601 ᾖ
388 2510 587 2577 Guntberius
611 2511 824 2577 cancellarius
847 2512 920 2576 vice
942 2508 1143 2576 Ercanbaldi
1165 2509 1441 2598 archicappellani
1464 2510 1699 2600 recognovit}
1773 2520 1829 2593 (SI.
1843 2520 1886 2592 3.)

347 2655 436 2719 Data
453 2670 502 2719 vl.
521 2655 566 2720 id.
585 2653 668 2720 fela‘¹
685 2653 862 2720 indictione
881 2641 905 2736 l,
929 2675 1014 2718 anno
1034 2652 1217 2719 dominicae
1235 2653 1469 2718 incarnationis
1487 2653 1657 2719 millesimo
1675 2642 1777 2738 xvim,
1800 2676 1886 2719 anno

198 2786 225 2826 ao
242 2784 320 2827 vero
349 2761 458 2826 domni
486 2762 634 2827 Heinrici
665 2760 800 2826 secundi
829 2762 995 2847 regnantis
1018 2749 1106 2843 Nn,
1136 2760 1265 2847 imperii
1294 2771 1403 2825 autem
1426 2751 1495 2844 11‘l13
1526 2771 1634 2827 actum
1658 2761 1885 2848 Mogonciae⁶3

242 2868 380 2933 feliciter
401 2868 540 2933 feliciter
562 2867 701 2932 feliciter
723 2877 849 2932 amen⁹.

917 3114 922 3119 ’
1021 3165 1116 3253 aaa.

243 3329 420 3404 Heinrich
449 3328 594 3403 scircnlct
626 3328 706 3402 den
731 3327 964 3427 Domcapitel
995 3354 1040 3403 zu
1064 3328 1249 3431 Bamberp
1282 3328 1353 3404 dea
1386 3326 1454 3405 Ort
1477 3329 1782 3429 Audieaeubofen,
1816 3331 1888 3405 den

243 3475 283 3523 er
308 3475 367 3523 am
399 3448 496 3550 Tage
528 3450 646 3522 seiae
669 3446 973 3548 Kaiaerkriiaunq
1006 3475 1079 3522 voa
1104 3448 1219 3546 Papst
1243 3448 1420 3523 Berredict
1438 3447 1545 3523 VIII.
1569 3476 1684 3550 qeqen
1719 3450 1787 3525 das
1814 3448 1889 3527 Gar

198 3603 225 3644 a
248 3568 377 3642 Terma
401 3569 443 3640 in
468 3567 534 3641 der
562 3564 783 3663 Grafrcbast
806 3566 935 3641 Nemi
959 3566 1202 3668 eiopetcarcbt
1225 3567 1331 3642 batte.

1553 3743 1597 3753 -
1621 3716 1700 3776 1018
1722 3745 1766 3755 —
1788 3745 1842 3774 —.

352 3874 595 3950 Oriqinaldiplom
617 3874 658 3932 im
679 3874 708 3933 lc.
725 3872 932 3933 Reicbaarcbiv
953 3892 988 3932 zu
1011 3873 1153 3933 Mencken
1177 3874 1247 3941 (A).

349 4017 442 4093 Noqel
462 4017 596 4093 Origines
612 4017 686 4077 doru.
703 4017 811 4076 Boicae
827 4017 891 4075 278
908 4034 961 4075 aas
976 4018 1011 4075 A.
1035 4045 1078 4054 -
1104 4015 1312 4075 oesterreeaer
1333 4016 1366 4075 in
1386 4014 1531 4090 Gedffnete
1548 4016 1672 4076 Archiae
1694 4018 1723 4087 3,
1738 4019 1798 4078 501
1822 4021 1888 4079 21⁰3

348 4142 402 4183 aas
423 4126 459 4184 A.
487 4153 525 4164 -
549 4123 630 4184 Mon.
655 4124 748 4183 Beira
769 4124 841 4193 28⁶,
856 4124 917 4182 470
938 4125 972 4181 ἰθ
985 4123 1046 4181 293
1067 4140 1121 4181 aaa
1142 4123 1170 4180 A
1193 4143 1234 4168 =
1264 4121 1327 4182 ΠΒ.
1351 4122 1400 4181 des
1422 4121 1539 4182 Laudes
1564 4123 1598 4183 ob
1620 4123 1672 4183 der
1693 4123 1778 4184 Enna
1798 4128 1831 4197 2,
1847 4127 1888 4185 78

350 4233 383 4289 πθ
397 4232 445 4291 60.
469 4261 512 4272 -
537 4230 660 4304 Stampf
674 4229 744 4305 Req.
763 4231 850 4291 1700.

350 4376 418 4446 Aes
441 4374 530 4433 cinam
558 4392 614 4431 ooo
638 4372 696 4432 GB
725 4373 778 4431 wie
807 4374 860 4443 fiir
887 4372 941 4430 das
962 4370 1004 4431 D.
1021 4373 1082 4431 382
1108 4372 1326 4446 tepescentes
1348 4370 1493 4447 Blcnquet
1522 4374 1575 4431 mit
1601 4372 1769 4448 Bmutzurq
1797 4374 1889 4434 dieser

354 4480 488 4540 Uritande
508 4479 684 4555 paraneten
714 4498 769 4537 voa
791 4478 848 4538 Ba.
866 4477 912 4537 Π.
959 4477 1023 4538 Der
1050 4479 1123 4538 Tart
1150 4479 1189 4537 ist
1218 4479 1308 4539 durch
1331 4478 1503 4554 Eiafiqran
1530 4480 1609 4539 cister
1631 4479 1889 4552 Pertiaenrsormel

349 4588 408 4646 aad
436 4588 527 4661 einiqe
554 4587 678 4645 kleinere
707 4585 828 4644 ersdtze
857 4586 927 4645 abne
954 4585 1094 4645 aacblicbe
1123 4586 1289 4660 Bedeutaaq
1317 4586 1468 4645 erweilert.
1514 4584 1574 4646 Die
1602 4586 1809 4663 Nacbtraqaaq
1837 4588 1890 4648 der·

354 4695 453 4770 naqa-
476 4693 535 4751 κω
560 4691 737 4767 oraanqaa
758 4691 811 4751 aer
832 4690 996 4767 Damna
1018 4693 1057 4751 ae
1079 4693 1122 4751 aa·
1144 4693 1196 4751 ar
1215 4692 1396 4766 rosacea
1418 4692 1466 4751 aa
1489 4691 1529 4752 1).
1547 4694 1606 4753 aaa
1629 4694 1683 4753 we
1705 4694 1748 4753 aa·
1770 4693 1811 4755 1).
1828 4678 1889 4754 aaa

349 4818 493 4876 verpessen
514 4800 636 4859 eada.

352 4977 410 5049 (C.)
433 4965 450 5057 ss
472 4967 512 5032 In
535 4968 664 5033 nomine
688 4978 820 5032 sanctae
850 4977 883 5031 et
911 4967 1100 5033 individuae
1128 4969 1290 5032 trinitatis.
1335 4967 1511 5034 Heinricus
1534 4967 1647 5033 divina
1669 4967 1800 5034 favente
1824 4970 1888 5037 cle·

244 5077 366 5142 mentia
384 5076 600 5140 Romanorum
618 5075 795 5160 imperator
813 5071 1013 5163 augustus}
1094 5089 1342 5140 noveritomnium
1359 5096 1471 5139 amatae
1488 5090 1533 5140 dei
1550 5088 1702 5141 aecclesiae
1721 5078 1888 5164 nostrique

244 5196 365 5248 fidelium
383 5203 438 5247 tarn
457 5211 585 5262 praesens
604 5202 679 5246 aetas
700 5210 780 5259 quarn
798 5208 815 5240 s
835 5210 998 5245 successura
1016 5197 1172 5261 posteritas,
1194 5194 1314 5260 qualiter
1332 5211 1382 5247 nos
1401 5196 1547 5263 apostolici
1566 5199 1650 5264 patria
1670 5198 1888 5265 ordinatorisque

244 5305 331 5356 nostri
350 5303 492 5354 Benedicti
510 5303 664 5369 petitione⁸
683 5303 711 5353 in
730 5303 790 5368 ipsa
809 5302 989 5353 ordinationis
1008 5308 1119 5353 nostrae
1145 5304 1189 5354 die
1214 5302 1352 5369 quoddam
1371 5305 1560 5354 concambium
1579 5305 1652 5371 apud
1670 5320 1748 5355 suam
1766 5314 1889 5357 sanctam

199 5424 228 5464 ao
245 5411 394 5462 Romanam
414 5408 576 5460 aecclesiam
595 5409 655 5475 pari
674 5406 789 5459 consilio
811 5411 956 5473 utrobique
975 5408 1201 5471 collaudavimus,
1226 5409 1359 5461 donantes
1384 5412 1470 5476 igitur
1493 5418 1605 5461 sanctae
1630 5412 1734 5481 prefate
1754 5411 1888 5485 aecclesie

316 5616 379 5673 882.
405 5621 430 5685 c)
449 5616 483 5670 rii
500 5633 570 5672 corr.
588 5633 640 5669 aas
656 5615 720 5686 rigii
773 5615 803 5684 d)
821 5625 859 5672 vl.
876 5616 912 5672 id
930 5615 983 5673 leb.
1002 5620 1030 5670 in
1049 5619 1137 5683 deser
1148 5618 1281 5684 calam
1292 5616 1382 5671 Laeca
1392 5619 1586 5686 nocbydraqan
1640 5622 1667 5687 a)
1688 5622 1737 5675 der
1750 5622 1890 5677 oasam

404 5689 462 5741 aad
479 5689 605 5741 rislum
622 5688 691 5741 aaa
709 5687 868 5743 feliciter-
879 5704 959 5742 amen
977 5689 1179 5755 meoparcqm.

316 5774 548 5849 mfflreoelau]
585 5778 1009 5845 succursuros-acere
