4836 6504
516 491 582 553 220
1109 494 1569 552 KAISERURKL'NDEN.

516 690 638 740 omnium
656 698 752 739 sancte
770 689 815 739 dei
835 687 953 738 ecclesie
973 697 1182 753 nostrorumque
1201 686 1323 737 fidelium
1342 688 1462 738 omnium
1482 689 1648 752 presentium
1668 686 1775 737 scilicet
1798 695 1826 738 et
1842 687 1996 738 futurorum
2016 687 2168 752 comperiat

517 797 690 855 universitas,
716 794 834 860 qualiter
859 796 976 846 domnus
1002 802 1030 845 et
1053 793 1217 845 venerabilis
1243 795 1329 843 abbas
1350 778 1575 843 1711111161111113ι
1600 795 1709 843 nomine
1735 804 1891 844 sanctarum
1917 795 1962 843 dci
1988 793 2167 843 ecclesiarum

516 901 608 952 Hilari
626 908 654 953 et
672 902 816 952 Benedicti
836 904 869 951 de
890 902 1013 968 partibus
1029 902 1144 951 Venetis
1168 902 1196 951 iu
1215 902 1314 950 finibus
1332 897 1552 951 Riuoaltensib
1572 902 1648 951 iuxta
1667 902 1779 951 fluvium
1794 902 1854 952 Vns
1873 903 1952 952 nobis
1971 918 2050 950 sunm
2070 901 2168 952 eodem

516 1010 598 1060 modo
614 1022 631 1052 s
654 1010 727 1059 misit
744 1009 866 1074 legatum
885 994 1065 1058 Iohannem
1082 994 1236 1058 clericum
1248 1009 1334 1057 nostri
1348 1007 1485 1072 regiminis
1498 1008 1712 1071 magnitudinem
1723 1014 1860 1073 petentem
1873 1014 1955 1073 atque
1968 1010 2168 1074 deprecantem,

517 1124 652 1180 quatenus
671 1132 721 1166 nos
741 1133 790 1181 pro
809 1115 854 1165 dei
873 1132 965 1166 amore
985 1116 1130 1179 animeque
1149 1122 1242 1165 nostre
1262 1114 1383 1165 remedio
1403 1122 1430 1164 et
1453 1115 1540 1165 nostri
1560 1115 1638 1179 regni
1657 1114 1808 1165 stabilitate
1823 1132 1870 1180 per
1883 1124 1975 1165 nostre
1994 1116 2168 1165 auctoritatis
2192 1125 2206 1163 s

517 1230 675 1288 preceptum
695 1222 797 1272 eisdem
816 1224 919 1272 sanetis
938 1221 1063 1272 eeclesiis
1077 1222 1105 1272 id
1119 1224 1296 1273 corroborare
1311 1228 1338 1271 et
1351 1222 1510 1272 confirmare
1523 1222 1706 1287 dignaremur,
1726 1222 1800 1286 quod
1814 1239 1830 1273 a
1843 1221 1966 1273 Karol00
1981 1223 2167 1271 vetustissimo

516 1330 694 1393 imperatore,
721 1313 780 1378 sed
803 1325 836 1378 et
858 1316 963 1400 prime
992 1327 1024 1378 et
1048 1314 1192 1378 secundo
1221 1326 1253 1377 et
1280 1314 1381 1377 tercio
1407 1316 1526 1378 Ottone
1554 1315 1749 1400 imperatore
1775 1330 1895 1379 nostrie
1922 1329 2167 1393 precessoribus

517 1435 550 1485 he
568 1435 662 1486 eedem
680 1434 798 1486 ecclesie
815 1451 902 1500 usque
920 1436 954 1485 ad
971 1442 1093 1485 noenum
1110 1443 1219 1500 tempus
1235 1442 1391 1485 tenuerunt.
1423 1436 1484 1501 lpse
1503 1436 1584 1485 etiam
1601 1434 1716 1485 illustris
1734 1434 1841 1501 legatus
1858 1437 1886 1485 id
1902 1437 1991 1500 ipsum
2009 1442 2169 1500 preceptum

517 1550 580 1591 ante
597 1548 717 1591 nostram
734 1540 834 1591 detulit
850 1543 1025 1606 presentiam,
1044 1543 1073 1592 in
1089 1557 1145 1605 quo
1162 1542 1363 1600 continebatur,
1383 1540 1502 1605 qualiter
1518 1543 1590 1593 idem
1609 1530 1805 1592 sanctissimi
1823 1544 2029 1608 imperatores,
2050 1541 2169 1592 Karolus

517 1634 643 1698 scilicet
661 1644 694 1698 el
712 1635 835 1721 primus
851 1642 884 1698 el
902 1633 1065 1698 secundus
1084 1645 1116 1697 et
1134 1634 1255 1697 tercius
1273 1635 1360 1716 Otto,
1380 1648 1482 1697 eisdem
1500 1648 1626 1698 ecclesiia
1643 1655 1865 1699 concesserunt
1881 1648 1996 1700 colonos
2013 1650 2168 1707 duodecim,
2189 1659 2217 1696 io

518 1771 551 1805 ex
571 1757 669 1820 quibus
688 1755 736 1805 alii
755 1762 819 1806 sunt
835 1769 852 1800 e
874 1750 1043 1806 Ceresurend
1063 1764 1090 1805 et
1115 1754 1163 1804 alii
1189 1757 1218 1804 in
1236 1754 1371 1814 Plariano,
1396 1754 1475 1805 simul
1502 1772 1566 1805 cum
1591 1755 1700 1821 capella
1725 1758 1753 1806 in
1779 1757 1840 1822 ipso
1859 1755 1984 1807 Plariano
2011 1758 2038 1807 in
2065 1758 2168 1808 honore

517 1863 605 1912 sancti
624 1864 700 1913 Petri
718 1863 833 1913 lundata
853 1870 880 1912 et
899 1863 1007 1912 decima
1026 1862 1060 1911 de
1079 1862 1204 1928 predicta
1224 1860 1386 1911 ceresariae
1408 1868 1435 1911 et
1454 1857 1591 1913 Piatem‘
1611 1862 1646 1911 ad
1672 1864 1759 1928 ipsam
1784 1864 1937 1928 pertinente
1957 1863 2092 1928 capellam
2111 1864 2168 1914 sive

517 1984 579 2017 cum
597 1970 685 2019 vincis
704 1972 784 2020 terris
803 1970 881 2020 silvis
901 1972 1005 2034 campis
1025 1971 1110 2036 pratis
1130 1970 1240 2034 pascuis
1260 1967 1407 2034 paludibus
1427 1968 1559 2033 portubus
1579 1971 1607 2018 iu
1626 1970 1750 2034 predicto
1769 1969 1894 2020 Pladano
1914 1971 2080 2028 constitutis,
2107 1986 2169 2020 curn

517 2077 652 2141 ripatibus
671 2076 791 2127 teloneis
815 2064 1076 2149 quarantesimiS‚
1098 2089 1116 2121 a
1133 2092 1195 2125 cum
1212 2076 1337 2127 omnibus
1354 2075 1530 2141 adpredieta
1547 2075 1609 2126 loca
1626 2077 1833 2140 pertinentibus.
1865 2078 2023 2143 Legebumr
2040 2084 2123 2140 atque
2141 2078 2168 2128 iu

517 2182 613 2233 eodem
633 2190 774 2248 precepto,
799 2184 873 2247 quod
893 2184 965 2232 idem
985 2182 1104 2233 Karolus
1121 2196 1138 2228 e
1159 2183 1209 2233 hec
1230 2183 1325 2231 eadem
1352 2180 1414 2231 loca
1440 2199 1489 2248 per
1514 2184 1755 2233 commutationem
1782 2184 1934 2249 accepisset
1953 2192 2082 2234 assuete
2102 2186 2167 2235 Tar·
2189 2190 2216 2229 15

517 2291 624 2340 uisiane
643 2289 762 2340 ecclesie
782 2292 902 2341 antistite
922 2289 1048 2341 Laudelo
1068 2292 1177 2341 nomine
1204 2297 1231 2340 et
1256 2290 1360 2339 eisdem
1379 2288 1505 2339 ecclesiis
1530 2290 1560 2338 in
1585 2288 1753 2340 oblationem
1778 2289 1983 2340 detulissem.
2029 2277 2170 2363 Insuper

517 2383 616 2446 enam
645 2381 816 2469 legebatur
845 2384 880 2446 in
910 2383 1026 2447 eodem
1055 2394 1225 2469 precepto,
1257 2382 1345 2468 quod
1374 2383 1480 2467 ipsam
1503 2404 1523 2445 a
1546 2381 1668 2445 Karole
1691 2396 1811 2445 factem
1835 2395 2022 2447 oblationem
2045 2385 2169 2469 primus

517 2501 549 2553 et
572 2490 734 2554 secundus
759 2500 792 2554 ei
814 2492 933 2554 tercius
954 2491 1031 2555 Otto
1050 2521 1134 2569 supra
1154 2505 1301 2555 nominatis
1321 2502 1447 2552 eeclesiis
1468 2503 1576 2567 perani
1596 2504 1719 2568 precepti
1739 2502 1970 2554 eoufimrationem
1990 2500 2169 2554 dederinth

517 2618 600 2675 utque
618 2611 753 2677 imperiali
771 2613 901 2676 potencia
920 2612 1077 2661 habendum
1103 2595 1336 2660 inviolabiliter
1362 2605 1645 2659 confirmaverintl.
1683 2610 1739 2659 Nos
1765 2618 1856 2659 autem
1882 2612 1961 2660 deum
1987 2612 2114 2660 timentes
2142 2620 2169 2661 et

516 2719 607 2784 ipsum
626 2718 761 2768 illustrem
782 2718 902 2783 legatum
921 2721 993 2768 iuste
1013 2726 1151 2784 petentem
1171 2724 1314 2767 cernentes
1334 2725 1361 2767 et
1380 2724 1510 2782 precepta
1529 2726 1728 2782 auguratoram
1745 2730 1762 2761 a
1782 2718 1960 2767 observantes
1979 2719 2169 2768 confirmamus
2190 2728 2219 2766 te

517 2832 545 2876 et
563 2826 772 2877 corroboramus
792 2841 841 2890 per
859 2826 911 2875 hoc
930 2832 1023 2875 nostre
1050 2824 1152 2890 regulis
1177 2825 1350 2875 auctoritatis
1376 2830 1536 2889 preceptum
1562 2825 1664 2874 eisdem
1690 2822 1815 2873 eeclesiis
1841 2825 2049 2888 rectoribusque
2076 2841 2170 2874 earum

517 2934 708 2998 prenominata
735 2931 797 2982 loca
815 2948 877 2981 cum
903 2933 1029 2983 carnibus
1056 2930 1120 2982 olim
1144 2932 1344 2998 pertinentibus
1370 2930 1406 2980 ad
1431 2932 1492 2979 iura
1517 2931 1638 2997 ipsarum
1665 2940 1692 2981 et
1716 2930 1892 2981 senodochiis
1918 2931 2069 2980 beatissimi
2094 2932 2169 2980 Petri

517 3037 638 3104 apostoli
656 3046 684 3088 et
698 3039 756 3087 Viti
775 3040 901 3096 martiris,
921 3037 1014 3102 quod
1035 3046 1089 3087 est
1109 3039 1136 3087 in
1156 3039 1268 3087 civitate
1282 3039 1418 3095 Taruisio,
1438 3044 1511 3086 etex
1524 3039 1716 3102 omnibusque
1730 3032 1921 3103 aspredietak
1936 3036 1996 3087 loca
2010 3032 2165 3087 Cereaaria¹

518 3151 545 3195 et
563 3145 681 3195 Platane
702 3147 840 3211 pertinent
859 3160 921 3193 cum
939 3160 1024 3209 supra
1042 3145 1182 3194 nominata
1202 3142 1309 3209 capella
1329 3151 1355 3194 et
1379 3145 1432 3193 iam
1458 3144 1583 3208 predicta
1607 3145 1721 3203 decima,
1747 3160 1809 3193 cum
1835 3144 1986 3208 designatis
2013 3152 2096 3207 atque
2122 3145 2169 3195 de·

517 3252 627 3316 scriptis
649 3250 792 3301 lateribus:
820 3253 917 3301 borium
937 3267 991 3300 uno
1012 3249 1096 3299 latere
1116 3251 1239 3300 firmante
1259 3249 1376 3300 insulae
1395 3266 1448 3314 que
1468 3251 1569 3299 dicitur
1587 3251 1746 3317 Piseniga¹¹‚
1773 3250 1828 3301 alie
1849 3249 1934 3300 latere
1954 3252 1982 3300 in
2001 3249 2126 3310 Tercola,
2154 3269 2171 3301 a
2189 3259 2219 3299 ts

516 3359 604 3408 tercio
625 3355 709 3407 latere
729 3358 757 3407 in
775 3364 870 3415 strata,
890 3366 987 3421 quarto
1007 3372 1073 3405 vero
1094 3355 1178 3406 latere
1199 3358 1306 3421 inipso
1325 3358 1387 3407 vico
1407 3356 1533 3406 Platane.
1571 3357 1631 3406 Hee
1658 3359 1749 3407 omnia
1774 3358 1802 3406 in
1828 3358 1895 3422 ipsis
1923 3356 2048 3407 eeclesiis
2071 3358 2169 3407 confir·

518 3480 622 3514 mamus
641 3470 669 3513 et
688 3465 897 3515 corroboramus
918 3479 978 3513 cum
998 3465 1077 3512 terris
1097 3464 1185 3512 vineis
1205 3464 1290 3528 pratis
1310 3465 1421 3527 pascuis
1447 3465 1551 3528 campis
1570 3463 1647 3514 silvis
1668 3466 1860 3514 variationibus
1881 3466 1959 3529 aquis
1980 3480 2169 3529 aquarumque

517 3572 679 3622 decursibus
699 3570 845 3635 paludibus
865 3569 1028 3621 molendinis
1047 3571 1113 3634 ripis
1135 3572 1268 3635 portubus
1294 3572 1428 3636 ripatibus
1454 3569 1572 3620 teloneis
1598 3558 1848 3643 quaraniesiinis
1872 3572 1985 3621 decimis
2005 3574 2170 3636 cunctisque

517 3681 552 3730 ad
571 3695 655 3744 supra
674 3679 777 3744 scripta
796 3676 859 3728 loca
877 3679 1085 3743 pertinentibus.
1123 3678 1253 3727 lubentes
1274 3686 1352 3748 crgo
1372 3677 1530 3728 terribiliter
1548 3679 1721 3743 precipimus,
1746 3684 1777 3727 ut
1795 3676 1887 3727 nullus
1908 3679 2055 3743 episcopus
2074 3679 2171 3728 Terui·

517 3786 613 3837 sinus⁰
638 3792 686 3835 aut
709 3784 804 3849 aliqua
823 3783 878 3834 alia
896 3801 1014 3849 persona
1033 3801 1132 3850 magna
1151 3787 1209 3834 sive
1230 3802 1316 3851 parva
1341 3786 1471 3849 predictis
1498 3784 1623 3836 ecclesiis
1647 3786 1831 3835 ministrantes
1850 3786 2003 3849 inquietare
2022 3784 2171 3836 molestare
2192 3793 2222 3832 ω

518 3900 546 3943 et
564 3893 598 3942 de
617 3908 701 3958 supra
724 3892 804 3941 dietis
832 3890 899 3942 iocis
925 3892 1062 3941 disvistire
1089 3877 1158 3941 siue
1183 3877 1305 3962 regalia
1329 3877 1450 3941 iudicio
1472 3898 1618 3957 presumat.
1665 3877 1726 3940 His
1751 3878 1850 3962 igitur
1873 3900 1972 3962 supra
1994 3878 2171 3941 nominatis

518 3984 597 4048 locis
621 4007 642 4047 a
664 3983 758 4047 nobis
781 3984 831 4047 his
855 3985 935 4070 ipsis
960 3983 1107 4047 ecelesiis
1132 3985 1296 4047 concessis
1327 3996 1359 4047 et
1382 4006 1442 4070 per
1464 3985 1565 4048 nostri
1588 3985 1734 4070 precepti
1767 3983 2043 4047 confirmationem
2067 3984 2173 4048 invio-

517 4089 659 4155 labiliter
682 4091 889 4173 confirmatis,
913 4090 1027 4155 Karoli
1058 4104 1091 4153 et
1115 4091 1290 4156 Ottonumq
1314 4091 1582 4176 predecessorum
1612 4102 1794 4154 nostrorum
1817 4113 2009 4175 magnorum
2031 4091 2173 4176 impera-

518 4208 623 4261 torum
659 4197 747 4260 lacta
788 4220 848 4283 per
882 4198 991 4261 omnia
1027 4198 1272 4283 equiperentcs‚
1308 4221 1367 4283 pro
1403 4198 1509 4260 anime
1544 4208 1653 4260 nostre
1695 4195 1840 4259 remedio
1876 4196 2042 4282 nostrique
2077 4200 2173 4282 regni

518 4303 695 4368 stabilitate
720 4314 777 4367 ae‘
803 4304 959 4388 petitione
984 4327 1083 4389 supra
1111 4304 1223 4389 scripti
1253 4304 1353 4387 legati
1383 4325 1443 4388 per
1471 4315 1656 4388 presentem
1686 4303 1840 4388 paginam
1870 4304 2016 4388 precepti
2047 4303 2173 4368 eisdem
2195 4328 2225 4367 ss

518 4411 665 4475 ecclesiis
686 4409 894 4473 concedimus
915 4421 947 4473 et
965 4410 1194 4474 confirmamus
1212 4409 1400 4473 habendum
1420 4421 1545 4473 cartem
1563 4432 1659 4473 unam
1684 4431 1746 4494 que
1765 4411 1951 4472 nominatur
1969 4409 2171 4494 Treseguio·

519 4527 552 4580 et
574 4516 692 4579 11111111ι
718 4539 781 4600 que
807 4515 926 4579 dicitm
948 4516 1134 4597 Aureliam,
1166 4518 1245 4579 sitas
1276 4518 1309 4579 in
1340 4517 1495 4580 corrritatu
1518 4516 1742 4597 Tamisianm,
1774 4540 1848 4579 eum
1873 4515 2023 4580 omnibus
2047 4539 2173 4603 appen-

519 4623 645 4687 denciis
670 4622 760 4684 suis¹¹
784 4634 816 4685 et
840 4644 913 4686 eum
937 4623 1098 4686 universis
1123 4623 1165 4686 ad
1189 4624 1319 4687 easdem
1345 4624 1435 4685 iurev
1460 4621 1693 4707 aspicientibus
1724 4634 1924 4709 cunctasque
1955 4621 2036 4686 alias
2067 4636 2173 4688 terras

519 4752 539 4793 a
569 4727 830 4816 quibuscumque
860 4729 939 4791 viris
970 4724 1158 4814 prescriptis
1182 4731 1303 4793 sanctis
1334 4728 1482 4793 ecclesiis
1512 4728 1660 4814 legaliter
1690 4728 1876 4811 attributas,
1907 4742 1959 4795 hoe
1986 4746 2174 4810 precipientes

519 4867 551 4900 ac
571 4849 658 4916 regali
678 4849 792 4914 imperio
811 4850 1009 4911 confirmantes,
1029 4858 1059 4901 ut
1078 4850 1170 4901 nullus
1190 4851 1289 4900 dehinc
1309 4852 1363 4899 dux
1384 4851 1505 4899 marchio
1530 4866 1621 4901 comes
1639 4852 1795 4916 patriarcha
1814 4851 2039 4916 archiepiscopus
2059 4857 2108 4900 aut
2128 4853 2173 4903 bic
2195 4861 2226 4899 so

519 4959 667 5022 episcopus
687 4956 865 5007 Tertiisiauns
883 4956 926 5006 vel
947 4956 1047 5021 aliquis
1068 4974 1211 5007 successor
1231 4958 1290 5006 eius
1310 4957 1344 5005 dc
1371 4958 1477 5006 cunctis
1503 4972 1587 5021 supra
1612 4973 1661 5021 per
1686 4958 1809 5007 ordinem
1834 4957 1980 5006 nominatis
2006 4956 2174 5008 famulantes

520 5064 650 5130 predictis
670 5064 796 5115 ecclesiis
815 5066 969 5129 iuquietare
989 5064 1031 5114 vel
1052 5066 1085 5114 de
1105 5064 1244 5127 aliquibus
1264 5065 1400 5113 disvistire
1421 5051 1490 5112 sine
1514 5049 1643 5133 regilliW
1666 5049 1787 5113 iudicio
1815 5072 1960 5129 presumat.
1999 5063 2173 5115 Contradici·

520 5189 579 5221 mus
599 5174 681 5222 etium
699 5174 823 5224 homines
842 5189 926 5238 supra
945 5173 1080 5221 dictarum
1100 5170 1279 5220 ecclesiarum
1298 5178 1384 5220 terras
1401 5183 1418 5213 s
1438 5170 1594 5219 habitantes
1615 5172 1749 5220 universis
1776 5168 1953 5219 iudicialibus
1972 5172 2107 5234 personis,
2134 5173 2176 5221 ita

591 5344 654 5400 185.
679 5344 825 5414 [Bresslau]
863 5345 889 5409 a)
901 5343 1046 5395 Vilielmus
1066 5344 1089 5395 C
1140 5342 1168 5397 bl
1188 5342 1237 5393 BC
1248 5367 1279 5384 =
1293 5342 1358 5395 ΝΒ,
1378 5342 1695 5409 (sriarnpfiieq.1saa);
1713 5340 1933 5394 Rivoaltensibus
1951 5341 2010 5393 VU.
2071 5344 2097 5405 c)
2116 5341 2176 5395 Ka-

680 5416 741 5468 rulo
761 5418 783 5467 C
858 5415 886 5481 (1)
904 5415 1029 5466 or'eller'ebt
1048 5414 1252 5466 arderardus
1271 5417 1299 5463 in
1319 5413 1367 5465 BC
1384 5414 1505 5477 felrlerrde
1522 5411 1551 5463 in
1570 5414 1760 5466 uusderl'U.
1779 5418 1965 5478 europeam
2040 5417 2067 5479 e)
2090 5412 2175 5467 Cere·
2196 5435 2226 5474 ts

679 5488 792 5539 sareaC
843 5485 868 5551 1)
888 5485 1046 5539 PladanoC
1097 5490 1126 5552 g)
1146 5484 1339 5535 contulissetC
1399 5483 1427 5543 11)
1449 5485 1483 5543 ti·
1508 5483 1615 5536 dederit
1628 5486 1666 5545 B,·
1691 5482 1825 5535 dederunt
1844 5483 1906 5536 ΝΠ.
1967 5481 1988 5547 1)
2010 5483 2077 5535 0:
2091 5485 2176 5546 NU.,·

680 5556 853 5611 eonfirmavit
871 5558 896 5609 Β
985 5555 1014 5619 kl
1034 5558 1100 5607 C=
1118 5555 1190 5616 VU.;
1215 5553 1289 5606 dieta
1309 5556 1333 5605 Β
1423 5555 1443 5621 1)
1463 5553 1602 5607 Ceresario
1616 5556 1652 5621 Β;
1678 5553 1855 5606 CerasariaC
1940 5556 1979 5619 m)
1999 5552 2138 5607 ininsula
2152 5559 2178 5609 B

680 5632 708 5694 n)
727 5628 863 5681 Piseiuiea
876 5630 901 5681 Β
980 5630 1008 5689 ο)
1025 5625 1168 5680 Tarulae*
1237 5628 1266 5693 p)
1286 5627 1336 5677 BG
1351 5626 1408 5676 aad
1425 5626 1515 5677 eboreo
1534 5626 1557 5678 0
1573 5629 1602 5677 ia
1619 5627 1667 5676 do·
1684 5627 1739 5678 VU.
1759 5631 1822 5677 nott
1840 5623 1937 5692 legali·
1961 5626 1997 5675 do
2016 5625 2178 5680 arsiam

679 5703 737 5753 else
755 5701 879 5753 mutescit
896 5699 976 5750 sehon
993 5700 1049 5762 aas
1062 5700 1112 5751 (las
1130 5698 1175 5750 Or.
1188 5699 1237 5747 der·
1253 5698 1309 5750 VU.
1326 5697 1497 5762 surriclpelrt,
1517 5713 1608 5762 scupea
1627 5700 1678 5747 wir
1693 5697 1765 5747 nicht
1783 5714 1818 5747 zu
1836 5697 2013 5757 ernerrdrerem
2031 5697 2083 5762 apl.
2103 5701 2176 5750 erich

680 5774 713 5826 N.
727 5788 752 5822 w
824 5772 851 5839 q)
871 5769 1004 5824 OttoniC
1079 5778 1103 5835 r)
1125 5767 1176 5820 hac
1190 5770 1215 5820 Β
1286 5772 1308 5835 s)
1330 5766 1514 5820 TreseculoG
1584 5772 1605 5833 t)
1625 5768 1677 5819 alia
1691 5769 1716 5819 Β
1788 5770 1816 5825 ul
1839 5768 1905 5819 C:
1919 5766 2000 5827 NU.,·
2022 5784 2137 5820 suarum
2151 5772 2178 5823 B
2197 5791 2228 5829 ω

679 5846 707 5909 v)
723 5842 795 5895 iuras
808 5844 833 5894 Β
904 5844 940 5909 w)
958 5842 1019 5902 Bo·
1037 5842 1087 5907 τρὶ.
1106 5842 1174 5908 N.p
