4804 6498
524 400 566 461 82
1120 404 1582 461 KAISERURKUNDEN.

523 606 586 656 dam
605 612 774 675 preceptum,
794 605 868 670 quod
887 606 1026 671 piissimus
1046 607 1142 656 beatae
1163 608 1309 656 memoriae
1333 592 1442 656 senior
1465 614 1559 657 noster
1579 604 1611 655 et
1633 602 1822 655 antecessor
1846 589 1922 655 Otto
1946 589 2069 653 tercius
2093 603 2185 666 impe·

523 719 597 763 rator
623 720 758 777 angustus
785 712 908 778 Spirensi
935 712 1089 763 aecclesiae
1117 715 1241 778 suiqne⁶
1269 714 1459 778 provisoribus
1486 711 1617 762 videlicet
1643 712 1780 778 episcopis
1806 711 1920 761 donavit
1946 707 1980 760 el
2010 696 2094 760 sicul
2124 693 2183 757 alil

523 816 748 870 antecessores
772 808 821 869 sui
845 828 940 891 reges
965 818 997 870 et
1021 808 1233 892 imperatores
1257 821 1404 879 concessit,
1430 819 1483 870 hoc
1504 826 1544 869 est
1564 828 1595 869 ut
1613 818 1706 869 nullus
1725 819 1780 868 dux
1799 820 1858 868 sive
1878 834 1971 868 comes
1991 816 2034 867 vel
2060 801 2185 887 uliquis

522 925 649 993 publicus
675 925 759 975 iudex
783 911 836 975 vel
860 925 932 977 ullus
957 944 990 976 ex
1014 927 1160 978 iudiciaria
1178 933 1317 993 potestate
1342 936 1391 977 aut
1414 927 1508 992 aliqua
1527 926 1675 977 cuiuslibet
1693 927 1840 993 potestatis
1860 927 1956 990 ignota
1976 940 2103 990 persona,
2125 923 2183 972 nisi

522 1031 597 1083 solus
613 1033 761 1098 episcopus
781 1040 808 1083 et
826 1033 979 1084 advocatus
998 1035 1084 1100 ipsius
1104 1050 1188 1100 supra
1203 1034 1294 1084 dictae
1307 1035 1444 1099 Spirensis
1464 1034 1626 1094 aecclesiae,
1645 1050 1678 1084 ex
1697 1033 1821 1083 iussione
1841 1040 1868 1083 et
1883 1033 2065 1083 concessione
2084 1038 2185 1080 nostn
2211 1041 2229 1079 a

521 1140 652 1206 deinceps
678 1147 843 1205 potestatem
863 1140 963 1190 habeat
982 1157 1030 1206 pro
1051 1157 1224 1205 quocumque
1244 1142 1356 1206 negotio
1376 1140 1419 1190 vel
1440 1156 1490 1207 pro
1510 1140 1604 1206 aliqua
1622 1158 1651 1191 re
1670 1157 1756 1206 parra
1775 1146 1824 1190 aut
1843 1156 1943 1204 magna
1961 1138 2094 1204 placitum
2113 1139 2183 1187 reti-

522 1264 586 1297 nere
611 1263 662 1297 seu
688 1246 830 1312 publicum
855 1247 988 1297 iudicium
1006 1249 1098 1297 facere
1124 1249 1194 1298 intra
1219 1249 1358 1298 civitatem
1379 1250 1459 1314 Spira
1484 1264 1534 1298 seu
1554 1249 1669 1298 Nemota
1688 1256 1815 1298 vocatam
1842 1254 1891 1297 aut
1913 1248 1942 1296 in
1962 1247 2081 1295 circuitu
2101 1252 2185 1294 extra

521 1355 671 1413 ciuitatem,
697 1354 726 1403 id
746 1361 787 1403 est
812 1355 839 1404 in
859 1353 925 1404 villa
945 1356 1025 1419 Spira
1048 1361 1075 1404 et
1102 1356 1129 1403 in
1155 1354 1265 1404 marcha
1284 1371 1337 1425 que
1362 1356 1449 1404 eidem
1477 1356 1537 1405 urbi
1563 1355 1693 1404 adiacens
1718 1362 1768 1414 est,
1795 1362 1844 1404 aut
1862 1353 1969 1418 aliquid
1989 1369 2038 1418 per
2056 1350 2184 1416 regalem

522 1463 643 1511 bannum
668 1462 697 1511 in
724 1477 802 1511 usum
829 1463 916 1511 nostri
941 1477 1189 1526 successorumque
1213 1470 1369 1511 nostrorum
1388 1462 1498 1526 exigere
1522 1478 1611 1526 neque
1630 1459 1736 1526 aliquid
1755 1462 1789 1511 de
1808 1461 1929 1526 praediis
1949 1458 1993 1510 vel
2013 1459 2048 1509 de
2067 1466 2184 1508 moneta

520 1584 569 1618 seu
587 1581 604 1612 r
626 1567 757 1618 theloneo
776 1567 820 1616 vel
845 1585 879 1617 ex
905 1567 962 1618 ulla
988 1584 1017 1617 re
1042 1570 1070 1618 in
1088 1568 1184 1618 liscum
1210 1569 1315 1633 regium
1341 1570 1495 1619 transferre.
1534 1571 1591 1619 Nec
1612 1568 1686 1618 ullus
1705 1569 1845 1618 hominum
1865 1584 1898 1618 ex
1917 1566 2046 1617 fidelibus
2065 1574 2183 1616 sanctae
2210 1582 2240 1617 ro

521 1677 565 1725 dei
585 1674 740 1725 aecclesiae
763 1692 796 1724 ac
816 1675 917 1724 nostris
940 1676 968 1724 iu
988 1674 1131 1725 aecclesiis
1151 1682 1199 1725 aut
1220 1674 1288 1724 locis
1309 1675 1351 1726 vel
1371 1677 1445 1741 agris
1464 1692 1512 1725 sen
1532 1677 1560 1726 in
1580 1675 1694 1740 reliquis
1713 1677 1935 1741 possessionibus
1954 1674 2097 1740 praefatae
2116 1690 2183 1723 sec·

521 1782 631 1841 clasiae,
657 1798 726 1846 quas
746 1783 818 1831 iuste
843 1788 870 1831 et
894 1782 1096 1832 rationabiliter
1115 1784 1255 1848 possidere
1275 1783 1392 1841 videtur,
1417 1782 1637 1846 inquibuslibet
1660 1785 1737 1848 pugn‘s
1757 1782 1801 1832 vel
1821 1783 1962 1841 teritoriis,
1983 1780 2026 1830 vel
2047 1781 2185 1845 quicquid

521 1890 623 1940 ibidem
648 1897 762 1955 propter
781 1888 904 1938 divinum
930 1904 1050 1938 amorem
1074 1896 1102 1939 et
1124 1891 1327 1940 venerationem
1352 1891 1449 1939 beatae
1469 1890 1573 1939 Mariae
1599 1906 1706 1956 semper
1732 1891 1846 1955 virginis
1866 1887 1999 1939 collatum
2025 1888 2118 1947 inerit,
2145 1888 2185 1936 ad

521 2012 620 2047 causas
647 1996 799 2046 audiendas
819 1994 862 2044 rel
883 1995 960 2045 lreda
979 1996 1114 2061 exigenda
1139 2004 1187 2046 aut
1212 1998 1367 2047 mansiones
1391 1995 1434 2046 vel
1461 2006 1571 2061 paratas
1596 1996 1737 2046 iaciendas
1763 2004 1812 2046 ant
1836 1996 2013 2046 fideiussores
2040 1993 2187 2045 tollendos

521 2110 569 2154 aut
588 2102 659 2153 ullas
679 2103 878 2153 reddibitiones
897 2101 941 2151 vel
960 2101 1072 2152 illicitas
1092 2104 1253 2153 occasiones
1272 2105 1449 2168 requirendas
1473 2112 1521 2153 ant
1540 2103 1663 2153 homines
1687 2105 1775 2168 ipsius
1795 2102 1949 2153 aecclesiae
1967 2110 2023 2152 tam
2043 2104 2186 2167 ingenuos
2206 2114 2235 2151 rs

522 2226 604 2276 quam
622 2225 718 2259 servos
743 2206 775 2259 el
797 2194 1038 2280 lnunllllingos‘¹
1064 2210 1166 2259 iniuste
1185 2211 1413 2275 constringendos
1433 2209 1489 2260 ullo
1510 2226 1638 2275 umquam
1657 2220 1779 2277 tempore
1799 2211 1868 2260 inire
1887 2210 1990 2259 audeat
2009 2208 2053 2259 vel
2073 2226 2108 2259 ea
2128 2226 2185 2277 que

521 2334 605 2384 snpra
623 2324 773 2367 memorata
792 2323 855 2367 sunt
875 2318 985 2382 penitus
1004 2318 1113 2382 exigere
1132 2324 1181 2367 aut
1211 2306 1391 2367 exactitare
1417 2326 1588 2384 praesumat;
1614 2319 1663 2368 sed
1683 2318 1766 2368 liceat
1788 2318 1889 2367 ibidem
1909 2317 1962 2367 deo
1982 2315 2186 2366 famulantibus

520 2426 572 2476 sub
590 2432 701 2476 nostrae
727 2424 907 2474 immunitatis
932 2426 1052 2474 tuitione
1071 2426 1165 2489 quieto
1185 2425 1280 2474 ordine
1300 2427 1393 2475 vivere
1417 2442 1449 2474 sc
1469 2426 1597 2485 residere,
1622 2427 1752 2489 quatinus
1771 2424 1870 2475 melius
1888 2423 1944 2474 illis
1964 2423 2086 2474 delectet
2106 2426 2185 2473 omni

524 2544 647 2599 tempore
673 2549 723 2598 pro
743 2533 824 2582 nobis
850 2539 933 2596 atque
959 2531 1110 2582 stabilitate
1133 2533 1219 2582 totius
1245 2534 1322 2596 regni
1347 2549 1365 2582 a
1387 2532 1440 2581 deo
1458 2533 1539 2582 nobis
1558 2531 1654 2582 collati
1673 2532 1776 2582 domini
1802 2532 2020 2582 misericordiam
2046 2533 2185 2581 attentius

523 2657 647 2691 enorme.
683 2640 718 2689 nt
738 2648 768 2689 ut
784 2653 802 2683 r
822 2646 933 2689 nostrae
951 2641 1138 2689 concessionis
1158 2641 1310 2689 auctoritas
1329 2623 1453 2688 stabilis
1473 2638 1505 2688 et
1528 2625 1720 2689 inconvulsa
1741 2636 1942 2711 permaneat,
1967 2625 2054 2688 hanc
2078 2627 2184 2688 nostrl
2205 2648 2234 2685 aa

524 2736 692 2821 praecepti
722 2735 877 2819 paginam
907 2755 1006 2796 manu
1034 2733 1166 2818 propria
1189 2730 1379 2795 roborantes
1406 2744 1515 2815 nostre
1543 2732 1695 2817 imag‘nis
1719 2731 1825 2817 sigillo
1849 2732 1993 2818 imprimi
2017 2732 2184 2795 iussimus.

630 2883 648 2973 ξ
672 2883 810 2969 Signum
833 2882 944 2947 domni
966 2883 1116 2947 Heinrici
1140 2881 1275 2946 secundi
1299 2890 1363 2961 (M.)
1387 2884 1473 2967 regis
1496 2884 1710 2946 invictissimi.
1736 2880 1754 2971 ᾖ

630 3024 647 3114 ξ
671 3024 862 3111 Egilbertus
885 3026 1098 3090 cancellarius
1122 3027 1195 3089 vice
1213 3024 1378 3110 Unilligisi
1403 3023 1657 3110 archicapellani
1680 3027 1881 3110 recognovit.
1905 3024 1923 3114 3
2015 3036 2138 3095 (81.2.)

630 3167 721 3231 Data
751 3182 803 3231 111.
827 3166 871 3230 id.
897 3169 995 3231 iunii⁰
1024 3191 1109 3232 anno
1136 3167 1369 3231 incarnationis
1392 3166 1575 3230 dominicae
1598 3182 1680 3247 sim,
1711 3168 1888 3233 indictione
1911 3184 1935 3247 1,
1966 3170 2077 3235 annos
2104 3194 2204 3236 veru-

524 3275 636 3339 domni
658 3273 809 3338 Heinrici
832 3275 919 3359 regis
941 3288 978 3337 11.
1003 3274 1164 3353 secund03
1188 3284 1297 3337 actum
1320 3271 1546 3359 Babenberge.
2208 3306 2237 3345 ‚⁵

1326 3590 1392 3676 53.

529 3762 703 3835 Heinrich
735 3762 885 3835 oerlndt
909 3762 988 3835 dem
1024 3790 1091 3835 ons
1124 3761 1450 3858 Loieolrerrscbofl
1483 3760 1658 3857 bcy‘reilen
1684 3762 1831 3836 Kloster
1856 3764 2075 3865 Ellwonperr
2113 3768 2185 3840 den

528 3881 796 3982 Konipssctutz,
823 3881 883 3953 die
900 3880 1061 3953 Freiseit
1085 3908 1155 3953 cion
1177 3880 1300 3953 Falsa
1322 3880 1402 3953 ond
1418 3880 1627 3952 Reicdeaoo
1653 3881 1734 3954 aad
1754 3883 1822 3955 das
1844 3882 2052 3958 ll⁷odlreclrt
2076 3901 2188 3959 enter

532 4001 726 4076 l⁷orbeltolt
750 4001 816 4073 der
841 3999 1068 4098 liiniplicden
1094 3998 1329 4097 illitwlrlnnp
1353 3999 1410 4070 bei
1436 3998 1501 4070 der
1527 3997 1641 4071 Wodl.
1741 4029 1887 4102 pamm
1911 4031 1992 4089 1003
2013 4062 2059 4070 ..
2083 4064 2139 4092 -‚

630 4225 772 4284 Deslmde
790 4225 994 4297 Cebennam
1016 4224 1056 4280 im
1077 4222 1248 4295 Copiolbucl
1274 4242 1325 4279 ron
1344 4222 1512 4296 Ellrconqea
1535 4240 1589 4280 ons
1610 4223 1673 4280 deta
1697 4224 1743 4282 15.
1760 4224 1814 4283 Js.
1835 4228 1860 4297 s.
1878 4228 1937 4287 103
1959 4229 2000 4285 lm
2023 4229 2053 4286 lr.
2072 4228 2185 4287 Simus.
2206 4252 2234 4289 ,υ

630 4333 731 4391 erclis
753 4350 787 4389 zu
812 4330 957 4403 Slullporl
981 4329 1051 4396 (Β).
2202 4350 2207 4357 ·

631 4474 758 4532 Is'ltomm
781 4472 961 4531 Hierorrdlo
985 4472 1164 4543 sispalona,
1194 4471 1354 4527 erector-ism
1382 4471 1481 4543 pann
1504 4462 1604 4539 1⁵‚25
1628 4491 1681 4528 aas·
1704 4472 1734 4528 B
1757 4493 1799 4518 =
1823 4474 1921 4547 Liiniq
1944 4475 2013 4535 Rs.
2040 4480 2105 4547 18⁰,
2128 4481 2188 4537 119

629 4584 663 4639 a·
681 4582 709 4638 7.
734 4610 779 4618 —
809 4579 957 4637 Wirlemb.
986 4578 1050 4636 ΠΒ.
1076 4580 1104 4641 1,
1122 4578 1184 4634 237
1208 4580 1239 4631 11⁰
1256 4579 1319 4633 202
1341 4596 1394 4633 uus
1416 4576 1454 4634 Β.
1479 4606 1523 4613 -
1547 4576 1670 4651 Slumps
1688 4578 1759 4651 Res.
1781 4581 1869 4639 1366.

633 4732 751 4791 Obrroll
774 4751 827 4789 soa
847 4729 887 4788 D.
904 4732 944 4787 53
968 4748 1024 4786 aar
1037 4729 1099 4785 eine
1116 4732 1197 4799 aprile
1211 4727 1339 4784 deutsche
1357 4727 1558 4800 Fcberselrsaq
1575 4728 1701 4785 erdollor
1726 4731 1774 4797 ist,
1797 4732 1845 4789 die
1868 4734 1934 4801 noir,
1956 4735 2110 4809 monades
2130 4757 2185 4795 ros

629 4841 682 4898 den
699 4839 878 4896 Burnum
899 4856 920 4894 u
941 4836 999 4893 arrd
1016 4854 1047 4901 r,
1070 4834 1140 4891 odae
1155 4834 1325 4905 Academico
1343 4833 1395 4889 der
1412 4832 1622 4906 Orllroqrnplle
1646 4836 1844 4909 leodecense,
1867 4841 1940 4897 idest
1957 4841 2018 4899 sict
2037 4843 2111 4901 auct
2130 4863 2187 4902 aas
2205 4866 2233 4905 ss

629 4947 733 5013 dieser,
758 4944 954 5001 irrabesnrdere
975 4960 1029 4998 ons
1051 4941 1102 4997 den
1122 4940 1300 5011 ll'endnrrpor
1316 4939 1369 4995 der
1383 4938 1546 4997 Publicolio
1561 4941 1620 4997 aad
1636 4940 1852 5013 Comparatio,
1876 4946 1929 5002 mil
1948 4946 2109 5007 Slcderleil
2132 4951 2187 5009 der

632 5052 690 5112 Stil
712 5052 761 5109 des
783 5051 839 5108 EA
863 5050 1020 5109 esternaco:
1051 5048 1106 5104 rrlr
1128 5048 1215 5103 barben
1239 5046 1353 5103 deslolb
1377 5046 1406 5102 iu
1430 5046 1481 5101 den
1506 5046 1598 5103 Notos
1622 5048 1667 5104 die
1692 5047 1794 5106 Stellen
1823 5070 1877 5108 uro
1898 5053 2023 5111 anderes
2048 5075 2103 5114 roa
2127 5057 2185 5116 EA

632 5160 792 5228 serfomten
816 5154 902 5223 Dn,
931 5155 1030 5212 welche
1051 5154 1103 5211 der
1125 5153 1259 5225 Misenus
1281 5152 1330 5208 des
1352 5153 1483 5224 auctions
1507 5153 1620 5208 stolich
1643 5155 1720 5221 siud,
1752 5157 1934 5226 censesne,
1964 5160 2091 5220 doaebea
2114 5165 2186 5222 obet

630 5266 702 5323 craclt
726 5263 943 5336 enlspreelende
971 5261 1149 5332 semones
1177 5277 1230 5314 orn
1252 5259 1374 5314 irrideres
1398 5255 1470 5315 DD.
1503 5261 1651 5316 rcrmnlt.
1700 5260 1779 5319 Duas
1802 5264 1872 5321 aber
1893 5264 1941 5322 dle
1964 5285 2017 5323 ros
2042 5268 2099 5326 ΕΑ
2124 5291 2184 5329 ω·-

631 5375 723 5443 soon
750 5369 886 5429 Frlunde
913 5367 1073 5425 Helm-less
1101 5366 1163 5423 don
1190 5365 1367 5422 [ebera’lzrr
1396 5365 1462 5421 norb
1493 5365 1523 5420 la
1550 5384 1622 5437 poor
1653 5369 1852 5427 investirer
1876 5370 1989 5429 Geatolt
2020 5377 2185 5451 corpalayo·
2203 5398 2231 5435 sn

630 5480 711 5545 liris,
736 5479 773 5533 ist
797 5473 1079 5533 srrrrolrsrltelnlirl.
1114 5471 1173 5528 llll
1196 5470 1396 5526 arcionensis
1419 5470 1586 5528 Garios-leis
1609 5473 1679 5528 lae'iasl
1701 5474 1760 5530 siri
1784 5477 1920 5534 zasdrdsl
1943 5478 1992 5535 die
2013 5480 2186 5557 &manlios

630 5586 772 5657 Ncnrruny
795 5583 844 5639 des
867 5582 893 5637 s.
918 5581 978 5637 l'cll
1008 5580 1052 5635 ols
1076 5578 1284 5650 Iolerpmluliou
1309 5577 1479 5643 mencines,
1509 5578 1555 5633 die
1582 5580 1637 5634 wir·
1659 5581 1729 5636 aines
1762 5582 1791 5638 ia
1816 5581 1885 5641 DO.
1911 5583 1977 5643 ΙΙΙ.
2002 5588 2054 5655 38,
2085 5589 2185 5648 dem

613 5788 659 5843 52
683 5788 710 5854 θ)
729 5790 754 5838 A
770 5811 801 5829 τ-
817 5785 875 5838 l'l'.
937 5780 966 5847 d)
987 5782 1035 5846 syl.
1054 5778 1257 5847 ismundilingis
1274 5781 1305 5827 ia
1324 5777 1358 5831 D.
1371 5782 1407 5828 50
1467 5796 1493 5835 er
1516 5789 1558 5827 111.
1578 5780 1614 5835 id
1633 5782 1701 5834 iunii
1719 5786 1915 5852 sartoris-ayss
1971 5788 2186 5855 Quasdam.
