4828 6520
539 408 605 472 668
1135 415 1594 473 KAISERURKUNDEN.

539 611 576 666 et
606 624 716 666 eorum
744 599 986 666 successoribus
1009 624 1068 688 pro
1091 603 1200 689 pueris
1224 618 1394 668 nutriendis
1420 623 1448 667 ot
1466 614 1618 682 disciplinis
1635 614 1788 667 scolasticis
1806 615 1970 665 inbnondis
1993 599 2036 664 ad
2058 599 2180 665 cultum

541 707 688 772 divinum
717 706 850 773 uberius
879 707 1170 794 augmentandum,
1201 732 1260 774 nos
1290 732 1418 796 quoque
1445 710 1524 796 ipsis
1547 731 1587 773 ao
1610 724 1773 773 monasterio
1797 729 1907 773 eorum
1931 721 2037 772 undeno
2063 728 2091 771 st
2115 738 2180 772 oon-

540 828 648 879 firmano
674 831 838 880 anconitano
866 815 959 900 regia
987 829 1170 895 dignuomm,
1199 839 1266 880 una
1294 838 1369 880 cum
1397 816 1567 903 provincia
1589 814 1719 881 somne
1750 813 1838 879 dicta
1871 827 1904 879 et
1933 814 2073 901 quadam
2102 813 2181 878 villa

540 922 603 985 sita
631 922 666 984 in
688 919 869 1005 Thuringia
890 920 1036 986 Holzhus
1058 933 1256 1009 nuncupata,
1287 944 1370 1008 quae
1400 923 1447 986 eis
1471 921 1626 1009 quidam⁸
1648 943 1757 986 comes
1787 921 1827 986 de
1851 920 2028 985 Boomeuia
2050 922 2180 985 nomine

540 1025 705 1091 Thacholf
722 1028 756 1090 in
779 1036 970 1092 testamento
994 1027 1129 1092 contulit
1151 1038 1230 1114 aput
1251 1029 1340 1115 ipsos
1363 1028 1486 1114 eligens
1510 1027 1717 1115 sepulturam,
1740 1028 1873 1113 insuper
1894 1026 1959 1092 alia
1977 1025 2072 1107 bona,
2095 1050 2180 1113 quae
2203 1054 2218 1093 s

541 1133 589 1198 eis
612 1134 714 1198 nostri
735 1143 958 1199 antecessores
977 1136 1189 1221 imperatores
1218 1156 1312 1221 reges
1341 1136 1506 1222 principes
1535 1157 1576 1199 ac
1598 1133 1654 1198 alii
1676 1133 1789 1198 fideles
1812 1134 1897 1197 infra
1918 1134 2098 1198 Romanum
2122 1135 2180 1198 im-

540 1241 669 1326 perium
692 1238 872 1305 devotionis
895 1241 1014 1305 intuitu
1036 1241 1229 1327 optulerunt.
1275 1255 1332 1306 Nos
1357 1256 1443 1320 igitur
1471 1239 1513 1306 ob
1544 1241 1690 1307 divinum
1719 1263 1862 1306 amorem
1891 1251 1924 1305 et
1952 1242 2054 1326 ipsius
2076 1242 2181 1305 sancti

543 1345 608 1410 loci
630 1347 847 1411 reverentiam
870 1348 978 1411 omnia
998 1345 1087 1412 bona
1104 1358 1171 1412 tam
1190 1346 1322 1412 mobiba
1340 1370 1438 1434 quam
1460 1345 1628 1412 inmobilia
1650 1370 1724 1412 cum
1747 1345 1887 1411 abbatiis
1910 1348 2055 1411 comiciis
2077 1348 2181 1411 centis

541 1452 673 1518 iudiciis
695 1467 850 1519 theloneis
871 1482 888 1513 s
904 1470 1041 1519 monetis
1063 1452 1180 1518 bannis
1204 1453 1403 1519 districtibus
1429 1467 1602 1519 wiltbannis
1633 1452 1887 1518 iurisditionibus
1914 1451 2181 1540 quibuscumque,

542 1589 633 1639 qnae
650 1587 668 1618 s
688 1559 774 1623 idem
793 1574 942 1625 Fultheuse
961 1576 1154 1626 monasterium
1174 1575 1295 1642 possidet
1313 1562 1398 1626 infra
1419 1584 1554 1647 regnum
1577 1561 1732 1625 divinitus
1753 1558 1848 1624 nobis
1871 1559 1991 1641 datum,
2020 1559 2073 1624 vel
2096 1583 2181 1646 quae
2201 1587 2229 1626 ιο

542 1667 577 1730 in
606 1666 748 1731 futurum
778 1667 916 1754 adipisci
946 1668 1064 1754 poterit
1093 1667 1222 1732 domino
1253 1667 1450 1732 concedente
1480 1690 1546 1732 uua
1575 1690 1649 1734 cum
1678 1681 1831 1732 hominibus
1860 1668 1988 1753 imperii
2011 1688 2075 1732 anto
2099 1681 2182 1731 dions

543 1782 577 1837 et
606 1795 680 1837 cum
706 1772 856 1838 omnibus
879 1803 961 1854 snper
983 1783 1091 1839 torrmb
1121 1775 1264 1861 ipsorum
1293 1773 1519 1856 residentibus,
1550 1776 1606 1862 qui
1632 1797 1690 1861 pro
1721 1774 1904 1838 conditione
1927 1796 1986 1838 sus
2008 1774 2053 1838 ad
2073 1789 2181 1838 monn

542 1881 670 1966 regium
693 1902 826 1946 censum
849 1879 974 1945 solvere
999 1879 1164 1962 deberent,
1194 1902 1255 1945 uec
1285 1903 1350 1945 uon
1377 1892 1410 1945 et
1431 1880 1570 1968 predicti
1592 1880 1760 1946 Thacholfi
1784 1881 1910 1945 comitis
1931 1891 2180 1945 testamentume

543 1987 606 2074 ipsi
630 2001 724 2052 abbati
747 1986 911 2051 Branthoo
935 1988 1069 2074 eiusque
1092 2003 1298 2053 successoribus
1323 1998 1355 2052 et
1376 2003 1541 2053 monasterio
1562 1987 1730 2053 Fulthensi
1752 2010 1812 2074 per
1835 2003 1885 2052 bos
1910 2003 2002 2068 apices
2027 2003 2182 2052 serenitatis

542 2113 652 2158 noscas
677 2108 807 2158 tradimus
834 2116 861 2158 et
886 2121 903 2152 s
927 2109 1091 2158 auctoritato
1113 2110 1189 2173 rogia
1207 2095 1241 2158 in
1259 2105 1451 2181 perpetuum
1470 2108 1666 2159 confirmamus.
1705 2094 1860 2158 Pretcrea
1877 2108 2073 2159 districtissime
2091 2109 2181 2174 prohi-
2200 2121 2228 2160 no

543 2214 649 2274 bernus,
680 2222 721 2263 ne
753 2201 844 2264 missi
874 2201 975 2265 nostri
1007 2199 1059 2264 vel
1091 2198 1204 2264 ballivi
1236 2201 1364 2287 imperii
1398 2199 1522 2288 aliquid
1555 2199 1668 2266 tollant
1700 2202 1831 2288 rapiant
1862 2201 1916 2266 vel
1948 2201 2105 2266 invadant
2138 2201 2181 2266 de

542 2305 759 2392 suppellectili
781 2317 837 2371 aut
858 2305 957 2372 rebus
986 2305 1141 2371 abbatum
1171 2306 1408 2389 decedentium,
1439 2307 1498 2372 sed
1527 2309 1707 2373 successori
1736 2309 1845 2373 omnia
1872 2318 2088 2391 reserventur,
2117 2331 2181 2373 nec

542 2435 602 2499 pro
625 2414 827 2496 investitura,
857 2436 941 2501 quae
964 2437 1023 2499 per
1046 2424 1209 2500 sceptrum
1231 2415 1357 2499 regium
1379 2414 1450 2478 fieri
1473 2414 1580 2496 debet,
1611 2413 1653 2478 ab
1676 2413 1794 2478 abbate
1818 2414 1859 2479 do
1881 2437 1966 2479 novo
1989 2426 2098 2479 creato
2122 2415 2180 2479 uli-

542 2518 622 2606 quid
644 2530 825 2607 expetatur,
856 2520 914 2585 sed
943 2522 990 2584 sic
1021 2521 1129 2584 omnia
1150 2543 1210 2607 pro
1233 2519 1381 2584 libertate
1405 2520 1550 2586 eiusdem
1576 2522 1681 2585 sancti
1702 2520 1765 2585 loci
1787 2520 1896 2585 taliter
1917 2521 2114 2603 ordinentur,
2143 2532 2181 2587 ut

540 2623 663 2690 ibidem
701 2625 805 2691 cultus
841 2626 963 2691 domini
992 2637 1149 2713 perpetuo
1179 2637 1264 2691 stare
1295 2629 1406 2714 possit.
1451 2642 1487 2693 Et
1512 2658 1546 2693 ns
1575 2629 1745 2714 quisquam
1775 2627 1939 2692 hominum
1968 2643 2085 2693 fntnris
2111 2650 2179 2693 tonn-
2198 2656 2227 2694 so

540 2747 681 2812 poribus
708 2752 804 2797 contra
828 2747 918 2798 hauc
943 2753 1082 2798 nostram
1109 2732 1314 2798 traditionem
1337 2757 1394 2798 seu
1418 2734 1691 2799 confirmationem
1717 2751 1811 2800 venire
1834 2762 1851 2793 ι
1877 2749 1987 2808 audeat,
2010 2750 2060 2799 hos
2085 2752 2180 2816 apices

540 2837 618 2903 inde
642 2841 841 2926 conscriptos
864 2870 947 2904 monn
971 2855 1082 2920 propria
1107 2855 1267 2905 roborantes
1293 2839 1397 2925 sigillo
1421 2852 1529 2906 nostro
1553 2841 1688 2906 fecimus
1711 2842 1868 2927 insigniri.

647 2987 665 3078 ᾗ
689 2990 825 3077 Signum
848 2989 958 3055 domni
980 2991 1128 3055 Heinrici
1152 3000 1216 3071 (M.)
1239 2991 1325 3077 regis
1347 2990 1598 3081 invictissimi}

648 3140 919 3230 {Erkanbaldus
942 3141 1219 3228 archicapellanus
1242 3141 1466 3231 recognovi.{
2010 3148 2067 3226 (SI.
2083 3151 2135 3228 D.)

648 3293 736 3358 Data
765 3279 852 3357 Xln.
875 3292 941 3357 kal.
966 3294 1031 3357 ian.
1054 3292 1232 3358 indictione
1255 3281 1302 3376 x’l,
1331 3317 1416 3359 anuo
1445 3317 1524 3360 vero
1554 3294 1676 3359 domini
1704 3294 1872 3360 millesimo
1894 3284 1956 3378 xil,
1985 3296 2062 3360 item
2092 3319 2180 3361 anno
2198 3320 2227 3359 as

542 3399 665 3465 domiui
686 3400 835 3465 Heinrici
863 3399 997 3464 secundi
1026 3401 1191 3486 regnantis
1213 3390 1264 3483 xi,
1295 3401 1423 3465 actamd
1445 3400 1565 3465 Fultha
1593 3403 1804 3485 monasteri03
1835 3404 1869 3465 in
1897 3404 2027 3467 nomine
2057 3401 2180 3467 domini

540 3505 680 3571 feliciter
701 3529 807 3571 amen.
1004 3503 1007 3507 ’

1321 3807 1408 3893 519.

1270 3958 1451 4059 (oleoso.)

540 4095 720 4170 Heinrich
744 4096 913 4170 verdietet
936 4096 1007 4170 deo
1033 4094 1228 4193 Biscltbfeo
1251 4123 1323 4170 von
1351 4096 1517 4196 Bolopou
1533 4095 1620 4195 jede
1644 4096 1913 4198 Verci'ussenmp
1937 4124 2009 4170 ooo
2037 4096 2180 4175 Gdtem
2197 4135 2224 4175 so

539 4214 639 4289 iltrer
655 4214 793 4289 Kirclte
815 4215 906 4289 obsce
922 4214 1142 4313 scbnstliclle
1158 4214 1407 4314 Zuastt'mmuop
1429 4215 1490 4289 deo
1506 4215 1752 4314 Domcopitets
1772 4215 1854 4291 uod
1862 4215 1949 4315 jede
1965 4215 2180 4319 Verjb'puup

538 4333 630 4407 tiber
655 4333 714 4407 elie
739 4334 974 4434 Besinuopen
1001 4333 1061 4407 des
1087 4334 1258 4408 letzteren.
1750 4362 1890 4487 &pm
1912 4363 1990 4422 1014
2011 4392 2055 4401 -
2078 4394 2131 4423 -,

1781 4467 1811 4508 ,s

650 4540 785 4600 Urltuode
807 4558 860 4600 auo
881 4541 944 4600 dem
962 4540 1044 4600 liade
1066 4541 1114 4600 deo
1132 4542 1177 4600 11.
1197 4541 1266 4601 oder
1286 4542 1349 4600 deo
1367 4541 1486 4616 Ansaop
1503 4541 1552 4599 des
1569 4541 1618 4600 12.
1635 4540 1690 4600 Jt.
1709 4540 1741 4599 s'n
1762 4539 1962 4615 Deplomsom
1979 4542 2020 4600 t'm
2040 4541 2177 4617 Cupitets-

645 4648 745 4707 crclts'o
766 4665 801 4706 su
822 4647 955 4723 Boloyna
978 4648 1049 4715 (Α).

644 4807 739 4866 Rabei
755 4807 835 4866 Hos.
855 4806 1017 4867 Recurrat.
1036 4807 1078 4866 ed.
1096 4807 1123 4866 I.
1143 4809 1203 4866 563
1220 4808 1267 4866 cit.
1288 4837 1332 4846 —
1351 4806 1484 4882 Siqooitss·
1501 4806 1548 4866 De
1568 4808 1707 4881 ortisoopis
1724 4807 1896 4866 Booonton.
1916 4807 2061 4883 (Bolocm
2080 4810 2175 4877 1586)
2196 4828 2222 4867 ss

644 4915 685 4973 55
698 4914 910 4989 unoollstdndiq
924 4930 977 4973 ato
991 4914 1142 4985 Absclsrs'tt
1157 4934 1199 4961 =
1217 4913 1409 4973 Gltt'rordoccs'
1423 4914 1560 4973 Historia
1577 4913 1609 4972 di
1626 4914 1756 4989 Bolopuo
1773 4914 1919 4989 (Bolopoa
1933 4914 2024 4980 1596)
2038 4916 2066 4985 1,
2077 4916 2118 4973 49
2134 4938 2176 4963 =

650 5020 713 5080 Voss·
731 5019 831 5079 Stoi-io
852 5020 884 5079 di
902 5019 1093 5095 Romanum
1116 5020 1261 5095 (Bolopoc
1279 5022 1384 5091 1815),
1403 5023 1450 5091 13,
1475 5041 1517 5067 =
1536 5019 1670 5096 Siqooius
1687 5020 1825 5079 Historia
1845 5020 1880 5078 de
1901 5020 1984 5079 rebus
2000 5020 2175 5082 Bononiess.

646 5127 831 5199 (lbanlfitrt
853 5128 946 5195 1664)
971 5128 1040 5197 148,
1068 5147 1110 5173 =
1141 5127 1262 5187 Falconi
1284 5126 1371 5186 Meos.
1395 5128 1495 5187 histor.
1519 5127 1594 5186 della
1623 5127 1715 5186 odioso
1736 5127 1892 5202 Boloynooe
1914 5126 2060 5202 (Boloyttu
2082 5130 2175 5197 1649)

644 5235 712 5306 115,
732 5254 775 5282 =
793 5232 928 5309 Quoius
948 5233 1044 5308 Opera
1065 5234 1162 5293 omnia
1179 5236 1198 5292 3
1222 5233 1493 5305 (Madasuma),
1512 5234 1578 5292 397.
1602 5262 1646 5271 -
1670 5231 1811 5300 (Suoioli)
1835 5233 1910 5293 Aoo.
1930 5234 2050 5309 Boloyo.
2071 5227 2119 5304 1⁶,
2136 5237 2175 5294 71

644 5344 677 5401 πθ
691 5341 729 5400 11
752 5358 805 5400 asts
826 5340 986 5411 Abscbrist.
1010 5369 1054 5378 -
1082 5340 1209 5400 Bd'bmer
1232 5340 1302 5416 Res.
1319 5341 1406 5402 1106.
1431 5368 1473 5379 —
1497 5338 1620 5415 Stumps
1633 5338 1703 5416 Req.
1720 5341 1808 5399 1596.
2193 5362 2223 5400 so

608 5545 672 5601 olo.
697 5542 804 5614 [Bloch]
841 5546 867 5611 a)
886 5559 902 5596 a
919 5559 989 5599 corr.
1008 5560 1091 5596 ausc
1145 5544 1175 5611 b)
1194 5545 1322 5598 socom
1340 5561 1356 5596 a
1373 5545 1430 5597 und
1447 5561 1461 5596 s
1477 5546 1521 5597 es‘st
1538 5544 1725 5612 Μᾱωίρα
1743 5545 1834 5597 Stricls
1887 5547 1913 5613 o)
1929 5550 1983 5598 erat
2000 5547 2175 5609 testamenta,

696 5617 771 5668 ἀαηη
791 5632 820 5667 m
838 5615 999 5681 annotasse,
1024 5631 1053 5668 oo
1076 5615 1141 5668 dass
1163 5617 1214 5669 dos
1231 5615 1515 5681 aoktrzonqszsicton
1539 5615 1698 5682 Misero
1720 5618 1857 5683 oswordm
1881 5618 1915 5668 ist
2004 5614 2033 5683 d)
2061 5618 2102 5679 1,·
2126 5619 2176 5669 der

697 5686 835 5740 Sodreider
852 5686 923 5738 tous
939 5694 1028 5739 most
1046 5690 1106 5740 acta
1123 5693 1226 5754 quon,
1251 5689 1326 5753 fricto
1343 5688 1418 5739 ἀαηη
1441 5690 1516 5740 doen
1534 5687 1623 5739 Stricti
1641 5688 1706 5740 tides·
1723 5704 1740 5740 a
1756 5687 1847 5752 Isim,
1872 5688 2011 5741 sonmo
2028 5688 2093 5740 udor
2110 5705 2126 5740 a
2144 5692 2177 5741 ist

697 5776 715 5810 u
733 5774 768 5809 zu
785 5774 954 5824 empturo.
