4836 6492
1105 456 1567 513 KAISERUBKUNDEN.

609 651 668 711 Die
690 653 786 711 beiden
810 652 883 710 ΠΙ).
899 653 968 711 469.
992 652 1063 722 470,
1094 671 1133 711 aa
1154 653 1240 711 deren
1266 652 1460 727 onerantem
1487 670 1522 711 zu
1550 653 1682 723 zreuselu
1710 653 1777 712 buu
1800 653 1907 712 Anides
1935 655 1984 723 et,
2014 655 2074 712 sud
2101 672 2156 713 con

608 761 697 818 denen
718 759 758 818 D.
775 761 835 817 469
858 761 890 818 iu
912 760 976 818 &m
993 759 1034 818 D.
1056 760 1197 819 Kourcds
1211 760 1257 819 ΙΙ.
1278 759 1402 834 Stumps
1416 760 1487 834 Rep.
1506 761 1583 818 1953
1605 760 1770 819 wiederltclt
1791 762 1840 830 ist,
1863 762 1929 819 sind
1952 779 2003 820 tun
2029 762 2076 820 cin
2098 761 2158 820 aad

608 867 774 937 demselbru,
804 867 961 926 cnderweit
989 868 1068 925 nicht
1097 867 1253 926 micantea
1276 866 1426 926 Seli-emer
1456 868 1609 926 mitudiert.
1657 866 1761 926 Dieaer
1789 869 1859 927 biell
1884 869 1943 927 sici
1976 869 2055 927 bride
2076 868 2157 927 Male

611 974 698 1039 (ench
728 978 782 1045 [ἄν
804 975 858 1033 dus
880 975 1080 1041 Eschatelccll)
1110 992 1149 1033 cu
1178 974 1233 1033 dns
1254 973 1295 1032 D.
1313 976 1381 1043 369,
1411 992 1465 1033 cus
1493 974 1556 1033 dem
1585 993 1617 1033 er
1645 975 1707 1033 eine
1728 974 1820 1033 Reibe
1849 993 1902 1033 ecs
1925 975 2155 1049 Bestimmnnpes

610 1082 749 1152 serdices,
772 1082 910 1140 ⁴rctlbreud
932 1100 965 1139 cr
986 1081 1090 1151 dcfbr,
1112 1082 1144 1139 iu
1167 1081 1233 1139 seltr
1250 1081 1462 1155 nicentium
1485 1081 1574 1139 Weise
1591 1082 1649 1139 racd
1666 1082 1697 1139 in
1718 1082 1974 1140 numuerdmtlt'clt
1993 1083 2189 1146 cederbtms

609 1188 745 1262 Sprrncbe,
769 1189 860 1263 diripe
878 1188 1000 1247 Zusbtee
1017 1189 1136 1258 rnechte,
1159 1188 1207 1247 die
1223 1188 1283 1247 siclt
1302 1190 1362 1258 cus
1372 1189 1420 1246 die
1433 1188 1622 1263 Bemtmnpen
1640 1188 1689 1247 des
1703 1186 1837 1247 chslms
1852 1189 1978 1247 bctielsm
1993 1189 2053 1247 ssd
2069 1189 2155 1257 disse,

608 1296 638 1355 iu
664 1295 748 1368 jeder
777 1296 829 1354 der
858 1295 955 1354 beiden
977 1295 1220 1370 Austertipuupcn
1244 1296 1276 1353 iu
1299 1296 1422 1354 cuderet·
1443 1295 1543 1363 Weiss,
1570 1295 1758 1354 verterimus.
1807 1295 1870 1354 Der
1893 1296 1998 1354 Gsuud
2028 1299 2082 1366 fiir
2108 1296 2156 1354 die

608 1403 790 1477 Ausstellunp
805 1403 907 1460 eumer
926 1402 1082 1461 Urknnden
1099 1402 1139 1461 ist
1157 1402 1412 1461 vescuntur
1432 1402 1553 1460 Wnnscl
1568 1420 1701 1477 pueram,
1726 1405 1781 1474 fllr
1800 1403 1848 1462 dic
1869 1404 1900 1461 iu
1923 1403 1975 1461 den
1995 1402 2067 1461 DD.
2084 1403 2153 1461 469.

607 1510 668 1571 470
690 1510 853 1568 eumitren
871 1509 1062 1583 Besitrnnpen
1084 1508 1211 1568 rnebree
1233 1508 1483 1584 Emaniumstitel
1505 1528 1540 1567 zu
1562 1510 1699 1568 erbclten.

608 1683 667 1760 (C.)
689 1676 707 1766 ξ
729 1678 768 1742 In
791 1679 921 1743 nomine
946 1688 1057 1743 sancte
1082 1690 1115 1742 et
1136 1676 1305 1743 individue
1328 1679 1491 1742 trinitatis.
1538 1678 1701 1743 Henrieus
1731 1678 1784 1743 dei
1807 1680 1913 1764 grstia
1936 1679 2202 1745 Romanorumn

499 1786 677 1872 imperator
699 1796 865 1871 augustus.
983 1797 1138 1865 Imperislis
1158 1815 1208 1849 rios
1230 1798 1426 1865 contemplatio
1453 1808 1615 1866 premonet
1640 1797 1690 1849 illa
1715 1816 1824 1866 semper
1848 1801 2020 1851 considerare
2039 1793 2156 1866 utque}

499 1908 652 1974 disponere,
679 1923 750 1971 quae
776 1906 811 1956 ad
837 1914 1013 1972 augmentum
1039 1905 1210 1972 diligentiam
1236 1912 1263 1956 et
1289 1908 1517 1958 restaurationem
1536 1904 1732 1959 venerabiiium
1752 1908 1889 1973 pertinet⁸
1909 1906 2041 1967 locorum,
2066 1924 2100 1959 ne
2118 1908 2155 1957 de

499 2013 703 2080 inprovidentis
730 2028 833 2072 eornm,
861 2013 962 2079 quihus
990 2013 1130 2079 regiminis
1154 2028 1221 2063 cura
1244 2009 1453 2074 committiturb,
1479 2012 1572 2079 aliquo
1599 2013 1681 2065 modo
1708 2012 1861 2080 culpabiles
1886 2014 2076 2075 mcdbumnr,
2103 2014 2155 2065 sed

499 2120 587 2185 magis
611 2136 661 2186 pro
685 2121 863 2186 susceptione
889 2121 1003 2187 inopum
1029 2126 1057 2170 et
1082 2122 1289 2186 peregrinorum
1314 2128 1342 2171 et
1367 2123 1543 2187 congregatis
1568 2122 1597 2172 iu
1623 2121 1722 2172 Christi
1749 2120 1878 2172 laudibus
1903 2137 2007 2173 merces
2032 2122 2110 2173 uobis
2135 2138 2154 2173 a

498 2228 609 2279 domino
635 2228 781 2287 tribuatur,
807 2244 825 2277 a
849 2241 904 2292 quo
930 2234 1025 2279 noster
1042 2226 1130 2278 honor
1148 2227 1274 2294 procedit
1300 2232 1327 2278 st
1346 2229 1432 2294 gratis
1457 2227 1628 2279 sublimatur.
1666 2228 1785 2279 Proinde
1811 2229 1963 2293 comperiat
1988 2229 2153 2279 universitas
2172 2238 2200 2277 ru

498 2332 620 2387 fidebam
637 2340 750 2385 mactae
769 2334 816 2384 dei
834 2332 952 2405 ecclesie
971 2334 1138 2400 presentium
1157 2340 1185 2384 et
1205 2334 1369 2395 futurorum,
1395 2334 1470 2399 quod
1494 2336 1662 2386 monasterio
1688 2352 1705 2384 a
1730 2336 1810 2386 nohis
1836 2336 1975 2400 adquisito
1998 2342 2025 2386 et
2046 2336 2153 2386 noviter

498 2440 626 2493 edificate
651 2443 680 2491 in
707 2439 768 2492 lccc
794 2442 843 2506 qui
868 2440 970 2491 dicitur
988 2441 1106 2491 Noceati
1125 2456 1157 2491 ac
1177 2440 1306 2491 dedicato
1326 2442 1354 2491 iu
1372 2441 1477 2491 honore
1495 2442 1584 2492 sancti
1601 2439 1758 2507 sepulchric
1780 2442 1883 2492 domini
1902 2442 1989 2492 nostri
2006 2441 2153 2493 salvatoris

500 2572 531 2580 -
552 2548 599 2599 ubi
618 2554 775 2614 prestantur
793 2546 880 2599 multa
902 2548 1036 2599 beneficia
1061 2547 1173 2598 infirmis
1200 2554 1227 2598 et
1251 2547 1321 2598 fiunt
1346 2547 1483 2599 mirabilia
1509 2549 1605 2599 crebra
1631 2549 1666 2599 ad
1692 2546 1800 2599 laudem
1827 2555 1854 2598 et
1877 2549 2010 2599 honorem
2035 2549 2152 2600 nominis

498 2656 557 2707 eius
582 2655 733 2706 secundnm
759 2655 931 2721 prophetiam
955 2653 1032 2705 illam
1058 2671 1129 2720 quae
1155 2655 1236 2705 dicit:
1262 2653 1299 2705 ‘et
1321 2656 1374 2705 erit
1391 2654 1568 2721 sepulchrum
1591 2656 1650 2705 nius
1670 2649 1849 2722 gloriosum*¹
1870 2679 1901 2688 ·-
1922 2656 2097 2707 concedimus
2116 2656 2151 2705 ob

498 2770 607 2813 nostrae
627 2763 733 2813 animae
755 2761 871 2813 satutem
894 2772 921 2812 et
943 2762 1133 2813 confirmamus
1157 2758 1282 2812 certent
1307 2758 1339 2811 et
1362 2746 1523 2829 castellas,
1553 2769 1617 2834 que
1648 2757 1723 2811 sunt
1751 2747 1838 2811 infra
1860 2748 2012 2813 comitato
2036 2746 2152 2812 Castro
2170 2772 2199 2812 se

497 2855 688 2937 Felicitatis,
719 2856 816 2919 sicuti
838 2868 947 2920 nostre
971 2857 1061 2920 inre⁰
1085 2877 1157 2920 esse
1181 2853 1393 2941 dignoscitur,
1423 2854 1529 2941 prima
1559 2854 1615 2941 qni
1638 2864 1775 2918 vocatur
1798 2852 1956 2940 Carsuga‚
1986 2853 2051 2919 alis
2073 2877 2152 2919 vero

497 2962 645 3048 Baguclc
669 2986 743 3027 cum
767 2961 900 3027 castelle
924 2963 1082 3045 Honeste,
1107 2986 1182 3028 cum
1205 2962 1355 3028 omnibus
1378 2961 1423 3026 ad
1445 2984 1501 3025 ecs
1524 2960 1721 3047 generaliter
1742 2963 1953 3048 pertinentes.
1995 2976 2153 3027 Statuentes

499 3092 624 3149 preterea
648 3084 840 3133 confirmamus
866 3083 956 3133 cidem
981 3086 1147 3136 monasterio
1173 3092 1201 3135 et
1226 3069 1270 3134 etl
1294 3079 1471 3148 Roder[i]cus
1497 3081 1662 3135 venerabilis
1687 3083 1773 3133 abbas
1798 3090 1971 3134 constructor
1995 3082 2071 3135 illius
2097 3083 2152 3134 leci

497 3191 609 3256 ssimae
637 3191 842 3241 successoribus
870 3191 899 3240 in
926 3200 1088 3256 perpetuum
1117 3177 1258 3266 ecclesia
1288 3188 1320 3241 et
1349 3177 1582 3241 monesterium
1613 3174 1701 3241 beati
1730 3176 1836 3241 sancti
1864 3175 2060 3263 Apulenaris
2090 3178 2151 3242 sib)

498 3282 616 3347 Coreto
642 3314 659 3347 a
683 3298 763 3348 nobis
791 3299 900 3348 novinr
926 3298 1066 3363 adquisito
1092 3295 1126 3349 et
1155 3284 1295 3349 ecclesia
1324 3286 1429 3349 sancti
1453 3283 1608 3349 Cerconii
1638 3294 1670 3347 et
1693 3285 1798 3348 sancti
1820 3283 1934 3349 Iacchi
1957 3296 1989 3348 et
2013 3284 2151 3369 ecclesia
2169 3306 2197 3345 ss

496 3391 603 3455 sancti
627 3390 736 3454 Rufini
759 3414 833 3455 cum
860 3389 1010 3455 omuibus
1040 3390 1083 3457 ad
1112 3414 1168 3456 eas
1197 3391 1395 3477 generaliter
1423 3392 1638 3478 pertinentem
1671 3405 1753 3456 rebus
1781 3421 1847 3455 vero
1876 3412 1903 3455 ct
1931 3406 2151 3471 possessionibus

498 3512 577 3563 terris
596 3512 684 3561 vineis
704 3513 806 3577 campis
826 3513 910 3578 pratis
929 3513 1039 3577 pascuis
1057 3508 1155 3563 silviss
1174 3513 1319 3564 arboribus
1337 3513 1485 3563 fructiferis
1505 3511 1547 3563 rel
1570 3512 1748 3563 infructiferis
1775 3513 1854 3563 terris
1879 3511 1962 3562 cultis
1988 3522 2016 3563 et
2039 3511 2152 3563 incultis

496 3620 577 3683 aquis
596 3634 784 3684 aquarumque
805 3620 966 3670 decursibus
985 3621 1112 3670 oratoriis
1132 3621 1258 3671 domibus
1276 3620 1392 3671 edificiis
1411 3628 1439 3670 et
1457 3620 1582 3671 omuibus
1604 3619 1639 3669 ad
1663 3605 1795 3670 eosdem
1818 3616 1922 3670 cortes
1947 3618 1978 3669 et
2002 3604 2151 3669 castellus

496 3725 529 3776 et
561 3711 719 3800 ecelesiae
752 3728 953 3792 pertinentibus
982 3728 1022 3777 its
1046 3734 1156 3778 nostrae
1183 3728 1378 3779 moderationis
1403 3728 1548 3777 statuimus
1573 3726 1723 3786 decretum,
1752 3734 1782 3776 ut
1807 3727 1906 3777 smcdc
1933 3728 2044 3777 inantea
2070 3724 2152 3777 liceat

497 3835 584 3899 ipsius
610 3834 767 3884 monosterii
792 3835 1053 3901 congregationibus
1080 3821 1144 3884 lam
1168 3819 1257 3884 dieta
1280 3842 1332 3883 res
1355 3819 1523 3906 possidere
1547 3831 1580 3882 el
1603 3830 1714 3882 tenere
1743 3832 1774 3883 et
1804 3820 1911 3884 fruere
1941 3840 1970 3885 et
1996 3850 2093 3885 secure
2117 3851 2149 3885 ac
2169 3846 2197 3886 tc

497 3941 611 4007 pacifice
631 3940 683 3989 deo
702 3942 814 3999 servire,
841 3957 891 4006 per
916 3958 995 3992 omne
1017 3946 1146 4007 tempus&
1170 3948 1264 3992 nostra
1290 3948 1318 3991 et
1342 3957 1532 3992 successorum
1558 3935 1734 3991 nostrorumh
1758 3942 1953 4006 imperatorum
1979 3942 2097 3993 tuitione
2123 3948 2150 3991 et

497 4046 656 4098 defensione
676 4049 769 4112 qrriete
789 4049 889 4111 rivere,
916 4049 1038 4098 omnium
1056 4064 1233 4115 personarum
1253 4049 1364 4098 remotis
1383 4046 1532 4098 obstaculis
1552 4049 1816 4099 contradictionibus
1836 4056 1864 4098 st
1882 4049 2081 4115 inpedimentis,
2100 4065 2149 4115 pro

499 4151 579 4205 laude
598 4162 625 4204 et
646 4155 782 4220 obsequio
801 4155 905 4206 domiui
923 4155 1070 4207 salvatoris
1090 4166 1118 4205 et
1136 4156 1352 4221 subsceptione⁸
1371 4156 1483 4221 inopum
1510 4162 1538 4205 et
1556 4157 1772 4221 peregrinorum.
1808 4155 1967 4207 Statuentes
1985 4161 2148 4223 prepterea⁸

496 4262 687 4313 confirmemus
706 4263 794 4313 cidem
814 4264 980 4313 monasterio
999 4271 1028 4313 et
1046 4263 1153 4328 prefato
1173 4263 1267 4313 abbati
1285 4264 1398 4327 suisque
1424 4262 1631 4313 successoribus
1651 4264 1679 4312 in
1699 4270 1860 4328 perpetuum
1879 4263 1972 4315 omnia
1990 4264 2087 4328 predia
2105 4263 2147 4314 rel

497 4369 637 4429 beneficia,
663 4385 835 4436 quecumque
861 4371 890 4421 iu
915 4370 994 4420 terris
1020 4368 1063 4420 rel
1090 4370 1168 4434 aquis
1195 4370 1220 4419 ci
1248 4367 1351 4419 colists
1376 4376 1440 4420 srtnt
1465 4368 1508 4419 vel
1535 4386 1552 4418 a
1577 4378 1673 4419 sancta
1698 4369 1762 4420 sede
1782 4370 1904 4421 Renum
1926 4386 1976 4420 seu
2002 4372 2039 4421 ab
2056 4369 2150 4436 ulique
2167 4380 2196 4421 tt

496 4474 615 4543 ecelesia
642 4475 685 4526 vel
715 4493 888 4541 quocumque
916 4477 1066 4527 christiano
1095 4475 1168 4526 fideli
1202 4474 1298 4541 legalis
1329 4471 1504 4543 scriptionis¹
1536 4478 1684 4527 munimine
1716 4484 1764 4527 unt
1795 4477 1933 4543 personali
1964 4478 2148 4529 investitione.

498 4597 516 4628 s
533 4583 714 4633 Prcibemus⁸
734 4585 824 4641 etiam,
844 4592 874 4633 ut
890 4582 959 4633 nulli
976 4600 1164 4635 successorum
1182 4591 1339 4633 nostrornm
1358 4585 1553 4650 imperatorum
1574 4583 1657 4634 liceat
1675 4585 1703 4635 in
1722 4590 1844 4650 tempore
1864 4583 1957 4650 aliquo
1976 4572 2041 4635 lam
2063 4570 2150 4635 (liciti

496 4698 548 4740 res
570 4688 661 4753 largiri
681 4688 765 4740 alicui
785 4689 941 4741 mortalium
960 4689 1032 4741 laico
1052 4688 1109 4741 aul
1127 4684 1251 4741 clericok
1267 4705 1295 4751 s,
1315 4692 1530 4757 precipientibus
1550 4692 1784 4743 consentientibus
1803 4700 1830 4742 et
1849 4693 2043 4742 roborantibus
2062 4693 2149 4743 nobis.

498 4812 515 4842 s
532 4799 721 4879 Precipieutes
739 4799 833 4862 itaque
854 4797 986 4863 imperiali
1006 4799 1130 4848 iubemus
1151 4799 1252 4859 edicto,
1278 4805 1309 4847 ut
1327 4798 1419 4849 nullus
1438 4800 1493 4849 dur
1514 4799 1634 4848 marchio
1655 4800 1800 4864 episeopus
1820 4815 1912 4850 comes
1932 4800 2087 4849 riceccures
2105 4798 2148 4849 rel

495 4899 592 4970 aquis¹
615 4906 654 4954 rei
673 4903 784 4970 publice
804 4914 916 4955 exactor
934 4906 1003 4955 banc
1024 4914 1143 4955 nostram
1163 4907 1333 4956 sanctionem
1353 4906 1453 4956 sudent
1472 4906 1619 4967 iufringere
1637 4921 1810 4970 conrumpere
1827 4905 1870 4956 vel
1889 4905 1992 4956 violare
2010 4908 2037 4956 iu
2054 4906 2148 4971 aliquo
2167 4915 2195 4954 te

496 5029 671 5077 cetumque
691 5018 844 5062 statuentes
864 5013 1028 5062 censuimus.
1060 5014 1088 5063 Si
1108 5014 1169 5077 quis
1189 5028 1263 5071 vero,
1283 5012 1357 5077 qucd
1377 5030 1431 5062 uon
1450 5012 1595 5071 credimus,
1616 5014 1642 5061 in
1662 5011 1757 5076 aliquo
1771 5011 1890 5063 violator
1902 5010 1944 5062 rel
1964 5015 2150 5065 contradictor

497 5122 625 5175 (stiterit,
652 5121 726 5171 omni
748 5121 893 5169 occasione
919 5121 1081 5185 postposita,
1106 5105 1258 5169 duocentl
1288 5119 1369 5171 libras
1396 5120 1454 5169 auri
1479 5128 1634 5184 componat,
1661 5119 1833 5170 medictatem
1853 5137 1960 5171 caruere
1986 5130 2096 5172 nostrae
2122 5132 2149 5172 et

497 5228 663 5276 niedietate⁸
691 5213 756 5276 lam
780 5211 895 5277 (ῙῙΟῘΟΨ
923 5227 1049 5277 cenobio.
1093 5228 1173 5289 Quod
1197 5234 1229 5277 ut
1253 5229 1345 5277 verius
1372 5228 1500 5277 credatur
1526 5225 1740 5292 diligentiusque
1765 5229 1801 5278 ab
1827 5228 1952 5277 carnibus
1979 5229 2148 5287 observetur,

497 5350 578 5384 uranu
597 5334 709 5400 propria
727 5335 887 5384 roborantes
906 5330 1000 5399 sigillo
1021 5342 1114 5385 nostro
1134 5334 1247 5383 inferius
1266 5335 1396 5384 lussimus
1415 5335 1550 5397 insigniri.

566 5523 630 5580 469,
656 5523 890 5594 [Risum-Bloch]
930 5526 956 5591 a)
973 5527 998 5577 A
1071 5524 1100 5589 b)
1127 5526 1178 5576 dos
1201 5528 1289 5578 euseb
1314 5524 1322 5576 i
1347 5541 1418 5580 cora:
1443 5543 1495 5577 cuc
1517 5530 1528 5576 t
1610 5530 1635 5591 c)
1664 5523 1682 5576 h
1708 5525 1772 5578 tlbcr
1792 5526 1841 5578 der
1858 5526 1932 5577 Zeils
1955 5526 2146 5593 uccbcdruw
2164 5543 2192 5582 tt

657 5595 686 5662 d)
713 5596 927 5660 leseics11,10
998 5598 1024 5663 e)
1047 5596 1255 5649 cortes-inre
1274 5597 1329 5661 cus
1344 5597 1438 5649 Rcsur
1513 5596 1538 5663 s)
1564 5603 1653 5649 rueret
1678 5614 1736 5649 stur
1753 5596 1797 5649 sill
1816 5597 1991 5664 pantenus,
2016 5597 2090 5649 &aa
2112 5601 2147 5650 ist

655 5667 1012 5721 dusmitsls'nuccrr.
1074 5668 1336 5735 glteauslfossr
1400 5667 1803 5736 h)dcscrstecuufiiusur
1866 5668 2147 5738 ilnmchmstsr

656 5739 687 5803 k)
707 5739 836 5791 dolsioter
852 5742 882 5791 irs
899 5741 949 5791 der
966 5739 1024 5793 w,
1043 5739 1123 5791 aliter
1140 5754 1223 5807 qnam
1240 5738 1280 5792 ibi
1297 5737 1434 5808 decipe
1452 5744 1525 5805 suut,
1551 5741 1664 5805 mus
1676 5740 1734 5792 siclt
1751 5741 1794 5793 die
1811 5740 1951 5807 solym
1968 5740 2089 5793 Abictiee
2106 5740 2146 5793 bs-

655 5811 746 5862 n'clten
820 5810 840 5875 l)
862 5813 895 5874 A,
914 5816 979 5861 stctt
998 5808 1095 5876 aliquis
1167 5812 1206 5877 m)
1227 5826 1332 5865 ocor-r·⁸
1350 5826 1403 5862 cus
1420 5827 1439 5863 s
