4804 6498
848 453 1087 511 HEINRICH
1110 455 1149 511 Π.
1191 452 1287 511 1004.

1037 639 1101 727 10.

239 800 418 875 Heinrich
443 800 610 902 beetdtipt
634 800 715 875 dein
740 800 888 876 Kloster
913 799 950 878 S.
975 800 1115 878 Sabino
1141 802 1199 876 bei
1225 801 1407 876 Pinoeuza
1434 802 1505 877 deu
1531 802 1793 905 Kiiuipsacbutz
1816 804 1899 880 eard

238 922 335 994 seius
359 919 578 994 nommllicb
605 918 859 1021 auspezdblteu
884 921 1135 1022 Beritzonpeu.
1480 949 1589 1010 Locate
1611 952 1691 1012 1004
1713 950 1780 1011 Mai
1797 954 1849 1013 23,

345 1128 506 1189 Notarieiie
534 1128 688 1201 Abacbrift
714 1130 873 1189 voo1324
900 1131 934 1189 in
963 1130 1015 1190 der
1044 1130 1072 1189 lc.
1097 1129 1263 1189 Bibliotbele
1291 1147 1327 1188 ru
1353 1128 1468 1188 Parme
1492 1129 1561 1197 (A).
1591 1159 1637 1169 —
1665 1130 1820 1203 Abecbrift
1847 1131 1897 1191 des

346 1236 393 1295 15.
416 1235 469 1296 Ji.
492 1236 534 1294 im
559 1233 786 1311 Capitelearcbie
807 1254 844 1296 eo
865 1236 1009 1297 Pieceare
1036 1236 1105 1305 (B).

347 1376 450 1452 Compi
466 1376 549 1437 Dcil'
568 1378 693 1439 historia
714 1379 746 1438 di
764 1378 909 1439 Piscenae
930 1380 960 1450 1,
979 1380 1040 1439 497
1059 1382 1092 1438 ιιο
1107 1381 1147 1439 65
1163 1379 1378 1455 oevolistdndip
1396 1396 1450 1439 uus
1467 1379 1621 1452 Absobrift
1638 1380 1694 1440 mit
1710 1398 1795 1440 anno
1813 1382 1896 1458 regie

346 1487 425 1546 iza
453 1485 534 1546 1005
561 1485 618 1553 (P)
648 1506 690 1533 =
717 1485 839 1546 Debuit
864 1487 940 1546 Aue.
966 1488 995 1557 3,
1014 1487 1075 1546 859
1096 1505 1133 1547 ra
1155 1487 1243 1548 1004.
1267 1515 1313 1525 -
1336 1484 1460 1560 Stampf
1485 1486 1561 1545 Acte
1586 1487 1662 1546 ised.
1694 1488 1752 1547 361
1781 1489 1897 1548 10259

345 1609 399 1651 ece
420 1591 457 1652 A.
481 1620 527 1630 -
548 1591 676 1651 Bo'bmcr
697 1591 769 1667 Rep.
794 1592 863 1653 952.
888 1622 933 1632 —
956 1591 1080 1669 Stempf
1097 1593 1169 1669 Rep.
1189 1593 1276 1655 1379.

351 1733 569 1809 Wiederllolaup
595 1752 651 1793 oen
672 1733 742 1793 DO.
766 1733 832 1794 ΠΙ.
857 1736 918 1794 385
927 1758 938 1808 ,·
966 1736 1013 1795 die
1041 1737 1074 1795 ia
1102 1736 1197 1814 eobten
1219 1734 1292 1794 DD.
1316 1734 1475 1795 Heiosicbr
1505 1754 1563 1795 ner
1587 1736 1652 1795 bier
1679 1736 1896 1797 voriommeadc

345 1839 501 1916 Reciaaup
521 1841 595 1899 neci
616 1840 897 1916 Repieuapsp'cbrea
918 1842 951 1901 in
973 1841 1081 1902 Italica
1107 1844 1262 1914 1011111111
1280 1843 1361 1901 einen
1382 1843 1462 1901 aiibi
1484 1842 1537 1901 der
1559 1842 1683 1903 szlei
1706 1844 1896 1919 seciorem

345 1946 485 2007 Itaiiener
506 1947 552 2005 ula
574 1945 724 2007 Sobreiber
745 1947 904 2007 scilicesee.
929 1979 975 1987 —-
996 1947 1064 2009 Dee
1086 1948 1191 2009 Dmok
1213 1950 1308 2009 dieser
1333 1948 1469 2009 Urluosde
1493 1950 1537 2008 bei
1562 1947 1665 2023 Compi
1686 1950 1738 2009 bei
1759 1949 1895 2026 Drupone’

345 2055 400 2125 fiir
413 2053 461 2112 die
474 2052 638 2129 Filacbuup
659 2072 715 2113 ooo
730 2052 854 2129 Siampf
863 2054 936 2131 Rep.
953 2056 1032 2116 1403
1058 2057 1178 2127 bonoim
1201 2057 1256 2116 wie
1277 2075 1310 2115 er
1332 2056 1405 2115 aeci
1427 2060 1506 2115 sonet
1527 2056 1614 2115 orben
1635 2057 1761 2117 anderen
1778 2055 1895 2134 Quidlcn

347 2158 479 2234 Gempi’s
504 2159 594 2219 Teste
616 2162 670 2232 fler
697 2160 773 2219 scine
797 2160 971 2236 Dapwerltc
999 2163 1199 2236 vewertbem
1228 2163 1276 2223 die
1296 2161 1462 2238 Datioi-uoq
1491 2181 1547 2222 voa
1576 2160 1701 2237 Stampf
1719 2162 1791 2239 1209.
1815 2164 1895 2226 1403

346 2267 535 2341 compouiene
555 2285 588 2325 er
609 2284 663 2326 ece
684 2267 736 2327 der
758 2266 1005 2344 Dutieraopsuile
1032 2287 1088 2329 ooo
1110 2268 1151 2328 D.
1169 2270 1210 2329 70
1237 2270 1297 2329 seed
1318 2269 1371 2329 der
1393 2269 1437 2328 bei
1459 2267 1611 2328 Murotori
1633 2269 1744 2329 Annali
1766 2268 1895 2331 d’Italio

346 2375 390 2444 θ’,
409 2374 449 2433 36
470 2374 671 2449 miipdbeiltca
692 2393 748 2433 von
769 2373 810 2434 D.
828 2375 876 2434 95.
922 2374 1046 2436 Daouei
1068 2377 1108 2436 iai
1130 2376 1197 2436 beia
1214 2376 1318 2436 erud
1339 2376 1420 2435 meir
1442 2376 1617 2446 verbunden,
1640 2376 1688 2435 die
1707 2375 1895 2438 1011111100-

345 2480 404 2539 lceit
431 2480 484 2540 der
511 2478 677 2556 Datiereap
703 2499 760 2541 oon
788 2480 829 2541 D.
853 2482 903 2553 70,
938 2483 992 2542 wia
1023 2483 1063 2543 N.
1087 2482 1197 2543 Arcbio
1222 2483 1579 2558 2014819111οω
1607 2501 1682 2553 war,
1711 2484 1745 2543 io
1772 2483 1895 2556 Zweifel

344 2604 380 2646 rs
405 2587 509 2646 riebeu
533 2617 578 2625 —
605 2586 739 2647 Unaerem
761 2588 898 2648 Abdrade
919 2589 988 2665 licei
1012 2590 1060 2649 dic
1084 2589 1297 2666 Ortbopropbie
1316 2608 1373 2650 voe
1394 2588 1426 2647 Β
1446 2607 1483 2649 ru
1507 2588 1638 2651 Grande.

345 2761 404 2833 (c.)
438 2755 478 2819 ln
506 2757 638 2821 nomine
672 2766 806 2821 sanctae
837 2768 871 2822 et
902 2756 1094 2824 individuae
1125 2759 1290 2824 trinitatis.
1340 2757 1541 2823 Heinrieus⁸
1563 2757 1765 2823 Francorum
1794 2768 1893 2847 atque

238 2860 551 2948 Longobsrdorumb
581 2884 724 2949 superna
751 2863 925 2928 clementie
955 2887 1026 2929 rex.
1140 2880 1229 2931 Deest
1253 2864 1399 2952 regalem
1426 2877 1621 2930 excellenciam
1646 2880 1701 2931 sibi
1724 2880 1895 2932 subditorum

193 2995 221 3035 to
238 2980 341 3049 plscita
353 2983 406 3035 deo
423 2983 581 3049 potencium
599 2999 680 3035 aures
698 3000 747 3035 suo
766 2985 918 3036 maiestatis
936 2987 1065 3052 precibus
1082 2985 1225 3047 inclinare,
1245 2988 1374 3053 quatinus
1393 3002 1487 3038 eorum
1505 2984 1576 3037 fulta
1593 2988 1717 3039 serviciis
1736 2987 1895 3054 temporalis

237 3090 345 3155 imperii
369 3088 503 3154 glorietur
527 3090 632 3142 honoro
657 3096 741 3156 etque
766 3098 830 3158 poet
844 3064 935 3144 ¹buius
961 3108 1104 3145 exceeeum
1129 3094 1186 3145 rite
1212 3094 1336 3145 bravium
1360 3100 1454 3145 eterne
1479 3099 1616 3145 mereatur
1641 3093 1759 3160 adipisci
1784 3110 1893 3147 corone.

238 3196 376 3258 Quocircs
398 3197 519 3248 omnium
543 3204 638 3249 sancte
658 3199 702 3249 dei
722 3198 841 3251 ecclesie
866 3205 1098 3266 nostrorumquee
1118 3198 1241 3252 fidelium
1265 3200 1438 3266 presencium
1461 3198 1571 3252 scilicet
1593 3216 1626 3251 ac
1648 3201 1801 3253 futurorum
1820 3216 1893 3253 com·

237 3303 326 3369 periet
354 3304 532 3364 universitas,
561 3302 678 3371 qualiter
706 3303 898 3357 dilectissimus
925 3313 1020 3358 noster
1047 3308 1163 3358 domnus
1188 3301 1368 3373 Sigiiredue‘l
1392 3305 1554 3359 Placentine
1584 3306 1702 3360 ecclesie
1729 3307 1894 3360 venerabilis

238 3409 329 3476 presul
354 3416 477 3462 nostrum
494 3409 611 3477 supplex
629 3411 699 3463 adiit
716 3411 907 3465 celsitudinem
924 3412 1078 3480 postulans,
1103 3420 1135 3465 ut
1153 3430 1203 3480 pro
1222 3413 1268 3465 dei
1287 3430 1380 3466 amoro
1398 3430 1503 3479 susque
1522 3413 1626 3465 devota
1642 3416 1783 3481 peticione
1801 3431 1893 3467 mona-

193 3529 220 3569 ss
237 3518 359 3578 rufium,
379 3517 452 3583 quod
469 3517 589 3584 impulsu
614 3503 725 3569 domni
749 3505 877 3570 Ottonis
899 3504 985 3571 bone
1009 3507 1166 3571 memorie
1189 3507 1396 3594 imperatorie
1419 3529 1544 3594 suoque
1568 3521 1663 3572 levore
1686 3507 1740 3572 vel
1763 3521 1893 3589 suffrsgm

238 3625 352 3677 fundere
378 3632 407 3677 et
430 3625 465 3676 sb
483 3626 545 3676 imis
569 3631 726 3677 construere
753 3628 828 3692 cepit
846 3633 874 3678 et
892 3643 942 3693 pro
969 3635 1030 3678 sua
1054 3629 1146 3679 anime
1170 3635 1368 3701 suorumque
1392 3643 1584 3680 successorum
1602 3644 1697 3696 regum
1716 3626 1761 3679 rel
1778 3629 1894 3696 impers-

237 3740 328 3786 torum
352 3749 403 3783 eeu
428 3738 457 3783 et
480 3706 530 3798 pro
556 3732 697 3784 euimsbus
716 3735 837 3784 omnium
856 3734 1067 3786 christianorum
1086 3733 1210 3785 fidelium
1229 3736 1282 3787 deo
1299 3735 1412 3787 ferente
1429 3736 1544 3802 viteque
1570 3737 1670 3788 comite
1688 3736 1820 3803 perlicere
1838 3736 1892 3788 dis·

236 3841 338 3907 poenit,
356 3841 386 3890 in
403 3855 454 3890 suu
471 3840 606 3891 dioecessi
624 3855 680 3891 non
699 3839 780 3907 louge
799 3857 817 3892 s
828 3839 990 3892 Placentine
1010 3842 1086 3892 urbis
1105 3857 1182 3893 muro
1201 3843 1231 3892 in
1243 3843 1347 3893 bonore
1366 3842 1442 3893 beati
1456 3843 1553 3895 Seuiui
1573 3844 1738 3895 confessoris
1757 3850 1786 3894 et
1803 3845 1893 3910 ponti·

238 3947 296 3998 fleis
315 3945 424 4007 Christi,
450 3947 497 3998 ubi
521 3945 673 4012 gloriosum
696 3962 796 4013 corpus
815 3949 895 3999 eius⁰
916 3950 1072 4013 requiescit,
1098 3950 1239 4015 inceptum
1258 3949 1310 4000 sub
1328 3955 1421 4002 nostre
1444 3934 1588 4023 regillis¹
1605 3952 1787 4018 protectionis
1805 3950 1894 4002 tutela

193 4069 221 4107 eo
238 4071 272 4106 ac
297 4054 481 4106 defensioue!
504 4054 628 4120 recipere
653 4053 859 4121 prcceptalique
886 4056 1051 4107 auctoritate
1077 4055 1244 4107 coroborero
1269 4058 1451 4124 digneremur.
1491 4056 1576 4109 Cuius
1595 4058 1686 4123 dignis
1711 4058 1893 4124 peticionibus

237 4177 379 4214 mensum
404 4162 549 4227 prebentes
567 4156 725 4228 prefstumh
743 4164 938 4213 monesterium
956 4162 1008 4213 sub
1026 4170 1122 4214 nostra
1140 4163 1301 4215 defensione
1320 4171 1470 4230 receptum,
1496 4164 1629 4231 quicquid
1648 4182 1666 4217 a
1681 4177 1699 4211 e
1719 4164 1820 4218 domno
1837 4166 1893 4218 iam

237 4270 311 4322 dieto
335 4264 493 4335 sigifredo¹
522 4271 652 4336 episcopo
678 4268 810 4321 collatum
836 4276 878 4321 est
900 4253 987 4320 dicto
1013 4272 1179 4321 monasterio
1205 4258 1373 4345 nostrique
1400 4257 1644 4345 predecessoris
1668 4258 1894 4345 gloriosissimi

237 4363 441 4450 imperatoris
465 4363 594 4428 Ottonis
616 4373 772 4450 precepto
796 4361 1023 4427 confirmatum
1047 4384 1096 4428 sut
1121 4378 1155 4428 ab
1182 4377 1301 4429 eodem
1325 4363 1456 4453 presule
1481 4381 1540 4430 eive
1564 4397 1581 4431 s
1600 4381 1811 4446 quibuscunque
1829 4378 1891 4431 reli·

235 4477 346 4550 ςίοεὶιι
364 4484 519 4535 bominibus
540 4484 734 4536 eonferendum
760 4485 789 4534 in
813 4476 984 4550 posterum¹‚
1010 4489 1106 4535 nostre
1127 4484 1280 4551 preceptali
1306 4488 1472 4538 auctoritate
1491 4486 1679 4538 confirmemus
1699 4487 1892 4538 coroborsmus

191 4605 217 4645 te
236 4605 269 4641 ao
294 4589 457 4657 stipulamur
481 4607 533 4642 nec
555 4606 612 4641 non
636 4592 713 4642 iuxta
731 4590 873 4641 decretum
898 4592 951 4657 ipsi
971 4589 1089 4641 ecclesie
1115 4592 1149 4643 eb
1169 4593 1267 4644 eodem
1285 4595 1417 4660 episcopo
1434 4593 1537 4645 iactum
1556 4594 1662 4645 firmum
1679 4599 1814 4661 perpetuo
1831 4594 1892 4646 iure

234 4696 387 4764 stabileque
406 4714 563 4750 censemus:
589 4697 682 4750 villsm
707 4697 814 4749 scilicet
832 4713 886 4763 que
905 4703 1021 4749 vocatur
1038 4699 1192 4750 Fabianum
1212 4715 1274 4751 cum
1293 4699 1401 4767 capelle
1418 4707 1448 4752 et
1466 4701 1594 4752 omnibus
1611 4701 1665 4753 sibi
1682 4702 1891 4768 pertinentibus,

234 4820 344 4856 mensos
363 4812 481 4871 quatuor
498 4807 528 4856 in
541 4804 643 4866 Breuli,
662 4811 776 4856 unumm
795 4806 823 4855 in
841 4812 939 4858 sancto
951 4805 1100 4867 Damiano,
1120 4821 1205 4857 unum
1224 4808 1254 4857 in
1271 4809 1429 4869 Mesenen,
1448 4823 1533 4858 unum
1552 4808 1582 4859 in
1599 4806 1743 4870 Pslda1i0,
1762 4809 1845 4860 duos
1862 4809 1891 4859 in

234 4910 355 4973 Macelli,
382 4928 465 4964 unum
490 4915 520 4963 in
544 4914 636 4979 capite
657 4911 765 4974 Caride,
790 4914 819 4962 iu
837 4911 1006 4964 RuuoaliisP
1032 4929 1126 4973 unum,
1151 4920 1257 4966 cortem
1281 4929 1335 4980 que
1360 4913 1462 4965 dicitur
1480 4915 1574 4965 'Iurris
1601 4931 1663 4966 cum
1689 4915 1816 4967 omuibus
1839 4915 1891 4966 sibi

233 5019 439 5084 pertinentibus,
464 5020 581 5085 breydas
606 5022 634 5070 in
654 5021 772 5071 circuitu
791 5018 940 5072 Placencie
960 5021 1103 5087 cupientes
1125 5023 1266 5072 annuetim
1285 5022 1392 5073 modios
1410 5022 1603 5088 qusdruginte,
1628 5022 1743 5089 insuper
1759 5021 1891 5088 braydsm

186 5141 215 5186 eo
232 5127 320 5177 sancti
338 5127 442 5178 Tbome
467 5126 545 5177 iuxte
570 5127 643 5179 idem
668 5129 863 5178 monesterium
887 5129 969 5178 sitem
995 5127 1030 5178 sd
1051 5129 1147 5180 vineas
1172 5127 1353 5195 plantandum
1377 5134 1506 5194 ortosque
1525 5127 1679 5190 colondum,
1705 5128 1891 5180 molendinum

233 5249 323 5294 mum,
348 5242 468 5285 mercets
487 5235 543 5286 duo
572 5259 607 5269 -
633 5250 716 5285 unum
741 5236 771 5284 in
790 5233 905 5285 castello
924 5236 1051 5285 Arcuato
1071 5234 1145 5300 quod
1162 5234 1280 5286 habetur
1301 5235 1389 5285 tribus
1408 5237 1516 5287 vicibus
1540 5237 1569 5286 in
1588 5252 1668 5297 auno,
1694 5235 1809 5287 alterum
1826 5235 1890 5286 Pla-

320 5405 364 5463 tt).
390 5405 497 5477 [Bloch]
559 5407 587 5477 a)
611 5405 750 5460 Heurieue
768 5407 794 5459 P
879 5408 908 5475 1))
931 5408 997 5472 ΒΡ;
1022 5404 1273 5476 Langobardorum
1297 5410 1325 5461 A
1415 5408 1442 5479 c)
1468 5409 1494 5461 P
1510 5435 1541 5453 =
1561 5409 1638 5472 VU.,·
1661 5412 1818 5462 nostrorum
1837 5410 1889 5461 AB

390 5477 419 5543 d)
439 5479 480 5541 P,·
497 5477 683 5549 Sygheiredus
701 5481 743 5546 A;
761 5476 921 5548 Sigebedus
938 5480 977 5547 B;
995 5477 1033 5547 Sy
1055 5478 1061 5490 ’
1126 5495 1156 5531 ιιι
1175 5479 1200 5530 Β
1212 5481 1243 5531 e'a
1259 5479 1320 5532 Vll.
1398 5483 1425 5549 e)
1443 5480 1502 5534 eius
1520 5497 1619 5549 corpus
1638 5481 1665 5532 P
1739 5479 1762 5550 1)
1781 5481 1821 5543 P,·
1838 5479 1889 5534 im·

389 5549 497 5617 perieulis
509 5551 562 5603 AB
626 5552 655 5620 g)
670 5551 697 5603 P
708 5576 739 5594 =
754 5551 828 5613 We
845 5550 970 5604 tutellsm
990 5553 1019 5604 et
1051 5549 1221 5605 eiensiouem
1236 5552 1276 5619 A;
1295 5551 1419 5605 tutellam
1439 5568 1471 5604 ac
1485 5550 1673 5606 defensionem
1687 5553 1712 5604 Β
1777 5550 1808 5621 h)
1826 5568 1889 5622 pre·

183 5639 212 5679 es
388 5620 493 5675 dietum
511 5622 538 5673 P
617 5622 638 5689 1)
656 5621 696 5684 Ρ,·
715 5620 878 5691 Sigbeiredo
895 5623 936 5685 A;
962 5619 1108 5691 Sigelredo
1127 5622 1153 5674 Β
1244 5621 1274 5690 k)
1293 5623 1398 5676 reliosis
1416 5623 1442 5675 Β
1531 5622 1552 5691 1)
1572 5626 1642 5678 P=
1658 5624 1735 5685 VU.‚·
1759 5621 1888 5692 imposte·

389 5709 449 5745 rum
467 5694 520 5745 AB
602 5692 642 5763 m)
661 5710 747 5747 uuum
766 5723 799 5733 -
818 5691 1025 5762 Montebissago
1043 5694 1112 5758 sebit
1131 5695 1162 5745 ia
1182 5693 1208 5745 P
1289 5697 1319 5762 n)
1342 5696 1416 5756 VU.‚·
1441 5692 1571 5748 Mariano
1589 5696 1650 5762 AB,
1678 5695 1760 5749 auen
1777 5697 1820 5748 ein
1840 5696 1890 5749 Ort

386 5765 470 5817 dream
486 5766 605 5818 Nemone
621 5766 703 5831 findet
720 5765 778 5818 ss'cb
796 5767 864 5831 jem
882 5768 912 5817 in
932 5766 981 5817 der
998 5765 1105 5818 Emilie
1130 5765 1213 5832 neec,
1239 5766 1310 5819 scobi
1325 5765 1389 5820 eber
1406 5766 1526 5819 mebrere
1543 5767 1674 5820 Mariano
1765 5768 1793 5835 ο)
1810 5768 1835 5819 Β
1857 5793 1888 5811 =

394 5836 470 5897 VU.,·
487 5833 589 5889 Padsri
606 5841 631 5889 A
715 5839 745 5906 p)
761 5835 901 5891 Rouculiis
918 5838 943 5890 A
