4798 6486
540 410 605 475 506
1141 417 1603 477 KAISERURKUNDEN.

539 607 745 693 negotiorum
768 606 803 670 in
827 604 1107 694 contemplationis
1131 628 1189 670 sue
1211 607 1336 671 vertice
1360 627 1501 692 superne
1524 604 1700 671 voluntatis
1723 605 1917 670 sententiam
1938 614 2195 692 perscrutantur,

540 713 729 778 ministeriis
753 713 863 800 sepius
887 712 1054 778 deservire
1078 712 1179 778 officii
1201 711 1419 778 exterioribus
1442 713 1638 777 necessitate
1662 724 1832 799 coguntur.
1870 711 1967 777 Unde
1990 713 2076 776 sciat
2098 733 2196 776 cunc·

539 830 647 885 terum
665 819 720 884 dci
738 830 985 907 nostrorumque
1004 819 1150 885 fidelium
1166 819 1373 906 generalitas,
1393 818 1532 907 qualiter
1545 817 1756 885 Burcbardus
1771 817 1931 884 discretus
1949 819 1983 883 in
1999 817 2197 906 appetendo,

540 926 631 992 fortis
661 927 696 990 in
726 925 906 1009 tolerando,
936 927 1040 991 iustus
1063 927 1096 990 in
1120 925 1247 1009 iuditio,
1278 936 1390 992 sancte
1413 925 1568 992 videlicet
1583 925 1834 991 Wormatiensis
1857 926 1996 991 ecclesie
2019 927 2197 1013 episcopus

540 1045 684 1099 nostram
716 1044 911 1121 potestatem
941 1032 1146 1120 imperialem
1178 1033 1260 1098 adiit
1290 1055 1421 1119 rogans,
1453 1044 1490 1098 ut
1520 1030 1675 1099 fratribus
1707 1055 1764 1098 sue
1797 1033 1885 1099 sedis
1913 1033 2107 1119 principalis
2137 1030 2232 1100 subs

541 1142 662 1207 honore
686 1140 811 1206 scilicet
833 1138 923 1205 beati
941 1141 1033 1205 Petri
1055 1140 1214 1227 principis
1237 1138 1457 1228 apostolorum
1479 1139 1676 1205 fundotenus
1699 1161 1720 1204 a
1742 1161 1777 1205 se
1801 1150 1985 1206 constructe
2007 1138 2199 1205 theloneum

542 1259 575 1313 et
609 1259 789 1313 mercatum
824 1249 858 1312 in
892 1247 964 1313 loco
1000 1248 1055 1334 qui
1091 1246 1211 1312 dicitnr
1240 1244 1490 1313 Kebelinbsch⁸
1519 1268 1594 1312 cum
1624 1244 1773 1312 omnibus
1805 1248 1873 1312 suis
1901 1247 2110 1334 pertinentiis
2140 1267 2201 1333 per

540 1366 687 1421 nostrum
709 1365 901 1443 preceptum
924 1355 958 1419 in
977 1355 1146 1443 proprium
1165 1353 1378 1419 traderemus.
1417 1350 1520 1419 Cuius
1538 1351 1724 1419 rationabili
1741 1355 1891 1442 petitioni
1908 1352 2063 1419 libentius
2084 1375 2200 1418 aurem

541 1461 826 1528 accommodantes
846 1483 936 1527 more
958 1483 1073 1548 regum
1093 1472 1191 1548 atque
1211 1461 1444 1549 imperatorum
1463 1470 1648 1526 nostrorum
1668 1484 1797 1548 quoque
1817 1473 2059 1548 antecessorum¹
2081 1460 2199 1525 firmis-

542 1572 624 1634 sime
645 1580 741 1634 etex
759 1570 885 1654 integro
904 1567 1068 1654 postulata
1087 1568 1318 1632 concessimus.
1356 1566 1401 1631 Et
1422 1577 1459 1632 ut
1481 1567 1543 1632 hec
1565 1579 1674 1633 nostre
1698 1567 1951 1633 confirmationis
1973 1567 2099 1655 pagina
2122 1564 2200 1631 iude
2218 1594 2242 1634 re

542 1677 728 1764 conscripta
755 1675 850 1739 firma
879 1686 913 1739 et
941 1673 1135 1740 inconvulsa
1163 1684 1365 1761 permaneat,
1394 1696 1494 1738 manu
1525 1675 1659 1761 propria
1689 1673 1936 1740 corroborantes
1966 1673 2064 1762 sigilli
2095 1674 2200 1739 nostri

541 1784 744 1871 inpressione
769 1781 906 1847 eandem
930 1779 1161 1846 subterbullari
1183 1781 1346 1846 iussimus.

650 1924 851 1991 (luntherius
874 1922 1089 1990 cancellarius
1112 1923 1185 1988 vice
1208 1920 1415 1989 Erkanbaldi
1438 1922 1692 2010 archicapellani
1713 1924 1848 1990 notavit.

649 2068 739 2134 Data
754 2083 789 2133 v.
808 2068 853 2133 id.
873 2066 975 2133 iuniib
999 2088 1085 2132 anno
1109 2066 1272 2131 dominice
1295 2065 1529 2131 incarnationis
1547 2079 1677 2149 sixvm,
1701 2089 1787 2132 anno
1809 2088 1888 2131 vero
1912 2065 2023 2132 domni
2045 2065 2200 2131 Heinrici

543 2175 680 2242 secundi
703 2175 870 2263 regnantis
888 2188 976 2257 xvll,
999 2173 1128 2260 imperii
1143 2188 1179 2255 V,
1203 2171 1381 2237 indictione
1396 2183 1484 2256 VII03
1509 2182 1618 2238 achim
1633 2172 1826 2238 Wormatie.
2217 2206 2239 2247 η

1323 2471 1418 2561 394.

541 2639 723 2716 Heinrich
756 2636 902 2714 schmitt
926 2638 1005 2711 dem
1035 2662 1108 2711 voa
1132 2636 1252 2711 seioer
1279 2632 1472 2712 Ganattin
1497 2635 1724 2738 Keoiyaade
1745 2637 1993 2739 yeffisiadeten
2016 2637 2198 2714 Noaaen·

542 2759 674 2837 ldoster
698 2784 743 2834 ze
767 2755 999 2857 Koasuapen
1026 2757 1105 2830 ciac
1131 2755 1322 2857 Beeitzcap
1345 2780 1391 2830 zu
1415 2753 1678 2855 Leideabofea.

1715 2901 1886 2980 Straesburq
1909 2905 1988 2964 1018
2004 2904 2081 2966 Jcai
2106 2907 2153 2965 16.

654 3048 898 3125 Oricinuldiplom
920 3049 961 3108 im
983 3048 1012 3108 lc.
1033 3046 1234 3107 Stactsarciic
1256 3064 1292 3105 zu
1314 3044 1458 3122 Martem
1482 3046 1555 3113 (A).
2213 3070 2237 3110 ss

651 3191 831 3251 Ledderltose
851 3189 957 3251 Kleiae
979 3188 1128 3261 Schriften
1150 3190 1182 3260 2,
1197 3190 1261 3247 282
1284 3189 1351 3247 Μ
1372 3206 1426 3248 asts
1448 3190 1486 3248 A.
1505 3218 1550 3228 -
1572 3188 1700 3249 Btbmcr
1720 3188 1897 3265 ch.1178.
1918 3220 1963 3230 —
1986 3188 2113 3266 Stempf
2126 3190 2196 3266 Bac.

651 3299 740 3359 1709.

654 3440 839 3501 Geschrieben
868 3457 924 3499 voa
945 3437 1014 3509 HG,
1043 3439 1096 3498 der
1123 3438 1185 3498 sici
1213 3438 1262 3497 des
1284 3436 1325 3497 D.
1343 3438 1402 3497 375
1424 3437 1470 3497 als
1488 3437 1610 3514 Vorlaqe
1631 3438 1756 3499 Mente
1782 3439 1841 3498 aad
1862 3440 1923 3500 siri
1944 3440 2049 3501 dicam
2070 3443 2146 3502 acci
2166 3442 2196 3500 is

652 3548 704 3607 der
726 3547 949 3621 Formaliercap
977 3546 1029 3605 der
1051 3544 1232 3604 Datamzeile
1260 3544 1415 3615 casellaco,
1444 3543 1581 3604 wabrensi
1602 3564 1635 3604 er
1656 3546 1698 3605 im
1719 3546 1839 3621 ιἰὸήρεη
1862 3548 1916 3618 fiir
1936 3547 1991 3606 dae
2012 3546 2197 3608 mamad

653 3655 699 3714 eia
722 3673 775 3713 voa
798 3653 890 3712 Erice
911 3652 1117 3728 recumberes
1138 3650 1180 3711 D.
1204 3670 1268 3709 zum
1291 3649 1404 3711 Mnester
1425 3669 1586 3726 qawmmea
1607 3670 1643 3710 zu
1664 3653 1754 3712 tabes
1776 3653 1893 3725 sciant,
1916 3654 1971 3729 val.
1991 3653 2033 3714 D.
2050 3656 2121 3716 360.
2211 3671 2235 3714 ss

654 3831 712 3904 (C.)
736 3820 754 3912 ξ
775 3822 815 3886 In
838 3822 968 3886 nomine
993 3832 1125 3886 sanctae
1150 3830 1183 3884 et
1205 3817 1395 3884 individuae
1418 3819 1581 3885 trinitatis.
1626 3820 1802 3886 Heinricus
1833 3820 1944 3886 divina
1974 3822 2107 3888 favente
2135 3823 2194 3888 cle·

545 3932 669 3997 mentia
690 3931 911 3999 Romanorum
933 3929 1111 4014 imperator
1133 3938 1300 4014 augustus.
1389 3939 1530 4007 Imperiati
1554 3948 1665 3993 nonnae
1683 3935 1697 4007 i
1716 3942 1843 4007 signium
1869 3945 1968 3995 decens
1994 3952 2077 4010 atque
2104 3960 2196 3997 nsces-

546 4054 648 4103 sariam
667 4052 770 4115 absque
791 4050 875 4101 dubio
894 4051 995 4100 scimus
1014 4065 1083 4111 esse,
1110 4054 1140 4099 ut
1166 4056 1194 4098 et
1219 4064 1270 4098 nos
1295 4049 1324 4098 in
1349 4045 1458 4098 laudem
1478 4053 1506 4099 et
1523 4049 1654 4101 honorem
1674 4050 1718 4100 dei
1736 4050 1809 4101 bona
1827 4050 1984 4117 incipiendo
2003 4052 2223 4119 proficiamus·

547 4168 575 4212 et
593 4158 655 4210 aliis
673 4158 877 4225 incipientibus,
903 4163 1038 4223 quatenus
1056 4170 1073 4201 s
1094 4157 1260 4223 pertingant,
1279 4171 1358 4220 opem
1377 4161 1497 4206 noscam
1515 4155 1712 4221 impendamus.
1749 4157 1779 4208 si
1804 4172 1870 4223 ergo
1896 4158 1948 4209 hoc
1974 4159 2046 4209 inste
2072 4160 2195 4211 omnibus

547 4267 675 4320 exhibere
701 4267 841 4325 debemus,
867 4272 971 4331 quanto
996 4262 1145 4331 specialius
1170 4278 1310 4313 monemur
1334 4260 1377 4312 illi
1399 4259 1503 4313 auxilio
1528 4279 1597 4323 esse,
1622 4269 1654 4314 nt
1678 4264 1752 4316 bona
1776 4263 1901 4331 perficiat
1918 4266 2037 4335 incepta,
2062 4282 2125 4317 cnm
2143 4280 2196 4331 qus
2211 4277 2236 4318 to

546 4390 640 4427 snmus
666 4388 731 4424 caro
756 4380 785 4424 et
809 4373 900 4423 anima
925 4387 989 4423 una.
1031 4369 1152 4421 Proinde
1180 4369 1300 4419 omnium
1327 4367 1428 4420 Christi
1455 4374 1664 4434 nosnorumqus
1691 4369 1814 4422 fidelium
1840 4373 2009 4439 presentium
2032 4371 2141 4424 scilicet
2165 4386 2195 4421 sc

545 4481 702 4533 futurorum
721 4480 830 4530 noverit
846 4479 1021 4538 universitas,
1040 4478 1116 4542 quod
1133 4475 1235 4526 dilecta
1252 4474 1415 4527 contectalis
1430 4482 1523 4526 nostra
1540 4475 1723 4542 chunigunda
1738 4472 1890 4543 videl[i]cet
1906 4480 2064 4544 imperatrix
2080 4484 2195 4545 augusta

546 4587 741 4639 monasterium
759 4587 788 4636 in
807 4585 939 4637 honorem
957 4583 1104 4635 salvatoris
1122 4583 1217 4633 mundi
1236 4590 1263 4633 et
1282 4583 1407 4633 vivificae
1427 4583 1516 4632 crucis
1538 4598 1589 4633 nec
1608 4599 1664 4634 non
1682 4591 1794 4636 unctae
1813 4585 1858 4635 dei
1876 4586 2017 4650 genitricis
2036 4599 2194 4653 semperque

546 4694 660 4759 virginis
683 4692 788 4743 Mariae
812 4692 942 4757 Patrique
967 4692 1099 4757 principis
1125 4685 1327 4755 apostol[‹irum
1353 4697 1381 4740 et
1406 4683 1561 4753 omni]n[m]
1589 4689 1668 4741 simul
1695 4698 1853 4742 sanctorum
1876 4693 1905 4741 in
1937 4691 1998 4744 loco
2024 4694 2072 4758 qni
2098 4693 2196 4743 dicitur

548 4799 694 4865 Chot'nnga
719 4800 878 4860 construxit,
906 4799 934 4849 in
960 4813 1015 4864 quo
1041 4797 1162 4861 virgines
1190 4797 1240 4847 sub
1269 4795 1365 4862 regula
1392 4797 1481 4847 sancti
1508 4797 1651 4848 Benedicti
1679 4798 1824 4849 ordinavit.
1869 4799 1960 4849 Huius
1986 4801 2072 4865 igitur
2096 4798 2194 4863 dilecte
2211 4807 2235 4851 tt

546 4913 657 4959 nostrae
677 4907 802 4971 coniugis
822 4907 907 4957 amori
926 4907 954 4955 in
973 4904 1099 4955 omnibus
1118 4909 1339 4969 optemperantes
1358 4920 1408 4969 pro
1424 4904 1545 4954 remedio
1562 4905 1651 4971 anime
1668 4912 1777 4957 nostrae
1789 4921 1841 4957 nec
1854 4921 1909 4956 non
1920 4906 2009 4972 ipsias
2021 4907 2194 4972 omniumque

548 5014 703 5065 debimrum
731 5020 887 5063 nostrorum
916 4997 981 5062 tale
1011 4995 1170 5084 predium,
1202 4994 1297 5081 quale
1326 5018 1386 5060 nos
1409 4997 1443 5060 in
1465 4996 1678 5062 Lindenhone
1700 5014 1729 5062 in
1756 5028 1829 5079 pago
1852 4998 1986 5085 Legene
2009 5013 2038 5062 in
2066 5015 2195 5065 comiato

547 5105 745 5170 Richmundi
772 5120 908 5178 comitis⁸,
934 5134 996 5168 cum
1016 5117 1141 5167 omnibus
1159 5117 1330 5181 pertinentiis
1348 5120 1405 5168 suis
1424 5118 1497 5183 agris
1523 5119 1594 5168 areis
1613 5119 1727 5187 edificiis
1746 5122 1824 5170 terris
1844 5118 1926 5170 cultis
1945 5126 1973 5170 et
1991 5119 2103 5173 incultis
2121 5121 2194 5172 silvis

547 5228 740 5278 venationibus
769 5226 847 5290 aquis
876 5240 1064 5290 aquarumque
1092 5219 1274 5274 decursibusb
1302 5225 1503 5290 piscationibus
1533 5224 1696 5276 molendinis
1727 5228 1813 5294 pratis
1839 5229 1951 5293 perenis
1978 5229 2030 5278 viis
2060 5234 2088 5279 et
2115 5229 2193 5280 inviis

619 5405 684 5464 888.
709 5405 854 5475 [Bresslau]
891 5408 918 5472 a)
943 5405 1069 5457 debinter
1086 5406 1117 5456 s'a
1135 5405 1159 5457 C
1177 5406 1226 5456 der
1244 5405 1333 5457 saum
1358 5406 1399 5457 bis
1422 5422 1483 5458 sam
1502 5405 1580 5459 Euda
1603 5409 1652 5460 der
1670 5409 1742 5461 Zeilr
1767 5410 1819 5462 lesr
1836 5409 1971 5475 cohme
1994 5411 2122 5464 αἰκία
2139 5424 2195 5462 socr
2208 5412 2234 5453 (θ

710 5480 747 5527 s'm
761 5477 887 5542 Oriqind
901 5479 959 5530 eins
973 5476 1062 5529 mess
1078 5477 1130 5540 scir
1144 5476 1219 5527 Gua-
1239 5476 1296 5528 und
1315 5476 1526 5543 Grcfsancmsn,
1546 5479 1611 5531 oder·
1628 5480 1676 5532 der
1689 5480 1828 5533 eumne
1845 5496 1904 5532 socr
1921 5482 1952 5532 ta
1969 5481 2025 5535 etna
2042 5482 2130 5534 durch
2150 5481 2193 5533 tte
2354 5472 2355 5567 l

709 5548 782 5599 neit
796 5564 868 5613 caaz
883 5547 1042 5614 auspefalltc
1057 5548 1145 5600 Leiria
1160 5547 1355 5613 sodomaeos
1408 5546 1438 5615 b)
1458 5546 1858 5616 laudacianorum„
1912 5551 1937 5619 c)
1955 5552 2024 5604 eceb
2039 5554 2083 5604 dis
2098 5551 2194 5617 soleta

710 5618 937 5684 Indictioaszitisr
948 5619 1042 5683 dtrfte
1053 5635 1109 5671 aar
1120 5619 1176 5682 auf
1181 5621 1264 5671 dmm
1275 5607 1581 5685 chrlisssrunpsfsbler
1592 5620 1718 5687 berchem
1729 5621 1762 5674 cb
1772 5623 1886 5676 mbas»
1898 5638 1950 5675 cess
1961 5621 2110 5677 indictione
2123 5624 2141 5677 i
2157 5624 2194 5676 lli

620 5705 683 5763 iiiii.
711 5702 918 5775 [Folia-Bloch]
962 5709 989 5770 a)
1016 5706 1142 5758 dcbs'ater
1168 5712 1240 5759 serore
1266 5714 1330 5759 drea
1358 5707 1409 5760 visi
1436 5724 1529 5760 sumus
1556 5706 1659 5763 babere
1686 5712 1846 5777 duremort
1872 5728 2000 5777 emessa,
2028 5713 2077 5780 aql.
2097 5715 2132 5769 D.
2145 5715 2194 5766 407

710 5778 740 5842 b)
765 5777 815 5827 doe
832 5784 899 5829 erate
917 5795 929 5829 s
947 5792 1026 5843 corr,
1045 5778 1265 5829 marahenses
1284 5795 1368 5832 osec
2208 5783 2233 5826 tt
