4800 6516
828 472 1062 530 nurnnrcn
1084 473 1131 553 n,
1165 470 1260 528 1002.
1831 462 1871 526 17

220 663 379 729 Homines
402 685 542 750 qnoque,
574 664 630 749 qui
654 684 763 727 ceram
791 660 835 726 ad
857 660 1038 750 predictam
1062 658 1235 749 ecelesiam
1258 658 1413 725 solvimt⁸
1439 680 1500 745 per
1522 680 1625 723 annos
1653 657 1808 744 singulos,
1839 668 1873 722 et

220 767 414 856 ingenuosb,
438 771 493 857 qui
515 783 567 833 sub
586 783 769 834 mundiburdo
790 788 818 834 et
836 783 954 833 tuitione
973 782 1060 848 ipaius
1080 780 1197 851 ecclesie
1216 781 1414 840 consistunt,
1433 764 1492 829 tall
1511 764 1584 851 lege
1603 764 1762 847 fruamm,
1786 766 1872 829 sicut
1885 788 1910 829 11
1936 740 1947 767 l

222 875 407 942 Coloniensi
431 875 568 965 ecclesie
593 897 783 940 concessum
799 887 849 939 est
866 875 1049 965 ceterisque
1072 875 1108 938 in
1130 896 1230 960 regno
1249 883 1359 938 nostro
1376 873 1569 937 constitutis.
1609 870 1748 957 Insuper
1772 873 1871 935 etiam

221 982 387 1072 predictus
409 981 607 1047 honorabilis
632 983 804 1069 episcopus
827 980 1001 1047 Ansfridus
1025 980 1220 1067 deprecatus
1247 990 1298 1045 eat
1326 990 1472 1044 nostram
1500 977 1705 1064 imperialem
1729 976 1869 1042 clemen·

185 1091 309 1172 otiam,
340 1100 376 1154 ut
406 1112 457 1153 res
486 1087 741 1176 presbiterorum
771 1088 981 1169 advenarum,
1013 1110 1094 1174 qnos
1121 1087 1260 1152 teutisca
1289 1086 1403 1172 lingua
1430 1085 1624 1150 evermerke
1653 1085 1869 1167 nominamus,

221 1208 295 1283 post
326 1194 450 1261 obitum
484 1218 596 1260 eornm
629 1206 739 1283 nostre
774 1193 887 1259 ditioni
922 1191 1059 1282 relicteb
1096 1216 1194 1280 supra
1228 1195 1393 1282 nominate
1429 1192 1568 1281 ecclesie
1603 1191 1869 1256 concederemus.

223 1317 308 1368 euius
328 1318 455 1384 petitioni
474 1325 534 1388 per
555 1303 774 1367 interventum
794 1300 912 1388 dilecte
935 1301 1084 1387 coniugis
1106 1311 1215 1389 nostre
1238 1300 1393 1366 videlicet
1415 1300 1528 1386 regine
1544 1297 1748 1388 Ounegunde
1772 1311 1896 1364 libentir

222 1426 313 1475 auimo
332 1440 426 1474 aurem
444 1423 653 1474 accommodare
671 1421 786 1489 placuit,
810 1428 838 1472 et
860 1407 982 1473 ideirco
1001 1407 1063 1472 hoc
1081 1417 1273 1497 preceptum
1291 1408 1357 1472 iam
1378 1435 1444 1487 sepe
1463 1420 1536 1489 dicte
1556 1418 1674 1490 ecclesie
1693 1419 1871 1470 concedimus
1885 1427 1909 1466 11

223 1532 259 1581 ob
271 1547 391 1582 amorem
404 1531 449 1581 dei
466 1543 483 1575 r
504 1531 657 1595 sanctique
675 1529 788 1579 Martini
808 1525 840 1578 et
858 1514 1069 1603 precipiendo
1088 1512 1247 1597 iubemus,
1267 1536 1298 1579 nt
1316 1527 1409 1579 nullus
1429 1528 1513 1578 iudex
1530 1525 1660 1593 publicus
1679 1523 1735 1577 aut
1753 1512 1871 1599 uliquis

179 1647 206 1687 ro
223 1656 257 1688 ex
281 1639 428 1689 iudiciaria
453 1643 592 1703 potestate
619 1623 654 1687 in
684 1644 784 1708 supra
811 1622 940 1707 scriptis
967 1619 1065 1686 rebus
1093 1621 1232 1711 ecclesie
1256 1619 1311 1685 dei
1341 1632 1397 1686 aut
1426 1620 1607 1685 rectoribus
1631 1619 1701 1684 eius
1729 1618 1871 1706 aliquam

223 1743 406 1812 calumpniam
426 1753 542 1816 gerere
566 1750 726 1811 presumat.
763 1728 807 1793 Et
828 1738 864 1792 ut
886 1751 906 1792 a
929 1727 1080 1792 fidelibus
1102 1728 1220 1792 nostris
1243 1728 1354 1792 verius
1377 1738 1410 1791 et
1432 1727 1556 1792 firmim
1580 1725 1783 1808 observetur,
1807 1725 1896 1790 hocr

222 1859 357 1926 presens
389 1849 580 1924 preceptum
612 1834 775 1901 conscribi
807 1836 958 1899 iussimus
991 1847 1024 1899 et
1056 1833 1154 1920 sigilli
1185 1835 1287 1898 nostri
1318 1835 1521 1921 inpressione
1553 1834 1674 1898 muniri
1704 1853 1869 1919 manuque

223 1954 342 2023 nostra,
366 1954 402 2006 nt
424 1943 509 2006 infra
531 1942 670 2021 videtur,
695 1942 904 2027 signavimus.

331 2092 466 2178 Signum
489 2092 599 2157 domni
622 2092 770 2156 Heinrici
792 2093 880 2177 regis
902 2091 1117 2155 invictissimi.

183 2272 208 2312 n
330 2241 518 2329 Egilbertne
543 2242 755 2307 cancellarius
779 2244 851 2306 vice
875 2240 1040 2327 Uuilligisi
1064 2240 1340 2327 archicappellani
1362 2243 1550 2328 recognovi.

331 2393 420 2458 Data
442 2409 496 2457 111.
519 2416 594 2457 non.
618 2404 699 2479 sept.
726 2370 811 2457 enno
834 2390 995 2481 dominice
1023 2393 1255 2457 incarnationis
1274 2407 1345 2475 ΜΗ,
1373 2391 1570 2458 indictione⁰
1685 2416 1769 2458 anno
1791 2415 1870 2459 vero

226 2499 348 2564 domini
370 2501 569 2582 Heinrici13
594 2509 702 2564 actum
724 2499 836 2563 Elisla.

1021 2780 1078 2867 15.

227 2950 404 3025 Heinrich
439 2964 605 3025 eneam
637 2951 703 3024 der
739 2949 991 3049 biocbbflicben
1024 2951 1162 3025 Kircbe
1199 2978 1243 3026 zn
1283 2951 1428 3027 Utrecbt
1464 2954 1524 3028 die
1557 2953 1772 3054 leeibunp
1806 2954 1873 3029 der

181 3100 209 3140 n
226 3069 454 3168 offentlichen
483 3069 624 3147 Gewalt
652 3069 733 3144 ond
765 3069 857 3143 oller
882 3068 1089 3166 Eioln'c'nste
1121 3072 1162 3144 in
1194 3071 1359 3146 Bommel
1391 3073 1497 3146 aowie
1531 3073 1592 3146 des
1622 3073 1775 3148 Besitzea
1811 3073 1873 3147 do

226 3189 352 3289 Poppo
377 3191 419 3263 in
444 3188 566 3263 Arkel.
1393 3219 1492 3280 Ebloo
1516 3222 1596 3280 1002
1619 3219 1780 3294 Semnan
1797 3221 1825 3279 3.

332 3415 422 3475 Diber
444 3416 540 3475 donet.
565 3432 618 3473 aas
640 3414 702 3473 dem
724 3414 808 3473 Eride
829 3413 878 3473 dee
901 3416 948 3473 12.
969 3414 1023 3475 Jlr.
1048 3417 1072 3486 f.
1092 3414 1134 3474 21
1156 3415 1196 3473 im
1218 3415 1246 3475 1.
1271 3414 1477 3474 Reicltaorebiv
1499 3434 1534 3474 zu
1558 3414 1674 3476 Utreobt
1698 3410 1781 3483 (13²).

334 3566 479 3642 Oronpclce
507 3586 564 3625 ereo
592 3566 735 3625 Helloadt
759 3564 1046 3633 (Dione-bronna)
1072 3559 1171 3625 CXV‘
1199 3566 1288 3625 Eutr.
1319 3567 1352 3626 ia
1380 3567 1641 3627 nioderldadiscber
1671 3567 1872 3642 Uebcreetaanq

331 3675 385 3734 mit
407 3673 464 3732 111
483 3674 542 3732 ind.
563 3671 609 3732 ΙΙ.
634 3702 678 3711 -
699 3672 785 3732 Hedo
808 3672 888 3731 Her.
912 3673 996 3747 episc.
1017 3672 1165 3732 Ultraiect.
1188 3674 1251 3733 275
1273 3692 1326 3732 otas
1345 3673 1497 3745 Abacbrist
1519 3675 1572 3733 mit
1595 3673 1690 3733 ΜΠΙ
1710 3695 1752 3721 =
1774 3674 1871 3734 Heda-

332 3781 487 3840 Bechelina
509 3782 569 3840 100
597 3781 750 3839 anement
779 3798 832 3838 ona
858 3777 891 3837 D
916 3780 975 3838 ond
997 3779 1069 3839 Mes.
1100 3781 1153 3839 mit
1175 3779 1302 3839 MXIH
1322 3781 1372 3848 (1)
1399 3802 1441 3828 --
1465 3781 1570 3841 Minis
1592 3782 1793 3857 Beacbn'joinp
1821 3783 1874 3842 der

333 3888 536 3962 macloplijlsen
558 3892 673 3945 mantea
695 3905 729 3945 eo
750 3887 868 3960 sequen,
897 3905 954 3945 van
981 3886 1096 3946 Utrecbt
1123 3886 1178 3945 in’t
1200 3887 1339 3961 byzoeder
1363 3887 1493 3962 (heyden
1512 3889 1606 3954 1726)
1628 3890 1688 3947 128
1710 3889 1742 3947 io
1763 3889 1871 3948 wieder·

333 3995 495 4056 ldodiscber
524 3994 735 4068 Ueberntzm,
766 4013 808 4039 =
835 3992 918 4052 Leon
940 3993 1050 4053 Aloude
1076 3992 1269 4053 Hellondaclre
1297 3993 1402 4053 latori
1428 3996 1458 4064 2,
1482 3996 1554 4064 232,
1585 4016 1627 4042 =
1656 3994 1761 4054 Mieris
1789 3995 1871 4056 Holl.

335 4100 385 4159 cl.
414 4101 452 4159 Β.
478 4104 506 4169 1,
528 4102 577 4160 56.
609 4129 653 4138 -
682 4100 750 4160 Jol.
781 4100 816 4158 de
838 4099 946 4174 Lcydia
976 4099 1079 4159 Oleros.
1104 4100 1185 4159 Holl.
1206 4100 1264 4158 117
1290 4100 1501 4176 ansollndadiq
1530 4102 1585 4160 mit
1607 4101 1646 4160 M
1669 4101 1729 4161 iod.
1751 4100 1797 4161 H.
1828 4132 1873 4141 —

333 4207 466 4267 Bondom
490 4206 540 4266 01.
564 4206 603 4266 Β.
627 4226 684 4266 von
705 4206 879 4266 Gelderlond
897 4209 926 4276 1,
946 4208 988 4265 86
1007 4208 1040 4265 n⁰
1055 4207 1094 4265 63
1117 4207 1169 4265 mit
1187 4205 1315 4265 MXIH
1332 4225 1386 4265 aas
1407 4205 1526 4266 anm.
1554 4237 1598 4246 —
1621 4207 1874 4269 Niederlb'ndiacbe

337 4315 537 4388 Uebersetznnq
560 4314 590 4372 in
610 4314 662 4372 der
678 4312 806 4373 Circeiis
828 4313 876 4372 des
898 4313 990 4372 Arent
1012 4319 1055 4373 loe
1076 4312 1175 4387 Bocop
1197 4313 1229 4372 in
1248 4311 1311 4372 CD.
1337 4313 1491 4373 Neerlcnd.
1515 4316 1545 4374 2.
1566 4313 1628 4374 Ser.
1652 4317 1682 4386 5,
1702 4316 1742 4374 67
1763 4316 1870 4376 novell-

330 4422 447 4496 atdndip
477 4421 530 4479 mit
551 4422 628 4481 1001
656 4419 717 4479 ind.
742 4421 769 4479 3.
800 4449 844 4458 -
873 4419 971 4496 Berplr
996 4419 1060 4479 OB.
1091 4438 1147 4479 van
1176 4420 1308 4480 Helleod
1331 4422 1359 4489 1,
1382 4421 1423 4479 46
1444 4423 1476 4479 πθ
1495 4422 1534 4479 74
1556 4421 1645 4481 Extr.
1675 4440 1729 4482 ena
1755 4421 1796 4482 D.
1828 4450 1871 4461 -

334 4527 411 4588 Sloet
436 4526 500 4586 OB.
524 4546 580 4586 ven
605 4526 691 4586 Gelre
713 4528 741 4597 1,
762 4527 821 4585 126
843 4530 876 4585 o⁰
896 4527 956 4586 126
977 4526 1066 4586 Extr.
1091 4545 1144 4587 asts
1166 4522 1219 4586 13².
1250 4556 1295 4565 -
1321 4526 1431 4586 Mullcr
1451 4527 1512 4587 Hel
1533 4528 1630 4587 audate
1652 4533 1723 4587 cart.
1747 4547 1805 4588 van
1827 4530 1872 4589 bet

331 4635 416 4694 atioht
440 4634 555 4693 Utreclt
577 4635 614 4693 71
637 4636 670 4692 πθ
689 4635 729 4692 38
751 4652 804 4692 orae
826 4629 880 4692 13².
905 4664 949 4672 —
971 4633 1098 4693 Bohmer
1119 4633 1191 4709 Ray.
1215 4635 1283 4694 903.
1308 4663 1352 4672 —
1376 4632 1498 4708 Stampf
1516 4633 1587 4710 Req.
1608 4637 1696 4694 1320.

338 4795 555 4869 Wiederholnnq
576 4813 631 4853 von
654 4792 805 4852 110111.
831 4795 899 4863 312,
923 4812 976 4853 oua
998 4794 1061 4852 dnn
1083 4794 1153 4853 anob
1176 4794 1224 4852 die
1246 4792 1508 4864 Deuotionaformel
1529 4793 1589 4853 und
1610 4794 1657 4853 die
1678 4793 1872 4855 Intenmtioe

332 4901 380 4960 dea
403 4901 504 4960 beredo
527 4902 584 4959 999
605 4901 783 4975 ecstorbeneo
799 4899 938 4972 Biacbofs
957 4900 1073 4960 stenen
1096 4920 1150 4960 ooo
1171 4900 1285 4960 Worma
1310 4900 1379 4976 (vel.
1404 4900 1514 4960 Hirscb
1536 4900 1641 4961 Jahrb.
1667 4903 1695 4971 1,
1710 4904 1775 4960 228
1797 4901 1836 4962 N.
1853 4905 1873 4961 4

332 5008 391 5066 und
413 5008 520 5066 Ficker
541 5007 635 5066 Beitr.
657 5008 685 5077 1,
701 5008 775 5075 318)
799 5007 995 5067 zibernommen
1017 5008 1092 5066 sind.

333 5193 372 5256 In
401 5194 531 5258 nomine
562 5206 674 5281 sancte
705 5205 737 5258 et
766 5193 934 5281 individue
964 5194 1125 5258 trinitatis.
1172 5194 1348 5259 Heinricus
1379 5216 1521 5281 superna
1547 5193 1678 5259 favente
1703 5194 1875 5259 clementia

228 5322 297 5364 rex.
400 5315 428 5365 Si
449 5313 517 5364 locis
535 5315 629 5365 divino
647 5314 734 5365 cultui
751 5316 913 5381 mancipatis
933 5314 1051 5365 alicuius
1070 5315 1183 5366 honoris
1202 5331 1252 5365 seu
1270 5316 1445 5382 proprietatis
1464 5312 1666 5366 sublementum
1684 5316 1797 5385 prebere
1816 5322 1873 5367 stu-

230 5412 377 5472 duerimus,
397 5414 424 5462 in
443 5420 534 5481 nostre
554 5414 642 5479 anime
662 5420 690 5463 et
708 5410 798 5463 caruis
817 5411 950 5464 felicitate
968 5413 1049 5463 nobis
1069 5413 1201 5462 divinitus
1220 5414 1388 5464 remunerari
1407 5411 1502 5479 procul
1523 5413 1607 5463 dubio
1625 5413 1770 5464 credimus.
1802 5415 1874 5476 Qua-

177 5535 208 5574 40
229 5526 341 5586 propter
365 5527 500 5585 optamus,
526 5527 556 5569 ut
580 5521 707 5570 omnibus
733 5521 834 5570 nostrie
860 5519 986 5570 fidelibus
1013 5526 1109 5569 notum
1134 5521 1170 5569 sit
1195 5521 1368 5590 presentibus
1394 5527 1477 5585 atque
1500 5520 1610 5581 suturis,
1634 5518 1752 5585 qualiter
1769 5536 1820 5572 nos
1839 5523 1876 5573 ob

228 5625 381 5676 remedium
399 5627 488 5689 anime
507 5634 599 5697 nostre
619 5634 818 5692 parentumque
837 5634 992 5677 nostrorum
1014 5643 1064 5677 nec
1085 5642 1140 5676 non
1165 5628 1322 5678 interventu
1341 5636 1369 5679 et
1387 5626 1506 5694 supplici
1526 5634 1625 5692 rogatu
1644 5628 1765 5678 Arrafridi
1782 5636 1877 5699 sancte

316 5831 360 5889 14.
384 5822 633 5904 mole-Bretina]
691 5834 717 5903 ι)
733 5831 806 5887 som
825 5834 862 5887 13²
950 5835 980 5903 s)
998 5834 1034 5888 Βπ
1123 5837 1148 5904 ο)
1166 5837 1209 5890 oa
1227 5837 1453 5903 lummene
1470 5836 1537 5900 sno
1558 5839 1587 5888 a
1606 5836 1660 5899 a¹,·
1682 5839 1717 5894 ιε»
1735 5837 1769 5893 H.

292 5956 492 6000 Kalaerurknnden
506 5959 549 5999 111.
1648 5951 1665 6000 3
