4800 6516
1139 461 1603 520 KAISERURKUNDEN.

651 658 896 734 Oriqiualdiplom
917 659 960 717 im
981 659 1009 717 lc.
1034 658 1240 718 Rcirluorctiv
1261 676 1297 717 za
1319 657 1462 719 11555155
1486 659 1555 726 (A).

648 799 740 858 Hand
755 799 879 873 Metrop.
898 798 1004 859 Solisb.
1021 800 1172 858 25415551
1187 818 1240 858 uus
1255 801 1283 857 A
1300 821 1342 846 =
1359 800 1590 860 Haud-Gurold
1605 801 1729 875 Metrop.
1747 799 1852 860 Solisb.
1870 800 1913 859 ed.
1931 799 2011 860 Meo.
2030 802 2062 870 2,
2078 800 2144 858 590
2161 819 2204 844 =

647 905 746 980 Lttuip
767 905 835 965 ΒΑ.
861 898 924 975 18⁶,
945 906 1003 964 174
1025 908 1058 964 u⁰
1076 907 1105 975 3,
1135 927 1177 952 =
1201 905 1435 965 555-(1515515
1457 908 1499 966 ed.
1524 907 1594 967 Rut.
1619 910 1651 978 2,
1669 909 1740 977 406,
1768 928 1809 954 =
1833 907 1954 966 Leibuiz
1976 907 2051 965 Aua.
2077 907 2107 977 3,
2128 907 2202 964 821.

648 1042 693 1050 -
715 1011 854 1071 Potitius
875 1012 1068 1071 Allerauaeste
1090 1011 1251 1071 Nucisicbt
1279 1031 1334 1071 von
1363 1014 1417 1072 den
1440 1014 1665 1085 Reichsstistera
1694 1014 1725 1072 ia
1749 1013 1932 1088 1155555515
1955 1014 2060 1083 1,163
2083 1030 2141 1071 558
2164 1012 2202 1071 A.

647 1148 691 1156 -
715 1118 850 1193 Zirupibl
871 1118 903 1176 io
926 1118 1007 1177 Hist.
1032 1119 1175 1178 Abhundl.
1200 1119 1251 1177 der
1273 1120 1355 1193 boyr.
1380 1119 1537 1178 Alcedonia
1560 1121 1587 1189 1,
1604 1121 1665 1180 370
1686 1138 1740 1178 aas
1762 1121 1798 1178 A.
1823 1149 1867 1158 -
1890 1119 1967 1179 Rieu
1992 1118 2054 1178 CD.
2080 1118 2202 1178 Batou
2225 1139 2239 1180 s

648 1225 752 1295 1,118
774 1227 807 1282 5ο
824 1226 883 1283 127
905 1243 958 1283 558
980 1226 1008 1282 A
1031 1246 1073 1272 =
1097 1224 1197 1299 Mipae
1219 1224 1333 1284 Putrol.
1359 1227 1427 1295 140,
1447 1228 1510 1285 212
1533 1229 1565 1284 u⁰
1581 1228 1609 1285 6.
1634 1256 1678 1264 —
1701 1226 1780 1285 Mon.
1806 1225 1900 1285 Boico
1920 1226 1989 1296 28⁶,
2008 1226 2069 1284 299
2091 1228 2127 1283 5ο
2143 1225 2205 1283 195

646 1349 700 1390 555
722 1331 758 1389 A.
783 1361 828 1369 -
851 1331 978 1389 Bdlmer
1000 1329 1071 1405 1159,
1096 1332 1163 1390 917.
1188 1362 1233 1369 -
1256 1331 1381 1406 Stamps
1398 1332 1470 1407 Ray.
1493 1334 1577 1391 1335.

652 1473 784 1544 Versasst
805 1473 865 1531 aad
885 1473 1062 1547 5585555551
1084 1491 1139 1531 ooo
1162 1472 1227 1532 EA.
1275 1474 1473 1548 Bestimmunq
1495 1475 1547 1533 der
1572 1473 1745 1533 0155151555
1767 1474 1810 1533 bei
1833 1473 1968 1548 Zirnpibl
1990 1492 2017 1531 a.
2042 1492 2069 1532 o.
2094 1472 2131 1531 0.

648 1665 706 1736 (C.)
737 1656 754 1746 5
785 1657 825 1721 15
854 1660 985 1722 555155
1019 1670 1152 1723 sanctae
1183 1671 1216 1723 et
1247 1660 1436 1724 individuae
1469 1662 1633 1724 trinitatis.
1688 1658 1887 1724 Heinrichus
1920 1659 2033 1723 divina
2064 1658 2202 1723 favente

540 1765 714 1830 clementia
743 1787 813 1828 rex,
922 1764 1014 1828 Iusta
1043 1787 1156 1850 regum
1181 1776 1213 1829 et
1242 1766 1395 1851 religiosa
1422 1768 1577 1852 cogitatio
1607 1764 1705 1830 debet
1736 1765 1883 1852 ecclesiis
1914 1765 1968 1829 dei
1997 1763 2201 1851 ubicumque
2221 1787 2245 1826 u

539 1870 678 1935 facultas
708 1871 851 1957 suppetit
881 1870 1027 1956 aliquid⁸
1055 1871 1313 1954 accommodare,
1345 1884 1381 1936 ut
1410 1872 1487 1937 inde
1516 1872 1694 1958 proclivius
1724 1872 1884 1937 mercedis
1915 1883 2048 1960 aeterne
2072 1871 2202 1958 premia

540 1988 790 2064 consequantur.
836 1977 979 2041 Proinde
1011 1989 1124 2042 notum
1157 1981 1199 2042 sit
1229 1978 1378 2043 omnibus
1410 1978 1562 2043 fidelibus
1595 1981 1713 2043 nostris
1745 1977 1973 2065 praesentibus
2006 1978 2135 2042 scilicet
2169 1989 2202 2041 et

537 2084 664 2165 futuris,
689 2082 829 2169 qualiter
852 2083 1050 2147 venerabilis
1074 2082 1091 2172 5
1115 2083 1282 2149 55555885
1305 2087 1436 2149 555155
1462 2066 1536 2150 Oda
1558 2109 1618 2172 per
1641 2087 1860 2150 interventum
1885 2084 2023 2149 dilectae
2047 2085 2200 2170 coniugis

538 2200 668 2254 nostrae
685 2188 910 2275 Cungundacb
933 2190 1089 2255 videlicet
1111 2192 1244 2276 reginae
1269 2202 1412 2255 nostram
1436 2192 1517 2256 adiit
1539 2194 1743 2256 maiestatem
1767 2192 1959 2278 suppliciter
1981 2192 2140 2277 rogitans,
2166 2203 2202 2255 ut

538 2297 770 2361 monasterium
801 2297 1108 2379 sanctimonialium,
1140 2299 1194 2361 cui
1224 2300 1296 2384 ipsa
1319 2321 1406 2362 nunc
1430 2300 1584 2385 temporis
1607 2299 1693 2362 infra
1715 2298 2005 2384 Radesponensem
2030 2299 2200 2362 civitatem
2219 2318 2243 2359 5

538 2402 725 2488 praesidere
749 2402 889 2483 videtur,
922 2404 1010 2489 quod
1033 2403 1110 2494 dive
1138 2406 1313 2468 memoriae
1341 2406 1417 2468 avia
1445 2416 1557 2468 nostra
1580 2405 1711 2468 Ivditha
1742 2404 1817 2469 555
1847 2405 1882 2467 15
1909 2404 2031 2469 honore
2051 2402 2200 2468 'sanctae

539 2509 592 2573 dei
615 2510 783 2595 genitricis
806 2508 932 2572 Mariae
956 2532 976 2573 a
998 2510 1219 2575 fundamentis
1242 2512 1278 2574 in
1301 2510 1468 2575 abbatiam
1492 2513 1597 2576 erexit
1619 2522 1652 2575 et
1675 2511 1769 2574 donis
1792 2509 2001 2597 praediorum
2024 2512 2110 2574 inter
2135 2510 2200 2574 555

537 2639 597 2702 515
621 2615 692 2680 1555
717 2615 868 2695 ditavit0,
899 2617 934 2678 in
963 2627 1110 2683 nostrum
1139 2616 1406 2681 mundiburdium
1429 2628 1462 2681 et
1487 2619 1577 2702 regie
1601 2618 1813 2681 immunitatis
1836 2618 2007 2681 tuitionem
2034 2618 2199 2703 recipere·

538 2745 609 2786 558
633 2745 706 2787 555
732 2720 882 2785 5551558
906 2723 1111 2807 5515555518
1135 2724 1214 2787 eius.
1254 2723 1322 2787 Nos
1342 2747 1419 2809 ergo
1444 2723 1485 2788 55
1505 2723 1652 2787 divinum
1676 2746 1820 2787 amorem
1843 2724 1897 2812 515
1921 2724 1991 2787 5158
2016 2735 2199 2787 annuentes

537 2829 685 2915 petitioni
709 2851 770 2914 per
789 2828 849 2892 hoc
874 2838 1004 2892 nostrae
1028 2830 1207 2893 maiestatis
1232 2831 1359 2916 insigne
1382 2830 1567 2916 praefatum
1590 2831 1822 2894 monasterium
1845 2842 1975 2894 nostrae
1999 2841 2198 2894 nostrorum·
2216 2850 2241 2889 85

538 2958 602 3022 555
625 2946 699 3020 post
721 2957 781 2998 nos
805 2956 1031 2998 successorum
1054 2936 1164 3021 regiae
1185 2947 1217 3000 et
1240 2937 1400 3023 imperiali
1425 2948 1583 3023 perpetuo
1604 2935 1786 3000 defensioni
1810 2936 1988 3000 subicimus
2008 2948 2041 3001 et
2062 2938 2200 3022 insuper

538 3042 661 3126 optima
684 3062 725 3103 55
747 3039 897 3103 libertate
914 3039 1083 3121 donamus,
1108 3064 1174 3127 qua
1190 3053 1300 3125 cetera
1322 3045 1520 3106 monasteria
1542 3042 1666 3127 regalia
1688 3040 1886 3130 ubicumque
1910 3055 2070 3106 terrarum
2094 3043 2199 3107 nostri

538 3147 632 3231 regni
654 3144 779 3231 perfmi
801 3144 1010 3227 videbuntur,
1035 3149 1188 3232 quatinus
1211 3148 1257 3212 ibi
1282 3148 1544 3213 sanctimoniales
1567 3150 1747 3237 monastice
1766 3152 1854 3213 vitae
1879 3148 1939 3213 sub
1958 3149 2073 3235 regula
2091 3149 2198 3213 85555

538 3251 711 3315 Benedicti
742 3253 927 3342 mancipate
958 3252 1092 3317 liberius
1117 3265 1149 3319 et
1172 3253 1322 3318 devotius
1351 3254 1440 3319 illam
1464 3279 1562 3342 quam
1592 3279 1747 3342 aggressa
1771 3266 1845 3320 sunt
1868 3257 1969 3319 vitam
1994 3255 2121 3341 absque
2150 3258 2197 3319 in-

539 3357 729 3444 quietudine
764 3358 922 3443 regalium
958 3370 1147 3424 exactorum
1180 3361 1234 3425 vel
1268 3360 1562 3426 subintroeuntium
1597 3385 1810 3448 personarum
1845 3362 1963 3426 dehinc
1999 3384 2197 3426 conservare
2215 3381 2239 3421 a

538 3463 679 3528 valeant.
726 3465 829 3550 Regio
852 3466 953 3550 igitur
975 3465 1076 3531 verbo
1101 3478 1133 3530 et
1157 3467 1353 3553 5155555159
1380 3468 1529 3532 1555558
1553 3479 1585 3532 et
1608 3469 1743 3532 firmiter
1764 3468 1999 3550 interdicimus,
2030 3480 2066 3532 ut
2089 3468 2197 3533 nullus

539 3570 608 3634 dux
630 3569 821 3659 55115515]Θ
843 3594 952 3635 55558
968 3574 1153 3637 vicecomes
1177 3576 1350 3660 episcopus
1374 3574 1427 3638 rel
1451 3574 1568 3661 aliquis
1592 3572 1653 3638 855
1670 3576 1824 3660 55185555
1844 3586 1901 3638 aut
1923 3574 2025 3639 iudex
2045 3574 2197 3661 publicus

538 3677 607 3740 sive
631 3679 739 3763 regius
764 3690 900 3741 exactor
922 3702 981 3743 855
999 3678 1145 3768 quelibet
1168 3680 1341 3744 iudiciaria
1357 3703 1497 3767 persona
1515 3682 1619 3745 maior
1642 3692 1698 3744 aut
1722 3679 1848 3745 minorf
1868 3682 2024 3767 deinceps
2048 3683 2083 3745 in
2103 3704 2196 3768 prae-

539 3782 626 3847 dicto
643 3785 838 3849 monasterio
854 3786 941 3849 intus
958 3785 1011 3849 rel
1030 3786 1108 3849 fon's
1133 3797 1165 3850 et
1188 3787 1222 3849 in
1246 3785 1326 3850 locis
1351 3798 1407 3850 aut
1429 3786 1614 3851 hominibus
1638 3787 1690 3850 vel
1714 3785 1864 3851 omnibus
1887 3786 1934 3851 ibi
1957 3787 2196 3872 pertinentibus

539 3888 681 3975 aliquam
710 3889 835 3977 publici
865 3894 945 3955 iuris
976 3902 1131 3956 exerceat
1159 3904 1353 3978 potestatem
1385 3904 1441 3956 aut
1465 3894 1640 3980 quicquam
1670 3893 1711 3957 de
1741 3892 1839 3957 rebus
1869 3894 2103 3958 monacharum
2135 3893 2196 3957 sibi
2213 3913 2237 3952 u

538 3997 601 4082 ipsi
624 3996 677 4060 vel
700 3995 796 4061 nobis
821 4008 877 4061 aut
901 3997 1145 4063 successoribus
1168 3999 1287 4061 nostris
1311 4021 1468 4085 usurpare
1492 4014 1679 4085 praesumat
1702 4001 1771 4063 sine
1791 4000 1962 4079 advocato,
1988 4022 2086 4085 quem
2103 4022 2195 4087 prae·

538 4125 612 4167 8558
637 4101 804 4167 abbatissa
828 4114 861 4167 et
884 4127 949 4191 quq
974 4106 1004 4168 51
1028 4103 1208 4167 succedant
1231 4106 1263 4168 in
1287 4104 1373 4169 hunc
1397 4129 1491 4168 usum
1516 4105 1672 4191 elegerint
1696 4120 1728 4169 et
1753 4108 1988 4187 constituerint,
2017 4107 2074 4192 qui
2098 4109 2196 4171 etiam

537 4210 571 4272 15
594 4210 666 4295 1585
683 4210 881 4273 monasterio
905 4220 938 4272 et
960 4208 1090 4274 1515518
1107 4211 1177 4274 eius
1201 4210 1290 4275 aliud
1309 4210 1371 4274 sibi
1394 4233 1460 4274 non
1483 4213 1629 4297 imponat
1646 4213 1818 4297 potestatis
1842 4212 1985 4276 officium
2009 4224 2066 4276 aut
2085 4215 2197 4299 exigat

538 4316 723 4395 servicium,
754 4315 818 4377 5181
843 4315 931 4400 5555
955 4314 1122 4379 abbatissa
1146 4339 1220 4380 cum
1251 4319 1353 4380 sacris
1384 4315 1548 4381 sororibus
1579 4318 1625 4381 illi
1652 4320 1909 4404 praescripserit.
1957 4318 2195 4383 Confirmumus

538 4421 637 4484 ctiam
661 4420 768 4483 eidem
791 4422 999 4501 monasterio,
1030 4421 1187 4507 quicquid
1209 4420 1257 4485 ibi
1283 4446 1438 4509 555555
1467 4446 1527 4509 551
1549 4447 1644 4509 reges
1669 4436 1701 4487 et
1724 4425 1936 4509 imperatores
1968 4426 2236 4511 praeceptorias

537 4527 609 4611 lege
641 4527 711 4589 sive
741 4547 802 4611 per
826 4524 926 4588 duces
950 4525 1004 4589 vel
1027 4525 1107 4589 alios
1132 4525 1252 4591 Christi
1276 4528 1389 4593 fideles
1418 4530 1453 4593 in
1477 4552 1681 4617 quocumque
1712 4553 1797 4615 pago
1822 4531 1875 4593 vel
1899 4532 2055 4595 comitatu
2085 4531 2195 4619 aliqua

537 4630 693 4695 traditum
716 4630 770 4693 vel
794 4653 986 4694 concessum
1015 4642 1064 4695 est
1094 4631 1267 4715 oblatione,
1301 4658 1375 4698 cum
1406 4635 1551 4699 curtibus
1585 4648 1617 4700 et
1649 4634 1818 4699 curtilibus
1852 4635 1990 4724 edificiis
2023 4639 2195 4725 mancipiis

539 4747 662 4802 censu&
688 4738 775 4800 intra
799 4748 831 4800 et
855 4748 949 4801 extra
973 4738 1139 4802 civitatem
1163 4741 1258 4825 aquis
1282 4763 1504 4828 aquarumque
1525 4740 1717 4805 decursibus
1740 4742 1977 4827 piscationibus
2000 4743 2195 4808 molendinis

538 4842 711 4929 aquimolis
734 4843 769 4905 in
793 4854 931 4929 utraque
948 4856 1043 4929 parte
1059 4844 1202 4909 fluminis
1218 4846 1364 4911 Danubii
1388 4846 1502 4911 urbem
1525 4849 1776 4933 praecurrentis,
1801 4850 1924 4933 pariter
1947 4872 2022 4912 cum
2045 4850 2196 4914 omnibus

538 4947 731 5012 utensilibus
757 4960 789 5012 et
812 4948 1180 5036 555555155815551551
1203 4952 1249 5017 151
1273 4954 1512 5038 5515555555,
1537 4974 1674 5038 555155
1690 4952 1750 5041 555
1767 4976 1826 5039 515
1842 4966 1935 5039 parte
1956 4966 2031 5019 sunt
2048 4958 2194 5021 nomina:
2212 4974 2237 5013 a

539 5054 756 5140 Schirelinga,
772 5055 959 5137 Lirundorf,
976 5056 1183 5143 Boggingun,
1199 5058 1398 5139 Biberbuhc,
1419 5058 1588 5140 Linthard,
1611 5057 1923 5123 Heroldcslinhardll
1947 5083 2021 5125 cum
2046 5062 2196 5126 omnibus

538 5160 743 5247 appendiciis
773 5161 911 5245 illorum,
943 5163 1168 5228 Hardkiricha
1192 5188 1267 5228 cum
1290 5164 1425 5228 decimis
1455 5166 1522 5227 suis
1551 5164 1778 5251 undecumque
1802 5165 1954 5230 villarum
1978 5167 2195 5247 conferendis,

539 5268 628 5334 Sallu
652 5290 726 5333 cum
750 5268 870 5333 foresto
894 5292 981 5356 aqua
1003 5269 1198 5335 molendinis
1222 5269 1275 5334 vel
1300 5271 1416 5332 ceteris
1443 5271 1659 5355 pertinentiis,
1691 5271 1725 5333 in
1750 5270 1932 5357 Sinzingun
1955 5295 2086 5337 omnem
2109 5274 2197 5339 illam

538 5398 601 5464 555
631 5373 678 5438 151
710 5376 912 5462 praescripto
937 5379 1133 5441 monasterio
1157 5378 1299 5463 pertinet
1325 5375 1506 5455 utilitatem,
1538 5374 1750 5461 Deggindorf
1769 5400 1843 5440 curn
1866 5376 2004 5443 decimis
2028 5390 2061 5443 et
2084 5379 2197 5445 usibus

626 5605 672 5660 29.
697 5605 844 5675 [Bresslau]
901 5610 927 5673 a)
947 5606 1043 5659 dabor
1055 5608 1103 5659 der
1115 5606 1186 5658 Zeila
1200 5605 1396 5669 noctuarum
1474 5603 1503 5663 5)
1520 5605 1545 5654 A
1624 5606 1651 5663 5)
1669 5604 1710 5655 nit
1727 5621 1797 5660 corr.
1817 5623 1868 5657 uus
1886 5610 1918 5657 ut
1996 5607 2025 5674 d)
2044 5616 2147 5677 pcepta
2166 5612 2197 5675 A,
2213 5619 2236 5659 tt

697 5678 764 5730 ohne
781 5679 1068 5743 Abtrtrzuupszoichen
1154 5682 1179 5735 5)
1196 5677 1268 5727 Loca
1288 5679 1324 5725 im
1343 5676 1516 5739 Pergamena·
1534 5675 1583 5724 der
1601 5683 1692 5727 551515
1714 5675 1774 5726 Ta'l
1788 5679 1834 5729 duo
1852 5695 1866 5728 r
1883 5679 1942 5729 und
1959 5679 2008 5731 der
2025 5679 2101 5734 obora
2119 5680 2198 5734 dash

695 5749 843 5873 {twngoeqoqp
856 5749 981 5871 5515451551
1071 5747 1093 5817 1)
1113 5765 1150 5799 aa
1168 5747 1197 5799 15
1216 5762 1286 5799 corr.
1377 5748 1406 5813 g)
1431 5761 1530 5797 81551.
1550 5761 1601 5795 558
1619 5748 1676 5798 dem
1696 5753 1780 5799 518155
1799 5748 1890 5800 Strich
1907 5752 1980 5802 51558
1998 5766 2017 5801 5
2106 5750 2139 5821 5)
2156 5769 2198 5805 um
