4836 6504
539 454 605 517 236
1138 452 1600 514 KAISERURKUNDEN.

646 787 663 877 ᾗ
687 787 876 853 Guntherus
900 786 1114 851 cancellarius
1137 787 1211 850 vioe
1236 785 1400 872 Uuilligisi
1424 784 1680 871 archicapellani
1703 786 1891 870 recognovi.
1915 782 1933 872 ξ
2030 792 2087 863 (81.
2105 793 2147 864 2.)

647 930 735 994 Data
758 944 894 994 11.non.
919 928 992 993 iul.r
1015 928 1192 992 indictione
1208 942 1276 1009 vn,
1309 950 1394 992 anno
1418 927 1580 992 dominice
1603 928 1838 992 incarnationis
1861 942 1973 1009 ΜΠΙΙ,
2004 949 2089 992 anno
2113 949 2196 992 vero

540 1037 651 1102 domni
674 1036 824 1101 Heinrici
847 1034 984 1100 secundi
1007 1036 1175 1120 regnantis
1190 1049 1258 1117 VII3
1289 1046 1398 1098 actum
1420 1033 1679 1117 Frankonofurt3
1711 1033 1850 1099 feliciter
1872 1057 1978 1099 amen.

1326 1387 1418 1474 202.
2220 1429 2235 1469 r

546 1559 721 1633 Heinrich
743 1557 890 1633 sebeukt
910 1557 990 1632 dem
1011 1584 1084 1633 voa
1103 1557 1177 1632 itm
1196 1557 1444 1659 qepriindeten
1462 1558 1626 1633 Biatltum
1644 1558 1828 1659 Bemberp
1846 1557 1917 1633 den
1938 1557 2006 1635 Ort
2021 1558 2195 1634 Boldera·

542 1679 646 1753 licina
1682 1704 1851 1775 Frardfurt
1873 1705 2098 1766 —1009Julr‘
2117 1708 2146 1765 6.

654 1893 897 1969 Oricineldiplorn
919 1893 959 1951 im
981 1893 1010 1952 lc.
1027 1892 1234 1951 Reichsarcbio
1255 1911 1291 1950 za
1313 1891 1456 1951 Miiucien
1479 1892 1551 1959 (A).

651 2044 731 2104 Mon.
748 2044 842 2103 Boios
863 2046 931 2115 28⁰,
953 2045 1014 2105 403
1041 2046 1074 2102 a⁰
1088 2044 1150 2102 254
1172 2060 1225 2103 uris
1247 2044 1284 2102 A.
1308 2072 1353 2081 -
1374 2043 1503 2102 Bb'bmer
1524 2042 1596 2118 Req.
1614 2043 1703 2103 1042.
1727 2071 1771 2080 -
1795 2041 1919 2117 Stnmps
1936 2042 2007 2118 Κεφ.
2025 2044 2114 2112 1503,
2136 2045 2195 2103 ulle

650 2170 685 2210 zu
708 2152 797 2212 1008.
2216 2171 2243 2209 ro

649 2303 720 2373 Ans
745 2302 835 2361 daem
864 2301 896 2359 ia
924 2300 1047 2376 otacher
1072 2300 1163 2359 Weiss
1193 2300 1246 2359 wic
1274 2300 1318 2359 bei
1340 2299 1380 2360 D.
1397 2303 1461 2361 200
1487 2320 1542 2360 son
1565 2299 1627 2360 ΕΙ)
1652 2300 1872 2376 impunitates
1894 2302 2048 2376 Rutaque,
2079 2303 2196 2362 welches

653 2408 805 2468 Obramoa
826 2407 886 2467 aad
908 2406 1097 2482 squirense
1119 2408 1173 2466 mit
1194 2406 1395 2483 Moaoqromm
1424 2408 1550 2478 cotbielt,
1577 2408 1762 2467 ermittelbor
1785 2409 1856 2467 rusb
1878 2407 1918 2467 D.
1935 2410 1995 2468 201
2017 2409 2194 2483 pertisum

652 2536 706 2576 von
728 2516 787 2574 Bo.
804 2514 831 2574 I.

653 2708 710 2782 (C.)
734 2700 751 2790 ξ
772 2700 814 2765 In
836 2701 966 2765 nomine
990 2710 1123 2765 sanctae
1147 2712 1180 2765 et
1201 2699 1391 2765 individuae
1415 2700 1577 2764 trinitatis.
1624 2701 1800 2765 Heinricus
1830 2700 1942 2764 divina
1970 2702 2101 2766 favente
2129 2702 2193 2768 cle-

545 2811 667 2874 mentia
689 2831 759 2873 rex.
864 2819 1086 2873 saluberrimus·
1105 2822 1190 2888 igitur
1208 2822 1281 2871 sacri
1298 2821 1403 2887 eloquii
1415 2822 1636 2872 institutionibus
1650 2822 1789 2872 erudimur
1802 2830 1830 2872 et
1842 2823 2027 2883 admonemur,
2047 2830 2078 2873 ut
2089 2832 2193 2890 tempo·
2215 2837 2241 2878 ts

545 2928 615 2981 ralia
640 2928 826 2994 relinquentes
853 2930 925 2979 bona
951 2934 979 2978 et
1004 2934 1114 2979 terrena
1140 2933 1337 2994 postponentes
1363 2928 1508 2979 commoda
1533 2934 1646 2979 aeterna
1663 2921 1677 2994 ξ
1696 2935 1723 2979 et
1748 2930 1807 2979 sine
1832 2928 1886 2980 tine
1911 2945 2039 2980 mansura
2061 2931 2090 2980 in
2109 2930 2194 2983 caelis

544 3037 703 3088 studeamus
722 3036 839 3102 adipisci
859 3036 1031 3086 consistoria
1069 3036 1243 3101 Quapropter
1265 3050 1315 3085 nos
1334 3035 1479 3086 dominicis
1498 3051 1554 3085 non
1572 3037 1685 3086 surdum
1703 3035 1828 3086 auditum
1847 3037 1992 3105 prebentes
2010 3040 2147 3107 preceptis
2167 3046 2194 3088 ct

545 3143 650 3194 deificis
669 3142 882 3207 obtemperando
902 3140 1075 3191 intendentes
1094 3141 1268 3191 suasionibus
1287 3142 1424 3206 quendam
1449 3149 1559 3193 nostrae
1585 3150 1717 3208 pateruae
1743 3142 1903 3194 hereditatis
1922 3142 2013 3193 locum
2034 3145 2194 3196 Babenberc

546 3250 649 3300 dictum
668 3250 696 3298 in
714 3249 807 3299 sedem
826 3254 854 3298 et
873 3247 981 3299 culmen
1000 3248 1177 3313 episcopatus
1195 3246 1369 3299 sublimando
1389 3250 1565 3314 proveximus
1579 3256 1606 3299 et
1618 3249 1743 3299 Romana
1755 3251 1920 3301 auctoritate
1933 3256 2016 3315 atquc
2029 3251 2194 3303 venerabilis

546 3357 671 3411 Heinrici
685 3356 926 3422 Vuirciburgensis
946 3356 1069 3421 episcopi
1096 3370 1233 3405 consensu
1258 3370 1291 3405 ac
1317 3356 1376 3421 pari
1402 3356 1593 3420 communique
1619 3357 1740 3406 omnium
1766 3358 1853 3407 nostri
1878 3354 1999 3407 fidelium
2024 3363 2080 3409 tarn
2107 3360 2193 3411 archi-
2213 3369 2242 3409 ³0

546 3465 738 3529 episcoporum
758 3478 839 3527 quam
859 3463 1048 3529 episcoporum
1068 3463 1253 3527 abbatumque
1271 3478 1323 3513 uec
1343 3477 1398 3511 non
1417 3462 1518 3512 ducum
1531 3468 1558 3512 et
1571 3463 1702 3512 comitum
1715 3462 1843 3514 consultu
1857 3463 2024 3528 decretoque
2042 3466 2070 3515 in
2088 3466 2194 3516 honore

545 3577 658 3621 sanctae
683 3572 726 3620 dei
752 3571 894 3635 genitricis
920 3571 1024 3620 Mariae
1051 3576 1264 3634 sanctorumque
1290 3567 1479 3635 apostolorum
1503 3570 1578 3619 Petri
1605 3577 1633 3619 et
1658 3568 1740 3620 Pauli
1765 3586 1816 3621 uec
1842 3586 1898 3620 uon
1922 3573 2063 3622 martirum
2082 3570 2194 3638 Kyliani

546 3683 630 3742 atque
649 3677 744 3728 Georii
763 3675 947 3728 stabilivimus
967 3683 995 3730 et
1014 3679 1261 3736 corroboravimus,
1287 3681 1317 3726 ut
1342 3682 1369 3726 et
1394 3676 1462 3726 inibi
1488 3682 1613 3727 nostrum
1638 3683 1837 3742 parentumque
1863 3684 2018 3729 nostrorum
2038 3686 2065 3729 ct
2084 3679 2194 3730 Ottonis

546 3785 621 3834 tertii
645 3782 775 3834 videlicet
799 3785 974 3851 imperatoris
999 3784 1181 3834 antecessoris
1207 3800 1240 3834 ac
1265 3784 1381 3834 senioris
1406 3784 1492 3834 nostri
1518 3776 1628 3834 celebre
1653 3783 1800 3834 haberetur
1824 3784 1982 3835 memoriale
2006 3792 2034 3835 et
2052 3787 2124 3851 iugis
2143 3802 2194 3852 pro

547 3891 672 3941 omuibus
690 3890 832 3941 ortodoxis
851 3891 941 3941 hostia
959 3898 1126 3942 mactaretur
1144 3890 1281 3941 salutaris.
1318 3889 1438 3940 Proinde
1463 3885 1591 3940 noveritb
1611 3891 1731 3941 omniurn
1757 3892 1842 3941 nostri
1868 3890 1989 3941 fidelium
2008 3897 2063 3942 tarn
2082 3909 2193 3961 presens
2215 3906 2244 3946 ss

547 4003 605 4048 etas
625 4013 707 4063 quam
726 4005 754 4048 et
772 4013 937 4048 successura
961 3999 1118 4065 posteritas,
1144 3999 1210 4063 quia
1235 4014 1285 4047 uos
1311 4002 1422 4047 nostrae
1449 3998 1585 4062 quendam
1611 3998 1787 4062 proprietatis
1814 3997 1904 4048 locum
1922 3983 2193 4049 Paldolfeshelw

547 4105 649 4155 dictum
674 4105 702 4153 iu
728 4099 822 4170 pagod
951 4110 979 4154 et
1003 4106 1031 4154 iu
1057 4099 1211 4155 comitatud
1337 4104 1446 4153 comitis
1470 4105 1553 4157 situm
1579 4103 1613 4153 ad
1639 4103 1752 4155 eandem
1778 4121 1860 4171 supra
1884 4105 1986 4155 dictam
2011 4104 2195 4172 episcopalem

546 4212 638 4261 sedem
665 4211 824 4261 Babeuberc
851 4212 952 4262 dictam
979 4228 1035 4261 una
1060 4227 1122 4261 curn
1148 4212 1274 4262 omnibus
1300 4212 1359 4260 eius
1385 4211 1557 4275 pertinentiis
1585 4212 1643 4261 sive
1669 4211 1843 4277 adhernntiin,
1871 4211 2003 4263 videlicet
2027 4213 2096 4262 vicis
2121 4211 2195 4262 villis

546 4317 689 4368 aecclesiis
708 4319 794 4367 servis
814 4324 841 4368 et
860 4317 967 4367 ancillis
986 4319 1057 4368 areis
1077 4318 1209 4368 aedificiis
1228 4318 1307 4367 terris
1327 4314 1408 4366 cultis
1429 4323 1457 4366 et
1475 4316 1587 4367 incultis
1606 4318 1658 4368 viis
1678 4318 1758 4368 inviis
1778 4319 1897 4368 exitibus
1923 4326 1951 4369 et
1976 4319 2110 4369 reditibus
2129 4334 2194 4387 qne·

546 4426 607 4475 sitis
625 4423 670 4474 vel
696 4425 866 4489 inquirendis
892 4424 969 4474 silvis
992 4425 1096 4489 saginis
1116 4425 1308 4476 venationibus
1327 4424 1406 4488 aquis
1424 4424 1624 4489 piscationibus
1643 4422 1723 4474 molis
1748 4423 1912 4476 molendinis
1938 4427 2019 4476 rebus
2046 4425 2195 4478 mobilibus
2215 4440 2246 4480 so

547 4538 575 4581 et
593 4529 771 4582 inmobilibus
790 4547 823 4581 sc
842 4532 940 4581 ceteris
960 4531 1086 4581 omnibus
1104 4546 1174 4595 quae
1193 4532 1245 4581 rite
1263 4531 1347 4580 scribi
1365 4537 1413 4580 aut
1431 4529 1566 4596 appellari
1585 4537 1702 4596 possunt
1720 4530 1901 4596 quoquolibet
1919 4533 2000 4585 modo
2020 4533 2194 4593 utilitatibus,

546 4640 598 4689 hac
624 4643 734 4688 nostrae
759 4638 932 4688 auctoritatis
958 4635 1126 4703 praeceptali
1150 4639 1265 4704 pagina,
1293 4643 1375 4703 prout
1401 4637 1505 4687 firmius
1532 4653 1691 4703 possumus,
1719 4638 1851 4688 donamus
1877 4646 1960 4705 atque
1986 4642 2194 4707 proprietamus,

546 4745 667 4797 omnium
686 4744 905 4794 contradictione
924 4754 1037 4804 remota,
1055 4746 1239 4813 precipientes
1257 4746 1350 4809 igitur,
1369 4749 1400 4793 ut
1418 4745 1498 4795 nobis
1517 4745 1546 4793 in
1562 4745 1614 4794 deo
1632 4744 1749 4795 dilectus
1765 4761 1829 4810 sepe
1847 4745 1919 4817 dicte
1936 4747 2009 4797 sedis
2021 4747 2196 4799 Eberhardus

547 4853 693 4918 episcopus
712 4852 810 4915 suique
829 4866 1006 4901 successores
1026 4848 1138 4901 liberam
1158 4851 1255 4901 dehinc
1272 4851 1391 4901 babeant
1409 4857 1573 4917 potestatem
1591 4852 1706 4902 eundem
1719 4854 1899 4921 prescriptum
1912 4852 2004 4904 locum
2016 4839 2195 4905 paldolfes·

546 4945 653 5008 helm⁰
673 4958 777 5008 dictum
796 4974 858 5008 cum
878 4959 1004 5010 omuibus
1024 4958 1195 5023 appendiciis
1218 4958 1276 5007 suis
1300 4958 1411 5008 tenendi
1431 4957 1590 5023 possidendi
1609 4974 1658 5008 seu
1678 4960 1809 5024 quicquid
1828 4961 1881 5010 sibi
1900 4959 1985 5012 libeat
2003 4961 2092 5012 modis
2111 4962 2196 5012 omni·
2216 4975 2246 5015 ιθ

546 5068 598 5116 bus
616 5067 644 5114 in
662 5082 741 5116 usum
755 5067 931 5132 episcopatus
943 5065 1007 5115 inde
1019 5065 1148 5115 faciendi.
1180 5065 1209 5115 Si
1222 5065 1284 5129 quis
1297 5066 1389 5129 igitur,
1410 5066 1484 5128 quod
1499 5065 1580 5126 absit,
1598 5066 1680 5115 buius
1693 5074 1802 5118 nostrae
1816 5068 1971 5118 donationis
1985 5069 2196 5120 munificentiam

546 5173 685 5223 destruere
704 5174 763 5223 sive
783 5172 887 5223 violare
906 5178 1054 5241 presumat,
1079 5173 1108 5220 iu
1134 5172 1178 5222 die
1203 5172 1299 5221 iudicii
1326 5186 1417 5221 coram
1444 5169 1533 5220 oculis
1559 5172 1603 5221 dei
1630 5180 1766 5223 tormento
1792 5173 1996 5239 inextinguibili
2021 5175 2196 5227 aeternaliter

547 5278 613 5329 luat.
646 5280 780 5341 Quodne
800 5280 919 5339 eveniat,
938 5279 986 5329 sed
1006 5279 1073 5328 haec
1093 5278 1204 5328 traditio
1223 5284 1318 5327 nostra
1337 5278 1371 5328 ab
1391 5279 1517 5328 omnibus
1537 5277 1735 5344 perpetualiter
1753 5279 1920 5331 inviolabilis
1940 5276 2107 5347 permaneat,
2125 5283 2196 5334 hauc

546 5392 649 5436 cartam
667 5386 732 5436 indo
752 5387 935 5451 conscriptam
955 5401 1038 5435 uranu
1056 5387 1167 5451 propria
1185 5386 1346 5435 roborantes
1365 5383 1447 5449 sigilli
1468 5387 1554 5435 nostri
1573 5387 1746 5451 inpressione
1765 5388 1890 5453 insigniri
1909 5390 2047 5439 iussimus.

616 5576 680 5632 eol.
705 5576 731 5643 f)
751 5576 853 5628 obcobl
870 5576 945 5628 leina
962 5581 1087 5627 doemon
1103 5575 1322 5642 Aabultspunlcte
1339 5575 1427 5639 dofris·
1443 5575 1596 5628 erkmabor
1610 5577 1682 5640 aad,
1701 5578 1736 5629 ist
1754 5577 1823 5629 auch
1842 5578 1901 5631 bier
1919 5586 1948 5631 11.
1964 5595 2028 5635 non.
2045 5579 2091 5635 iut
2104 5582 2197 5646 jeda-
2215 5598 2246 5638 so

705 5647 771 5712 folle
788 5648 993 5713 sochomanus,
1012 5647 1062 5712 eol.
1081 5648 1115 5701 N.
1129 5647 1231 5699 Archiv
1249 5649 1358 5710 22,167
1376 5647 1412 5700 N.
1426 5649 1450 5701 2.

616 5735 680 5792 202.
706 5734 851 5805 [Bresslau]
887 5740 914 5801 a)
932 5738 958 5788 A
1030 5735 1058 5802 b)
1078 5740 1090 5787 t
1108 5750 1176 5788 corr.
1195 5751 1277 5786 onas
1350 5736 1375 5801 c)
1403 5737 1431 5786 in
1455 5736 1544 5799 dofrir
1566 5736 1698 5802 pelo-sacae
1716 5736 1805 5791 delce
1830 5753 1880 5791 con
1898 5738 1982 5792 aar
2002 5739 2197 5807 medecinam

706 5806 734 5874 d)
753 5808 953 5872 unamqefatle
971 5806 1077 5857 Latrim
1095 5808 1148 5863 fuir
1164 5807 1215 5857 dest
1235 5806 1309 5857 Gaa·
1328 5808 1384 5857 aad
1403 5807 1607 5870 Grofeanomea
