<?xml version="1.0" encoding="UTF-8"?>
<!DOCTYPE html PUBLIC "-//W3C//DTD XHTML 1.0 Transitional//EN"
    "http://www.w3.org/TR/xhtml1/DTD/xhtml1-transitional.dtd">
<html xmlns="http://www.w3.org/1999/xhtml" xml:lang="en" lang="en">
 <head>
  <title>
</title>
<meta http-equiv="Content-Type" content="text/html;charset=utf-8" />
  <meta name='ocr-system' content='tesseract 3.04.00' />
  <meta name='ocr-capabilities' content='ocr_page ocr_carea ocr_par ocr_line ocrx_word'/>
</head>
<body>
  <div class='ocr_page' id='page_1' title='image "./monumentagerman01gescgoog/monumentagerman01gescgoog_0671.png"; bbox 0 0 4836 6492; ppageno 0'>
   <div class='ocr_carea' id='block_1_1' title="bbox 1118 442 1583 499">
    <p class='ocr_par' dir='ltr' id='par_1_1' title="bbox 1118 442 1583 499">
     <span class='ocr_line' id='line_1_1' title="bbox 1118 442 1583 499; baseline -0.002 -1"><span class='ocrx_word' id='word_1_1' title='bbox 1118 442 1583 499; x_wconf 78' lang='lat' dir='ltr'>KAISERURKUNDEN.</span> 
     </span>
    </p>
   </div>
   <div class='ocr_carea' id='block_1_2' title="bbox 1299 628 1395 715">
    <p class='ocr_par' dir='ltr' id='par_1_2' title="bbox 1299 628 1395 715">
     <span class='ocr_line' id='line_1_2' title="bbox 1299 628 1395 715; baseline -0.01 0"><span class='ocrx_word' id='word_1_2' title='bbox 1299 628 1395 715; x_wconf 78' lang='grc'><strong>499.</strong></span> 
     </span>
    </p>
   </div>
   <div class='ocr_carea' id='block_1_3' title="bbox 518 788 2180 1012">
    <p class='ocr_par' dir='ltr' id='par_1_3' title="bbox 518 788 2180 1012">
     <span class='ocr_line' id='line_1_3' title="bbox 518 788 2180 888; baseline -0.003 -22"><span class='ocrx_word' id='word_1_3' title='bbox 518 792 697 867; x_wconf 74' lang='lat' dir='ltr'><strong><em>Heinrich</em></strong></span> <span class='ocrx_word' id='word_1_4' title='bbox 714 791 862 866; x_wconf 78' lang='lat' dir='ltr'><strong>schenkt</strong></span> <span class='ocrx_word' id='word_1_5' title='bbox 878 791 957 865; x_wconf 85' lang='lat' dir='ltr'><strong>derra</strong></span> <span class='ocrx_word' id='word_1_6' title='bbox 976 790 1269 865; x_wconf 81' lang='lat' dir='ltr'><strong>Nonoenlrloster</strong></span> <span class='ocrx_word' id='word_1_7' title='bbox 1281 790 1427 865; x_wconf 82' lang='lat' dir='ltr'><strong>Erstein</strong></span> <span class='ocrx_word' id='word_1_8' title='bbox 1448 792 1506 865; x_wconf 83' lang='lat' dir='ltr'><strong>eia</strong></span> <span class='ocrx_word' id='word_1_9' title='bbox 1525 791 1641 865; x_wconf 83' lang='lat' dir='ltr'><strong>durch</strong></span> <span class='ocrx_word' id='word_1_10' title='bbox 1656 788 1936 888; x_wconf 79' lang='lat' dir='ltr'><strong>Richtersprnclr</strong></span> <span class='ocrx_word' id='word_1_11' title='bbox 1955 788 2180 863; x_wconf 75' lang='lat' dir='ltr'><strong>eruoorbenes</strong></span> 
     </span>
     <span class='ocr_line' id='line_1_4' title="bbox 522 909 2131 1012; baseline 0.003 -24"><span class='ocrx_word' id='word_1_12' title='bbox 522 911 598 989; x_wconf 78' lang='lat' dir='ltr'><strong>Get</strong></span> <span class='ocrx_word' id='word_1_13' title='bbox 621 937 666 985; x_wconf 79' lang='lat' dir='ltr'><strong>za</strong></span> <span class='ocrx_word' id='word_1_14' title='bbox 690 909 905 985; x_wconf 78' lang='lat' dir='ltr'><strong>Kuenteim.</strong></span> <span class='ocrx_word' id='word_1_15' title='bbox 1623 936 1795 1012; x_wconf 58' lang='lat' dir='ltr'><strong>seratura</strong></span> <span class='ocrx_word' id='word_1_16' title='bbox 1818 937 1898 997; x_wconf 85' lang='lat'><strong><em>1023</em></strong></span> <span class='ocrx_word' id='word_1_17' title='bbox 1920 935 2080 996; x_wconf 67' lang='lat' dir='ltr'><strong>Numae</strong></span> <span class='ocrx_word' id='word_1_18' title='bbox 2101 935 2131 994; x_wconf 75' lang='lat'><strong>4.</strong></span> 
     </span>
    </p>
   </div>
   <div class='ocr_carea' id='block_1_4' title="bbox 630 1115 1633 1192">
    <p class='ocr_par' dir='ltr' id='par_1_4' title="bbox 630 1115 1633 1192">
     <span class='ocr_line' id='line_1_5' title="bbox 630 1115 1633 1192; baseline -0.003 -14"><span class='ocrx_word' id='word_1_19' title='bbox 630 1116 875 1191; x_wconf 77' lang='lat' dir='ltr'><strong>Oripiaoldiplom</strong></span> <span class='ocrx_word' id='word_1_20' title='bbox 899 1119 940 1175; x_wconf 84' lang='lat' dir='ltr'><strong>im</strong></span> <span class='ocrx_word' id='word_1_21' title='bbox 962 1117 1037 1176; x_wconf 76' lang='lat' dir='ltr'><strong>kair.</strong></span> <span class='ocrx_word' id='word_1_22' title='bbox 1057 1117 1283 1176; x_wconf 78' lang='lat' dir='ltr'><strong>Bezirlcsarchiv</strong></span> <span class='ocrx_word' id='word_1_23' title='bbox 1305 1136 1341 1176; x_wconf 79' lang='lat' dir='ltr'><strong>zu</strong></span> <span class='ocrx_word' id='word_1_24' title='bbox 1364 1115 1536 1192; x_wconf 75' lang='lat' dir='ltr'><strong>Strasshurp</strong></span> <span class='ocrx_word' id='word_1_25' title='bbox 1560 1116 1633 1185; x_wconf 81' lang='lat' dir='ltr'><em>(A).</em></span> 
     </span>
    </p>
   </div>
   <div class='ocr_carea' id='block_1_5' title="bbox 626 1255 2211 1441">
    <p class='ocr_par' dir='ltr' id='par_1_5' title="bbox 626 1255 2211 1441">
     <span class='ocr_line' id='line_1_6' title="bbox 627 1255 2211 1334; baseline -0.002 -17"><span class='ocrx_word' id='word_1_26' title='bbox 627 1259 795 1319; x_wconf 74' lang='lat' dir='ltr'><strong>herentoire</strong></span> <span class='ocrx_word' id='word_1_27' title='bbox 822 1277 920 1319; x_wconf 73' lang='lat' dir='ltr'><strong>somne.</strong></span> <span class='ocrx_word' id='word_1_28' title='bbox 953 1260 1002 1318; x_wconf 82' lang='lat' dir='ltr'><strong>des</strong></span> <span class='ocrx_word' id='word_1_29' title='bbox 1030 1260 1109 1318; x_wconf 78' lang='lat' dir='ltr'><strong>orel.</strong></span> <span class='ocrx_word' id='word_1_30' title='bbox 1134 1260 1246 1334; x_wconf 73' lang='lat' dir='ltr'><strong>deport.</strong></span> <span class='ocrx_word' id='word_1_31' title='bbox 1271 1260 1310 1318; x_wconf 85' lang='lat' dir='ltr'><strong>dn</strong></span> <span class='ocrx_word' id='word_1_32' title='bbox 1338 1259 1550 1319; x_wconf 76' lang='lat' dir='ltr'><strong>Bas-Ruina</strong></span> <span class='ocrx_word' id='word_1_33' title='bbox 1581 1259 1687 1328; x_wconf 77' lang='lat' dir='ltr'><strong>(Paris</strong></span> <span class='ocrx_word' id='word_1_34' title='bbox 1700 1260 1806 1330; x_wconf 80' lang='lat'><em>1868),</em></span> <span class='ocrx_word' id='word_1_35' title='bbox 1830 1261 1890 1318; x_wconf 83' lang='lat'><strong>261</strong></span> <span class='ocrx_word' id='word_1_36' title='bbox 1914 1259 1962 1317; x_wconf 82' lang='lat' dir='ltr'><strong>cit.</strong></span> <span class='ocrx_word' id='word_1_37' title='bbox 1986 1286 2030 1296; x_wconf 92' lang='lat'><em>-</em></span> <span class='ocrx_word' id='word_1_38' title='bbox 2059 1255 2185 1331; x_wconf 71' lang='lat' dir='ltr'><strong>Sternuit*</strong></span> <span class='ocrx_word' id='word_1_39' title='bbox 2197 1275 2211 1315; x_wconf 77' lang='lat' dir='ltr'><strong>s</strong></span> 
     </span>
     <span class='ocr_line' id='line_1_7' title="bbox 626 1366 1578 1441; baseline 0.001 -15"><span class='ocrx_word' id='word_1_40' title='bbox 626 1367 701 1426; x_wconf 75' lang='lat' dir='ltr'><strong>Aeto</strong></span> <span class='ocrx_word' id='word_1_41' title='bbox 724 1367 798 1426; x_wconf 83' lang='lat' dir='ltr'><strong>iued.</strong></span> <span class='ocrx_word' id='word_1_42' title='bbox 824 1368 883 1425; x_wconf 70' lang='lat'><strong>384</strong></span> <span class='ocrx_word' id='word_1_43' title='bbox 907 1370 940 1424; x_wconf 85' lang='lat' dir='ltr'><strong>n⁰</strong></span> <span class='ocrx_word' id='word_1_44' title='bbox 954 1368 1016 1425; x_wconf 78' lang='lat'><strong>274</strong></span> <span class='ocrx_word' id='word_1_45' title='bbox 1039 1385 1092 1425; x_wconf 82' lang='lat' dir='ltr'><strong>ons</strong></span> <span class='ocrx_word' id='word_1_46' title='bbox 1114 1368 1151 1426; x_wconf 76' lang='lat' dir='ltr'><strong>A.</strong></span> <span class='ocrx_word' id='word_1_47' title='bbox 1177 1396 1220 1406; x_wconf 79' lang='lat'><em>-</em></span> <span class='ocrx_word' id='word_1_48' title='bbox 1245 1366 1578 1441; x_wconf 71' lang='lat' dir='ltr'><strong>StampsRep.1814⁰.</strong></span> 
     </span>
    </p>
   </div>
   <div class='ocr_carea' id='block_1_6' title="bbox 631 1508 1212 1584">
    <p class='ocr_par' dir='ltr' id='par_1_6' title="bbox 631 1508 1212 1584">
     <span class='ocr_line' id='line_1_8' title="bbox 631 1508 1212 1584; baseline 0.002 -17"><span class='ocrx_word' id='word_1_49' title='bbox 631 1509 764 1581; x_wconf 77' lang='lat' dir='ltr'><strong>Versosst</strong></span> <span class='ocrx_word' id='word_1_50' title='bbox 786 1509 846 1568; x_wconf 81' lang='lat' dir='ltr'><strong>aad</strong></span> <span class='ocrx_word' id='word_1_51' title='bbox 867 1509 1043 1584; x_wconf 66' lang='lat' dir='ltr'><strong>aeschriebor</strong></span> <span class='ocrx_word' id='word_1_52' title='bbox 1067 1527 1121 1568; x_wconf 83' lang='lat' dir='ltr'><strong>eon</strong></span> <span class='ocrx_word' id='word_1_53' title='bbox 1146 1508 1212 1569; x_wconf 71' lang='grc' dir='ltr'><strong>ΘΒ.</strong></span> 
     </span>
    </p>
   </div>
   <div class='ocr_carea' id='block_1_7' title="bbox 519 1683 2224 4305">
    <p class='ocr_par' dir='ltr' id='par_1_7' title="bbox 519 1683 2224 4019">
     <span class='ocr_line' id='line_1_9' title="bbox 628 1683 2178 1776; baseline -0.002 -25"><span class='ocrx_word' id='word_1_54' title='bbox 628 1695 686 1767; x_wconf 76' lang='lat' dir='ltr'><strong>(C.)</strong></span> <span class='ocrx_word' id='word_1_55' title='bbox 710 1685 728 1776; x_wconf 64' lang='grc' dir='ltr'><strong>ξ</strong></span> <span class='ocrx_word' id='word_1_56' title='bbox 751 1687 789 1750; x_wconf 91' lang='lat' dir='ltr'><strong>In</strong></span> <span class='ocrx_word' id='word_1_57' title='bbox 813 1688 943 1751; x_wconf 92' lang='lat' dir='ltr'><strong>nomine</strong></span> <span class='ocrx_word' id='word_1_58' title='bbox 968 1699 1100 1752; x_wconf 89' lang='lat' dir='ltr'><strong>sanctae</strong></span> <span class='ocrx_word' id='word_1_59' title='bbox 1124 1698 1157 1752; x_wconf 91' lang='lat' dir='ltr'><strong>et</strong></span> <span class='ocrx_word' id='word_1_60' title='bbox 1179 1686 1370 1751; x_wconf 78' lang='lat' dir='ltr'>individuae</span> <span class='ocrx_word' id='word_1_61' title='bbox 1394 1688 1557 1752; x_wconf 78' lang='lat' dir='ltr'><strong>trinitatis.</strong></span> <span class='ocrx_word' id='word_1_62' title='bbox 1604 1687 1780 1752; x_wconf 89' lang='lat' dir='ltr'><strong>Heinricus</strong></span> <span class='ocrx_word' id='word_1_63' title='bbox 1810 1686 1923 1750; x_wconf 90' lang='lat' dir='ltr'><strong>divina</strong></span> <span class='ocrx_word' id='word_1_64' title='bbox 1951 1685 2084 1750; x_wconf 88' lang='lat' dir='ltr'><strong>favente</strong></span> <span class='ocrx_word' id='word_1_65' title='bbox 2114 1683 2178 1748; x_wconf 90' lang='lat' dir='ltr'><strong>cle·</strong></span> 
     </span>
     <span class='ocr_line' id='line_1_10' title="bbox 519 1790 2179 1880; baseline -0.003 -21"><span class='ocrx_word' id='word_1_66' title='bbox 519 1795 643 1859; x_wconf 90' lang='lat' dir='ltr'><strong>mentia</strong></span> <span class='ocrx_word' id='word_1_67' title='bbox 666 1794 885 1859; x_wconf 90' lang='lat' dir='ltr'><strong>Romanorum</strong></span> <span class='ocrx_word' id='word_1_68' title='bbox 909 1795 1087 1880; x_wconf 89' lang='lat' dir='ltr'><strong>imperator</strong></span> <span class='ocrx_word' id='word_1_69' title='bbox 1109 1808 1276 1880; x_wconf 87' lang='lat' dir='ltr'><strong>augustus.</strong></span> <span class='ocrx_word' id='word_1_70' title='bbox 1394 1794 1430 1860; x_wconf 83' lang='lat' dir='ltr'><strong>si</strong></span> <span class='ocrx_word' id='word_1_71' title='bbox 1459 1793 1663 1859; x_wconf 78' lang='lat' dir='ltr'><strong>venerabilia</strong></span> <span class='ocrx_word' id='word_1_72' title='bbox 1689 1792 1923 1858; x_wconf 81' lang='lat' dir='ltr'><strong>aecclesiarum</strong></span> <span class='ocrx_word' id='word_1_73' title='bbox 1947 1792 2000 1857; x_wconf 89' lang='lat' dir='ltr'><strong>dei</strong></span> <span class='ocrx_word' id='word_1_74' title='bbox 2024 1790 2097 1855; x_wconf 91' lang='lat' dir='ltr'><strong>loca</strong></span> <span class='ocrx_word' id='word_1_75' title='bbox 2120 1791 2179 1854; x_wconf 90' lang='lat' dir='ltr'><strong>ali·</strong></span> 
     </span>
     <span class='ocr_line' id='line_1_11' title="bbox 521 1899 2222 1989; baseline -0.002 -23"><span class='ocrx_word' id='word_1_76' title='bbox 521 1902 614 1966; x_wconf 91' lang='lat' dir='ltr'><strong>cuius</strong></span> <span class='ocrx_word' id='word_1_77' title='bbox 638 1901 715 1965; x_wconf 92' lang='lat' dir='ltr'><strong>doni</strong></span> <span class='ocrx_word' id='word_1_78' title='bbox 739 1899 756 1989; x_wconf 59' lang='grc' dir='ltr'><strong>ᾖ</strong></span> <span class='ocrx_word' id='word_1_79' title='bbox 779 1900 949 1965; x_wconf 91' lang='lat' dir='ltr'><strong>commodo</strong></span> <span class='ocrx_word' id='word_1_80' title='bbox 973 1900 1078 1966; x_wconf 88' lang='lat' dir='ltr'><strong>ditare</strong></span> <span class='ocrx_word' id='word_1_81' title='bbox 1102 1924 1141 1965; x_wconf 88' lang='lat' dir='ltr'><strong>ac</strong></span> <span class='ocrx_word' id='word_1_82' title='bbox 1165 1900 1341 1966; x_wconf 88' lang='lat' dir='ltr'><strong>sublimare</strong></span> <span class='ocrx_word' id='word_1_83' title='bbox 1359 1901 1587 1984; x_wconf 84' lang='lat' dir='ltr'><strong>studuerimus,</strong></span> <span class='ocrx_word' id='word_1_84' title='bbox 1611 1900 1706 1965; x_wconf 90' lang='lat' dir='ltr'><strong>nobis</strong></span> <span class='ocrx_word' id='word_1_85' title='bbox 1728 1900 1763 1964; x_wconf 94' lang='lat' dir='ltr'><strong>id</strong></span> <span class='ocrx_word' id='word_1_86' title='bbox 1779 1901 1937 1986; x_wconf 85' lang='lat' dir='ltr'><strong>regnique</strong></span> <span class='ocrx_word' id='word_1_87' title='bbox 1953 1900 2055 1963; x_wconf 87' lang='lat' dir='ltr'><strong>nostri</strong></span> <span class='ocrx_word' id='word_1_88' title='bbox 2079 1899 2178 1963; x_wconf 89' lang='lat' dir='ltr'><strong>statui</strong></span> <span class='ocrx_word' id='word_1_89' title='bbox 2197 1924 2222 1963; x_wconf 82' lang='grc' dir='ltr'><strong>ιο</strong></span> 
     </span>
     <span class='ocr_line' id='line_1_12' title="bbox 520 2004 2178 2095; baseline -0.002 -23"><span class='ocrx_word' id='word_1_90' title='bbox 520 2007 727 2095; x_wconf 87' lang='lat' dir='ltr'><strong>profuturum</strong></span> <span class='ocrx_word' id='word_1_91' title='bbox 762 2029 834 2071; x_wconf 90' lang='lat' dir='ltr'><strong>esse</strong></span> <span class='ocrx_word' id='word_1_92' title='bbox 870 2008 1002 2072; x_wconf 88' lang='lat' dir='ltr'><strong>minime</strong></span> <span class='ocrx_word' id='word_1_93' title='bbox 1037 2007 1235 2072; x_wconf 79' lang='lat' dir='ltr'><strong>dubitemne.</strong></span> <span class='ocrx_word' id='word_1_94' title='bbox 1291 2008 1499 2095; x_wconf 81' lang='lat' dir='ltr'><strong>Quapropter</strong></span> <span class='ocrx_word' id='word_1_95' title='bbox 1532 2009 1661 2072; x_wconf 88' lang='lat' dir='ltr'><strong>noverit</strong></span> <span class='ocrx_word' id='word_1_96' title='bbox 1699 2008 1841 2072; x_wconf 88' lang='lat' dir='ltr'><strong>omnium</strong></span> <span class='ocrx_word' id='word_1_97' title='bbox 1877 2005 1998 2071; x_wconf 79' lang='lat' dir='ltr'><strong>Christi</strong></span> <span class='ocrx_word' id='word_1_98' title='bbox 2033 2004 2178 2069; x_wconf 88' lang='lat' dir='ltr'><strong>fidelium</strong></span> 
     </span>
     <span class='ocr_line' id='line_1_13' title="bbox 520 2114 2178 2201; baseline -0.001 -23"><span class='ocrx_word' id='word_1_99' title='bbox 520 2126 770 2201; x_wconf 91' lang='lat' dir='ltr'><strong>nostrorumque</strong></span> <span class='ocrx_word' id='word_1_100' title='bbox 794 2115 999 2197; x_wconf 85' lang='lat' dir='ltr'><strong>universitas,</strong></span> <span class='ocrx_word' id='word_1_101' title='bbox 1024 2114 1163 2201; x_wconf 84' lang='lat' dir='ltr'><strong>qualiter</strong></span> <span class='ocrx_word' id='word_1_102' title='bbox 1179 2138 1238 2178; x_wconf 89' lang='lat' dir='ltr'><strong>nos</strong></span> <span class='ocrx_word' id='word_1_103' title='bbox 1261 2137 1320 2200; x_wconf 90' lang='lat' dir='ltr'><strong>pro</strong></span> <span class='ocrx_word' id='word_1_104' title='bbox 1345 2114 1489 2180; x_wconf 90' lang='lat' dir='ltr'><strong>remedio</strong></span> <span class='ocrx_word' id='word_1_105' title='bbox 1510 2116 1639 2179; x_wconf 90' lang='lat' dir='ltr'><strong>animae</strong></span> <span class='ocrx_word' id='word_1_106' title='bbox 1654 2124 1785 2179; x_wconf 89' lang='lat' dir='ltr'><strong>nostrae</strong></span> <span class='ocrx_word' id='word_1_107' title='bbox 1801 2124 2039 2200; x_wconf 90' lang='lat' dir='ltr'><strong>parentumque</strong></span> <span class='ocrx_word' id='word_1_108' title='bbox 2054 2122 2178 2177; x_wconf 81' lang='lat' dir='ltr'><strong>nostro</strong></span> 
     </span>
     <span class='ocr_line' id='line_1_14' title="bbox 520 2218 2178 2307; baseline -0.002 -22"><span class='ocrx_word' id='word_1_109' title='bbox 520 2244 593 2285; x_wconf 89' lang='lat' dir='ltr'><strong>rum</strong></span> <span class='ocrx_word' id='word_1_110' title='bbox 615 2243 677 2286; x_wconf 91' lang='lat' dir='ltr'><strong>nec</strong></span> <span class='ocrx_word' id='word_1_111' title='bbox 700 2244 767 2285; x_wconf 92' lang='lat' dir='ltr'><strong>non</strong></span> <span class='ocrx_word' id='word_1_112' title='bbox 789 2243 849 2307; x_wconf 89' lang='lat' dir='ltr'><strong>per</strong></span> <span class='ocrx_word' id='word_1_113' title='bbox 871 2222 1088 2286; x_wconf 84' lang='lat' dir='ltr'><strong>interventum</strong></span> <span class='ocrx_word' id='word_1_114' title='bbox 1113 2243 1154 2285; x_wconf 91' lang='lat' dir='ltr'><strong>ac</strong></span> <span class='ocrx_word' id='word_1_115' title='bbox 1177 2222 1373 2307; x_wconf 84' lang='lat' dir='ltr'><strong>peticionem</strong></span> <span class='ocrx_word' id='word_1_116' title='bbox 1397 2220 1627 2286; x_wconf 86' lang='lat' dir='ltr'><strong>dilectissimae</strong></span> <span class='ocrx_word' id='word_1_117' title='bbox 1651 2222 1800 2307; x_wconf 90' lang='lat' dir='ltr'><strong>coniugis</strong></span> <span class='ocrx_word' id='word_1_118' title='bbox 1815 2231 1945 2284; x_wconf 87' lang='lat' dir='ltr'><strong>nostrae</strong></span> <span class='ocrx_word' id='word_1_119' title='bbox 1962 2218 2178 2304; x_wconf 78' lang='lat' dir='ltr'><strong>Cunigrmdae</strong></span> 
     </span>
     <span class='ocr_line' id='line_1_15' title="bbox 520 2327 2179 2414; baseline -0.001 -22"><span class='ocrx_word' id='word_1_120' title='bbox 520 2328 676 2393; x_wconf 89' lang='lat' dir='ltr'><strong>videlicet</strong></span> <span class='ocrx_word' id='word_1_121' title='bbox 704 2329 921 2414; x_wconf 82' lang='lat' dir='ltr'><strong>imperatricis</strong></span> <span class='ocrx_word' id='word_1_122' title='bbox 951 2340 1109 2414; x_wconf 86' lang='lat' dir='ltr'><strong>augustae</strong></span> <span class='ocrx_word' id='word_1_123' title='bbox 1140 2328 1269 2392; x_wconf 89' lang='lat' dir='ltr'><strong>cuidam</strong></span> <span class='ocrx_word' id='word_1_124' title='bbox 1301 2329 1497 2392; x_wconf 89' lang='lat' dir='ltr'><strong>monasterio</strong></span> <span class='ocrx_word' id='word_1_125' title='bbox 1521 2329 1695 2393; x_wconf 84' lang='lat' dir='ltr'><strong>Erenstein</strong></span> <span class='ocrx_word' id='word_1_126' title='bbox 1725 2327 1812 2392; x_wconf 91' lang='lat' dir='ltr'><strong>dicto</strong></span> <span class='ocrx_word' id='word_1_127' title='bbox 1843 2327 2021 2392; x_wconf 89' lang='lat' dir='ltr'><strong>inhonore</strong></span> <span class='ocrx_word' id='word_1_128' title='bbox 2045 2337 2179 2390; x_wconf 88' lang='lat' dir='ltr'><strong>sanctae</strong></span> 
     </span>
     <span class='ocr_line' id='line_1_16' title="bbox 520 2431 2224 2521; baseline -0.002 -22"><span class='ocrx_word' id='word_1_129' title='bbox 520 2434 646 2499; x_wconf 83' lang='lat' dir='ltr'><strong>Mariae</strong></span> <span class='ocrx_word' id='word_1_130' title='bbox 670 2457 800 2521; x_wconf 81' lang='lat' dir='ltr'><strong>semper</strong></span> <span class='ocrx_word' id='word_1_131' title='bbox 822 2435 959 2520; x_wconf 87' lang='lat' dir='ltr'><strong>virginis</strong></span> <span class='ocrx_word' id='word_1_132' title='bbox 983 2446 1181 2521; x_wconf 87' lang='lat' dir='ltr'><strong>sanctaeque</strong></span> <span class='ocrx_word' id='word_1_133' title='bbox 1205 2433 1349 2500; x_wconf 84' lang='lat' dir='ltr'><strong>Ceciliae</strong></span> <span class='ocrx_word' id='word_1_134' title='bbox 1379 2437 1521 2499; x_wconf 82' lang='lat' dir='ltr'><strong>martiris</strong></span> <span class='ocrx_word' id='word_1_135' title='bbox 1553 2445 1751 2516; x_wconf 87' lang='lat' dir='ltr'><strong>constructo,</strong></span> <span class='ocrx_word' id='word_1_136' title='bbox 1782 2435 1835 2499; x_wconf 90' lang='lat' dir='ltr'><strong>cui</strong></span> <span class='ocrx_word' id='word_1_137' title='bbox 1858 2432 2055 2498; x_wconf 90' lang='lat' dir='ltr'><strong>venerabilis</strong></span> <span class='ocrx_word' id='word_1_138' title='bbox 2078 2431 2178 2497; x_wconf 89' lang='lat' dir='ltr'><strong>abba·</strong></span> <span class='ocrx_word' id='word_1_139' title='bbox 2198 2456 2224 2497; x_wconf 79' lang='lat' dir='ltr'><strong>n</strong></span> 
     </span>
     <span class='ocr_line' id='line_1_17' title="bbox 520 2538 2179 2628; baseline -0.002 -22"><span class='ocrx_word' id='word_1_140' title='bbox 520 2543 601 2607; x_wconf 89' lang='lat' dir='ltr'><strong>tissa</strong></span> <span class='ocrx_word' id='word_1_141' title='bbox 624 2541 792 2628; x_wconf 90' lang='lat' dir='ltr'><strong>Hildigart</strong></span> <span class='ocrx_word' id='word_1_142' title='bbox 814 2564 947 2628; x_wconf 88' lang='lat' dir='ltr'><strong>preesse</strong></span> <span class='ocrx_word' id='word_1_143' title='bbox 963 2541 1103 2623; x_wconf 89' lang='lat' dir='ltr'><strong>videtur,</strong></span> <span class='ocrx_word' id='word_1_144' title='bbox 1128 2541 1292 2628; x_wconf 84' lang='lat' dir='ltr'><strong>quoddam</strong></span> <span class='ocrx_word' id='word_1_145' title='bbox 1315 2543 1417 2606; x_wconf 87' lang='lat' dir='ltr'><strong>nostri</strong></span> <span class='ocrx_word' id='word_1_146' title='bbox 1440 2543 1519 2606; x_wconf 86' lang='lat' dir='ltr'><strong>iuris</strong></span> <span class='ocrx_word' id='word_1_147' title='bbox 1542 2541 1692 2628; x_wconf 88' lang='lat' dir='ltr'><strong>predium</strong></span> <span class='ocrx_word' id='word_1_148' title='bbox 1709 2538 1935 2607; x_wconf 79' lang='lat' dir='ltr'><strong>Chbnenhcim</strong></span> <span class='ocrx_word' id='word_1_149' title='bbox 1955 2539 2079 2605; x_wconf 89' lang='lat' dir='ltr'><strong>dictum</strong></span> <span class='ocrx_word' id='word_1_150' title='bbox 2093 2541 2179 2604; x_wconf 89' lang='lat' dir='ltr'><strong>iusto</strong></span> 
     </span>
     <span class='ocr_line' id='line_1_18' title="bbox 520 2647 2177 2736; baseline -0.001 -23"><span class='ocrx_word' id='word_1_151' title='bbox 520 2660 620 2735; x_wconf 89' lang='lat' dir='ltr'><strong>atque</strong></span> <span class='ocrx_word' id='word_1_152' title='bbox 644 2648 742 2735; x_wconf 90' lang='lat' dir='ltr'><strong>legali</strong></span> <span class='ocrx_word' id='word_1_153' title='bbox 765 2648 910 2714; x_wconf 91' lang='lat' dir='ltr'><strong>iudicum</strong></span> <span class='ocrx_word' id='word_1_154' title='bbox 933 2648 1055 2714; x_wconf 90' lang='lat' dir='ltr'><strong>iudicio</strong></span> <span class='ocrx_word' id='word_1_155' title='bbox 1079 2649 1174 2713; x_wconf 91' lang='lat' dir='ltr'><strong>nobis</strong></span> <span class='ocrx_word' id='word_1_156' title='bbox 1190 2650 1396 2735; x_wconf 81' lang='lat' dir='ltr'><strong>acquisitum,</strong></span> <span class='ocrx_word' id='word_1_157' title='bbox 1421 2650 1517 2714; x_wconf 91' lang='lat' dir='ltr'><strong>situm</strong></span> <span class='ocrx_word' id='word_1_158' title='bbox 1541 2650 1575 2712; x_wconf 92' lang='lat' dir='ltr'><strong>in</strong></span> <span class='ocrx_word' id='word_1_159' title='bbox 1598 2672 1684 2736; x_wconf 87' lang='lat' dir='ltr'><strong>pago</strong></span> <span class='ocrx_word' id='word_1_160' title='bbox 1699 2648 1853 2713; x_wconf 87' lang='lat' dir='ltr'><strong>Alsaeiae</strong></span> <span class='ocrx_word' id='word_1_161' title='bbox 1877 2649 1910 2712; x_wconf 90' lang='lat' dir='ltr'><strong>in</strong></span> <span class='ocrx_word' id='word_1_162' title='bbox 1928 2647 2084 2712; x_wconf 90' lang='lat' dir='ltr'><strong>comitatu</strong></span> <span class='ocrx_word' id='word_1_163' title='bbox 2100 2669 2177 2711; x_wconf 90' lang='lat' dir='ltr'><strong>vero</strong></span> 
     </span>
     <span class='ocr_line' id='line_1_19' title="bbox 522 2754 2178 2843; baseline -0.003 -22"><span class='ocrx_word' id='word_1_164' title='bbox 522 2756 652 2821; x_wconf 89' lang='lat' dir='ltr'><strong>Ottonis</strong></span> <span class='ocrx_word' id='word_1_165' title='bbox 683 2757 821 2837; x_wconf 88' lang='lat' dir='ltr'><strong>comitis,</strong></span> <span class='ocrx_word' id='word_1_166' title='bbox 846 2778 920 2822; x_wconf 89' lang='lat' dir='ltr'><strong>cum</strong></span> <span class='ocrx_word' id='word_1_167' title='bbox 951 2755 1101 2820; x_wconf 90' lang='lat' dir='ltr'><strong>omnibus</strong></span> <span class='ocrx_word' id='word_1_168' title='bbox 1132 2755 1277 2820; x_wconf 89' lang='lat' dir='ltr'><strong>eiusdem</strong></span> <span class='ocrx_word' id='word_1_169' title='bbox 1310 2756 1414 2842; x_wconf 89' lang='lat' dir='ltr'><strong>predii</strong></span> <span class='ocrx_word' id='word_1_170' title='bbox 1444 2757 1650 2843; x_wconf 90' lang='lat' dir='ltr'><strong>pertinentiis</strong></span> <span class='ocrx_word' id='word_1_171' title='bbox 1680 2757 1768 2841; x_wconf 90' lang='lat' dir='ltr'><strong>agris</strong></span> <span class='ocrx_word' id='word_1_172' title='bbox 1792 2756 1877 2819; x_wconf 90' lang='lat' dir='ltr'><strong>areis</strong></span> <span class='ocrx_word' id='word_1_173' title='bbox 1901 2754 2060 2820; x_wconf 89' lang='lat' dir='ltr'><strong>aedificiis</strong></span> <span class='ocrx_word' id='word_1_174' title='bbox 2083 2754 2178 2817; x_wconf 90' lang='lat' dir='ltr'><strong>terris</strong></span> 
     </span>
     <span class='ocr_line' id='line_1_20' title="bbox 520 2860 2178 2949; baseline -0.002 -22"><span class='ocrx_word' id='word_1_175' title='bbox 520 2861 676 2927; x_wconf 92' lang='lat' dir='ltr'><strong>videlicet</strong></span> <span class='ocrx_word' id='word_1_176' title='bbox 706 2862 801 2927; x_wconf 88' lang='lat' dir='ltr'><strong>cultis</strong></span> <span class='ocrx_word' id='word_1_177' title='bbox 832 2874 865 2927; x_wconf 91' lang='lat' dir='ltr'><strong>et</strong></span> <span class='ocrx_word' id='word_1_178' title='bbox 894 2862 1025 2927; x_wconf 90' lang='lat' dir='ltr'><strong>incultis</strong></span> <span class='ocrx_word' id='word_1_179' title='bbox 1058 2863 1225 2927; x_wconf 89' lang='lat' dir='ltr'><strong>curtificiis</strong></span> <span class='ocrx_word' id='word_1_180' title='bbox 1255 2864 1428 2949; x_wconf 89' lang='lat' dir='ltr'><strong>mancipiis</strong></span> <span class='ocrx_word' id='word_1_181' title='bbox 1457 2864 1626 2949; x_wconf 81' lang='lat' dir='ltr'><strong>utriusque</strong></span> <span class='ocrx_word' id='word_1_182' title='bbox 1656 2885 1756 2927; x_wconf 87' lang='lat' dir='ltr'><strong>sexus</strong></span> <span class='ocrx_word' id='word_1_183' title='bbox 1785 2863 1887 2949; x_wconf 92' lang='lat' dir='ltr'><strong>pratis</strong></span> <span class='ocrx_word' id='word_1_184' title='bbox 1920 2862 2053 2948; x_wconf 88' lang='lat' dir='ltr'><strong>pascuis</strong></span> <span class='ocrx_word' id='word_1_185' title='bbox 2088 2860 2178 2924; x_wconf 86' lang='lat' dir='ltr'><strong>silvis</strong></span> 
     </span>
     <span class='ocr_line' id='line_1_21' title="bbox 520 2966 2223 3057; baseline -0.001 -24"><span class='ocrx_word' id='word_1_186' title='bbox 520 2969 751 3034; x_wconf 88' lang='lat' dir='ltr'><strong>venationibus</strong></span> <span class='ocrx_word' id='word_1_187' title='bbox 775 2971 869 3056; x_wconf 89' lang='lat' dir='ltr'><strong>aquis</strong></span> <span class='ocrx_word' id='word_1_188' title='bbox 885 2992 1086 3056; x_wconf 87' lang='lat' dir='ltr'><strong>aquarumve</strong></span> <span class='ocrx_word' id='word_1_189' title='bbox 1102 2969 1295 3034; x_wconf 89' lang='lat' dir='ltr'><strong>decursibus</strong></span> <span class='ocrx_word' id='word_1_190' title='bbox 1310 2969 1545 3057; x_wconf 89' lang='lat' dir='ltr'><strong>piscationibus</strong></span> <span class='ocrx_word' id='word_1_191' title='bbox 1560 2970 1756 3034; x_wconf 88' lang='lat' dir='ltr'><strong>molendinis</strong></span> <span class='ocrx_word' id='word_1_192' title='bbox 1771 2971 1834 3034; x_wconf 89' lang='lat' dir='ltr'><strong>viis</strong></span> <span class='ocrx_word' id='word_1_193' title='bbox 1858 2980 1891 3034; x_wconf 88' lang='lat' dir='ltr'><strong>et</strong></span> <span class='ocrx_word' id='word_1_194' title='bbox 1914 2970 2011 3033; x_wconf 89' lang='lat' dir='ltr'><strong>inviis</strong></span> <span class='ocrx_word' id='word_1_195' title='bbox 2035 2966 2178 3032; x_wconf 83' lang='lat' dir='ltr'><strong>exitibus</strong></span> <span class='ocrx_word' id='word_1_196' title='bbox 2196 2991 2223 3031; x_wconf 83' lang='lat' dir='ltr'><strong>ro</strong></span> 
     </span>
     <span class='ocr_line' id='line_1_22' title="bbox 521 3075 2177 3165; baseline -0.001 -26"><span class='ocrx_word' id='word_1_197' title='bbox 521 3086 555 3140; x_wconf 93' lang='lat' dir='ltr'><strong>et</strong></span> <span class='ocrx_word' id='word_1_198' title='bbox 576 3075 735 3141; x_wconf 89' lang='lat' dir='ltr'><strong>reditibus</strong></span> <span class='ocrx_word' id='word_1_199' title='bbox 759 3078 895 3163; x_wconf 89' lang='lat' dir='ltr'><strong>quesitis</strong></span> <span class='ocrx_word' id='word_1_200' title='bbox 919 3086 952 3140; x_wconf 91' lang='lat' dir='ltr'><strong>et</strong></span> <span class='ocrx_word' id='word_1_201' title='bbox 974 3075 1178 3162; x_wconf 90' lang='lat' dir='ltr'><strong>inquirendis</strong></span> <span class='ocrx_word' id='word_1_202' title='bbox 1202 3078 1384 3164; x_wconf 83' lang='lat' dir='ltr'><strong>ceterisque</strong></span> <span class='ocrx_word' id='word_1_203' title='bbox 1415 3076 1565 3142; x_wconf 89' lang='lat' dir='ltr'><strong>omnibus</strong></span> <span class='ocrx_word' id='word_1_204' title='bbox 1595 3100 1659 3165; x_wconf 89' lang='lat' dir='ltr'><strong>quc</strong></span> <span class='ocrx_word' id='word_1_205' title='bbox 1690 3076 1993 3163; x_wconf 88' lang='lat' dir='ltr'><strong>quomodocumque</strong></span> <span class='ocrx_word' id='word_1_206' title='bbox 2017 3075 2177 3140; x_wconf 86' lang='lat' dir='ltr'><strong>nominari</strong></span> 
     </span>
     <span class='ocr_line' id='line_1_23' title="bbox 520 3181 2177 3270; baseline -0.001 -23"><span class='ocrx_word' id='word_1_207' title='bbox 520 3182 575 3247; x_wconf 93' lang='lat' dir='ltr'><strong>vel</strong></span> <span class='ocrx_word' id='word_1_208' title='bbox 599 3181 698 3247; x_wconf 92' lang='lat' dir='ltr'><strong>scribi</strong></span> <span class='ocrx_word' id='word_1_209' title='bbox 721 3195 858 3268; x_wconf 89' lang='lat' dir='ltr'><strong>possunt</strong></span> <span class='ocrx_word' id='word_1_210' title='bbox 880 3182 1073 3248; x_wconf 87' lang='lat' dir='ltr'><strong>utilitatibus</strong></span> <span class='ocrx_word' id='word_1_211' title='bbox 1096 3183 1139 3248; x_wconf 92' lang='lat' dir='ltr'><strong>ad</strong></span> <span class='ocrx_word' id='word_1_212' title='bbox 1162 3184 1269 3270; x_wconf 88' lang='lat' dir='ltr'><strong>ipsum</strong></span> <span class='ocrx_word' id='word_1_213' title='bbox 1293 3183 1442 3269; x_wconf 88' lang='lat' dir='ltr'><strong>predium</strong></span> <span class='ocrx_word' id='word_1_214' title='bbox 1465 3182 1703 3270; x_wconf 89' lang='lat' dir='ltr'><strong>pertinentibus</strong></span> <span class='ocrx_word' id='word_1_215' title='bbox 1726 3184 1887 3270; x_wconf 89' lang='lat' dir='ltr'><strong>perhanc</strong></span> <span class='ocrx_word' id='word_1_216' title='bbox 1909 3194 2054 3248; x_wconf 89' lang='lat' dir='ltr'><strong>nostram</strong></span> <span class='ocrx_word' id='word_1_217' title='bbox 2077 3183 2177 3268; x_wconf 90' lang='lat' dir='ltr'><strong>impe·</strong></span> 
     </span>
     <span class='ocr_line' id='line_1_24' title="bbox 521 3288 2178 3377; baseline 0 -25"><span class='ocrx_word' id='word_1_218' title='bbox 521 3288 636 3353; x_wconf 80' lang='lat' dir='ltr'><strong>rialem</strong></span> <span class='ocrx_word' id='word_1_219' title='bbox 666 3290 820 3375; x_wconf 87' lang='lat' dir='ltr'><strong>paginam</strong></span> <span class='ocrx_word' id='word_1_220' title='bbox 851 3289 1061 3355; x_wconf 89' lang='lat' dir='ltr'><strong>concedimus</strong></span> <span class='ocrx_word' id='word_1_221' title='bbox 1091 3301 1189 3377; x_wconf 90' lang='lat' dir='ltr'><strong>atque</strong></span> <span class='ocrx_word' id='word_1_222' title='bbox 1213 3290 1369 3376; x_wconf 90' lang='lat' dir='ltr'><strong>largimur</strong></span> <span class='ocrx_word' id='word_1_223' title='bbox 1401 3302 1433 3355; x_wconf 93' lang='lat' dir='ltr'><strong>et</strong></span> <span class='ocrx_word' id='word_1_224' title='bbox 1456 3291 1497 3355; x_wconf 94' lang='lat' dir='ltr'><strong>de</strong></span> <span class='ocrx_word' id='word_1_225' title='bbox 1520 3302 1630 3355; x_wconf 90' lang='lat' dir='ltr'><strong>nostro</strong></span> <span class='ocrx_word' id='word_1_226' title='bbox 1655 3292 1724 3356; x_wconf 87' lang='lat' dir='ltr'><strong>iure</strong></span> <span class='ocrx_word' id='word_1_227' title='bbox 1748 3314 1787 3356; x_wconf 91' lang='lat' dir='ltr'><strong>ac</strong></span> <span class='ocrx_word' id='word_1_228' title='bbox 1811 3291 1953 3356; x_wconf 91' lang='lat' dir='ltr'><strong>dominio</strong></span> <span class='ocrx_word' id='word_1_229' title='bbox 1976 3291 2011 3354; x_wconf 92' lang='lat' dir='ltr'><strong>in</strong></span> <span class='ocrx_word' id='word_1_230' title='bbox 2034 3290 2105 3354; x_wconf 90' lang='lat' dir='ltr'><strong>eius</strong></span> <span class='ocrx_word' id='word_1_231' title='bbox 2127 3289 2178 3353; x_wconf 91' lang='lat' dir='ltr'><strong>ius</strong></span> 
     </span>
     <span class='ocr_line' id='line_1_25' title="bbox 522 3393 2178 3485; baseline -0.001 -26"><span class='ocrx_word' id='word_1_232' title='bbox 522 3407 555 3460; x_wconf 90' lang='lat' dir='ltr'><strong>et</strong></span> <span class='ocrx_word' id='word_1_233' title='bbox 577 3395 756 3460; x_wconf 90' lang='lat' dir='ltr'><strong>dominium</strong></span> <span class='ocrx_word' id='word_1_234' title='bbox 780 3397 911 3460; x_wconf 90' lang='lat' dir='ltr'><strong>omnino</strong></span> <span class='ocrx_word' id='word_1_235' title='bbox 934 3396 1200 3481; x_wconf 79' lang='lat' dir='ltr'><strong>transfundimus,</strong></span> <span class='ocrx_word' id='word_1_236' title='bbox 1224 3420 1264 3462; x_wconf 92' lang='lat' dir='ltr'><strong>ea</strong></span> <span class='ocrx_word' id='word_1_237' title='bbox 1287 3397 1442 3462; x_wconf 90' lang='lat' dir='ltr'><strong>videlicet</strong></span> <span class='ocrx_word' id='word_1_238' title='bbox 1463 3399 1588 3463; x_wconf 87' lang='lat' dir='ltr'><strong>ratione</strong></span> <span class='ocrx_word' id='word_1_239' title='bbox 1618 3409 1654 3462; x_wconf 92' lang='lat' dir='ltr'><strong>ut</strong></span> <span class='ocrx_word' id='word_1_240' title='bbox 1683 3397 1831 3485; x_wconf 89' lang='lat' dir='ltr'><strong>predicta</strong></span> <span class='ocrx_word' id='word_1_241' title='bbox 1861 3397 2028 3463; x_wconf 89' lang='lat' dir='ltr'><strong>abbatissa</strong></span> <span class='ocrx_word' id='word_1_242' title='bbox 2051 3393 2178 3482; x_wconf 88' lang='lat' dir='ltr'><strong>sibique</strong></span> 
     </span>
     <span class='ocr_line' id='line_1_26' title="bbox 521 3502 2223 3591; baseline -0.001 -25"><span class='ocrx_word' id='word_1_243' title='bbox 521 3502 671 3589; x_wconf 91' lang='lat' dir='ltr'><strong>posthinc</strong></span> <span class='ocrx_word' id='word_1_244' title='bbox 688 3502 902 3568; x_wconf 87' lang='lat' dir='ltr'><strong>succedentes</strong></span> <span class='ocrx_word' id='word_1_245' title='bbox 926 3503 1062 3568; x_wconf 90' lang='lat' dir='ltr'><strong>liberam</strong></span> <span class='ocrx_word' id='word_1_246' title='bbox 1085 3503 1229 3569; x_wconf 89' lang='lat' dir='ltr'><strong>habeant</strong></span> <span class='ocrx_word' id='word_1_247' title='bbox 1245 3503 1286 3568; x_wconf 88' lang='lat' dir='ltr'><strong>de</strong></span> <span class='ocrx_word' id='word_1_248' title='bbox 1304 3504 1417 3569; x_wconf 90' lang='lat' dir='ltr'><strong>eodem</strong></span> <span class='ocrx_word' id='word_1_249' title='bbox 1435 3505 1548 3591; x_wconf 90' lang='lat' dir='ltr'><strong>predio</strong></span> <span class='ocrx_word' id='word_1_250' title='bbox 1572 3515 1765 3591; x_wconf 88' lang='lat' dir='ltr'><strong>potestatem</strong></span> <span class='ocrx_word' id='word_1_251' title='bbox 1782 3504 1939 3591; x_wconf 89' lang='lat' dir='ltr'><strong>quicquid</strong></span> <span class='ocrx_word' id='word_1_252' title='bbox 1955 3504 2002 3568; x_wconf 89' lang='lat' dir='ltr'><strong>eis</strong></span> <span class='ocrx_word' id='word_1_253' title='bbox 2018 3502 2179 3590; x_wconf 86' lang='lat' dir='ltr'><strong>placuerit</strong></span> <span class='ocrx_word' id='word_1_254' title='bbox 2196 3525 2223 3564; x_wconf 80' lang='lat' dir='ltr'><strong>as</strong></span> 
     </span>
     <span class='ocr_line' id='line_1_27' title="bbox 521 3609 2179 3697; baseline -0.001 -23"><span class='ocrx_word' id='word_1_255' title='bbox 521 3609 565 3674; x_wconf 89' lang='lat' dir='ltr'><strong>ad</strong></span> <span class='ocrx_word' id='word_1_256' title='bbox 587 3632 682 3674; x_wconf 90' lang='lat' dir='ltr'><strong>usum</strong></span> <span class='ocrx_word' id='word_1_257' title='bbox 705 3609 886 3674; x_wconf 88' lang='lat' dir='ltr'><strong>aecclesiae</strong></span> <span class='ocrx_word' id='word_1_258' title='bbox 909 3610 1062 3693; x_wconf 84' lang='lat' dir='ltr'><strong>faciendi,</strong></span> <span class='ocrx_word' id='word_1_259' title='bbox 1087 3612 1230 3675; x_wconf 92' lang='lat' dir='ltr'><strong>omnium</strong></span> <span class='ocrx_word' id='word_1_260' title='bbox 1254 3610 1421 3676; x_wconf 91' lang='lat' dir='ltr'><strong>hominum</strong></span> <span class='ocrx_word' id='word_1_261' title='bbox 1445 3612 1536 3697; x_wconf 88' lang='lat' dir='ltr'><strong>regni</strong></span> <span class='ocrx_word' id='word_1_262' title='bbox 1561 3613 1663 3676; x_wconf 88' lang='lat' dir='ltr'><strong>nostri</strong></span> <span class='ocrx_word' id='word_1_263' title='bbox 1686 3611 1942 3676; x_wconf 88' lang='lat' dir='ltr'><strong>contradictione</strong></span> <span class='ocrx_word' id='word_1_264' title='bbox 1966 3620 2100 3674; x_wconf 88' lang='lat' dir='ltr'><strong>remota.</strong></span> <span class='ocrx_word' id='word_1_265' title='bbox 2135 3609 2179 3673; x_wconf 86' lang='lat' dir='ltr'><strong>Et</strong></span> 
     </span>
     <span class='ocr_line' id='line_1_28' title="bbox 521 3716 2179 3804; baseline -0.001 -23"><span class='ocrx_word' id='word_1_266' title='bbox 521 3727 558 3781; x_wconf 91' lang='lat' dir='ltr'><strong>ut</strong></span> <span class='ocrx_word' id='word_1_267' title='bbox 580 3716 663 3781; x_wconf 91' lang='lat' dir='ltr'><strong>haec</strong></span> <span class='ocrx_word' id='word_1_268' title='bbox 686 3727 817 3781; x_wconf 89' lang='lat' dir='ltr'><strong>nostrae</strong></span> <span class='ocrx_word' id='word_1_269' title='bbox 840 3718 1050 3804; x_wconf 89' lang='lat' dir='ltr'><strong>ingenuitatis</strong></span> <span class='ocrx_word' id='word_1_270' title='bbox 1074 3720 1251 3783; x_wconf 88' lang='lat' dir='ltr'><strong>auctoritas</strong></span> <span class='ocrx_word' id='word_1_271' title='bbox 1274 3717 1398 3783; x_wconf 89' lang='lat' dir='ltr'><strong>stabilis</strong></span> <span class='ocrx_word' id='word_1_272' title='bbox 1428 3730 1460 3783; x_wconf 91' lang='lat' dir='ltr'><strong>et</strong></span> <span class='ocrx_word' id='word_1_273' title='bbox 1489 3719 1682 3783; x_wconf 90' lang='lat' dir='ltr'><strong>inconvulsa</strong></span> <span class='ocrx_word' id='word_1_274' title='bbox 1704 3720 1791 3782; x_wconf 91' lang='lat' dir='ltr'><strong>omni</strong></span> <span class='ocrx_word' id='word_1_275' title='bbox 1814 3717 1964 3804; x_wconf 87' lang='lat' dir='ltr'><strong>posthinc</strong></span> <span class='ocrx_word' id='word_1_276' title='bbox 1988 3727 2179 3803; x_wconf 88' lang='lat' dir='ltr'><strong>permaneat</strong></span> 
     </span>
     <span class='ocr_line' id='line_1_29' title="bbox 521 3823 2178 3913; baseline -0.001 -26"><span class='ocrx_word' id='word_1_277' title='bbox 521 3834 678 3910; x_wconf 84' lang='lat' dir='ltr'><strong>tempore,</strong></span> <span class='ocrx_word' id='word_1_278' title='bbox 702 3823 763 3889; x_wconf 91' lang='lat' dir='ltr'><strong>hoc</strong></span> <span class='ocrx_word' id='word_1_279' title='bbox 782 3836 973 3911; x_wconf 90' lang='lat' dir='ltr'><strong>preceptum</strong></span> <span class='ocrx_word' id='word_1_280' title='bbox 996 3824 1073 3890; x_wconf 90' lang='lat' dir='ltr'><strong>inde</strong></span> <span class='ocrx_word' id='word_1_281' title='bbox 1093 3827 1313 3913; x_wconf 91' lang='lat' dir='ltr'><strong>conscriptum</strong></span> <span class='ocrx_word' id='word_1_282' title='bbox 1337 3848 1436 3889; x_wconf 91' lang='lat' dir='ltr'><strong>mann</strong></span> <span class='ocrx_word' id='word_1_283' title='bbox 1460 3826 1592 3911; x_wconf 91' lang='lat' dir='ltr'><strong>propria</strong></span> <span class='ocrx_word' id='word_1_284' title='bbox 1615 3825 1868 3890; x_wconf 81' lang='lat' dir='ltr'><strong>confirmantes·</strong></span> <span class='ocrx_word' id='word_1_285' title='bbox 1884 3824 1982 3911; x_wconf 89' lang='lat' dir='ltr'><strong>sigilli</strong></span> <span class='ocrx_word' id='word_1_286' title='bbox 2005 3824 2108 3889; x_wconf 88' lang='lat' dir='ltr'><strong>nostri</strong></span> <span class='ocrx_word' id='word_1_287' title='bbox 2131 3824 2178 3887; x_wconf 93' lang='lat' dir='ltr'><strong>in-</strong></span> 
     </span>
     <span class='ocr_line' id='line_1_30' title="bbox 520 3932 1047 4019; baseline 0.002 -24"><span class='ocrx_word' id='word_1_288' title='bbox 520 3932 689 4017; x_wconf 89' lang='lat' dir='ltr'><strong>pressione</strong></span> <span class='ocrx_word' id='word_1_289' title='bbox 712 3932 865 3996; x_wconf 87' lang='lat' dir='ltr'><strong>iussimus</strong></span> <span class='ocrx_word' id='word_1_290' title='bbox 888 3932 1047 4019; x_wconf 90' lang='lat' dir='ltr'><strong>insigniri.</strong></span> 
     </span>
    </p>

    <p class='ocr_par' dir='ltr' id='par_1_8' title="bbox 628 4071 2223 4162">
     <span class='ocr_line' id='line_1_31' title="bbox 628 4071 2223 4162; baseline -0.001 -23"><span class='ocrx_word' id='word_1_291' title='bbox 628 4072 645 4162; x_wconf 61' lang='grc' dir='ltr'>ξ</span> <span class='ocrx_word' id='word_1_292' title='bbox 670 4073 806 4160; x_wconf 88' lang='lat' dir='ltr'><strong>Signum</strong></span> <span class='ocrx_word' id='word_1_293' title='bbox 830 4072 941 4139; x_wconf 91' lang='lat' dir='ltr'><strong>domni</strong></span> <span class='ocrx_word' id='word_1_294' title='bbox 963 4075 1113 4139; x_wconf 91' lang='lat' dir='ltr'><strong>Heinrici</strong></span> <span class='ocrx_word' id='word_1_295' title='bbox 1137 4075 1357 4139; x_wconf 89' lang='lat' dir='ltr'><strong>Romanorum</strong></span> <span class='ocrx_word' id='word_1_296' title='bbox 1379 4075 1584 4139; x_wconf 89' lang='lat' dir='ltr'><strong>invictissimi</strong></span> <span class='ocrx_word' id='word_1_297' title='bbox 1608 4082 1672 4153; x_wconf 81' lang='grc' dir='ltr'>(Μ.)</span> <span class='ocrx_word' id='word_1_298' title='bbox 1696 4075 1901 4161; x_wconf 86' lang='lat' dir='ltr'><strong>imperatoris</strong></span> <span class='ocrx_word' id='word_1_299' title='bbox 1925 4071 2101 4162; x_wconf 66' lang='lat' dir='ltr'><strong>augusti.{</strong></span> <span class='ocrx_word' id='word_1_300' title='bbox 2196 4086 2223 4126; x_wconf 81' lang='lat'><strong>⁸⁰</strong></span> 
     </span>
    </p>

    <p class='ocr_par' dir='ltr' id='par_1_9' title="bbox 627 4214 2133 4305">
     <span class='ocr_line' id='line_1_32' title="bbox 627 4214 2133 4305; baseline 0 -25"><span class='ocrx_word' id='word_1_301' title='bbox 627 4214 645 4304; x_wconf 58' lang='grc' dir='ltr'>ᾗ</span> <span class='ocrx_word' id='word_1_302' title='bbox 669 4214 870 4282; x_wconf 85' lang='lat' dir='ltr'><strong>Guntherius</strong></span> <span class='ocrx_word' id='word_1_303' title='bbox 894 4217 1108 4281; x_wconf 90' lang='lat' dir='ltr'><strong>cancellarius</strong></span> <span class='ocrx_word' id='word_1_304' title='bbox 1131 4217 1205 4281; x_wconf 89' lang='lat' dir='ltr'><strong>vice</strong></span> <span class='ocrx_word' id='word_1_305' title='bbox 1229 4215 1385 4281; x_wconf 84' lang='lat' dir='ltr'><strong>Aribonis</strong></span> <span class='ocrx_word' id='word_1_306' title='bbox 1409 4216 1685 4303; x_wconf 88' lang='lat' dir='ltr'><strong>archicappellani</strong></span> <span class='ocrx_word' id='word_1_307' title='bbox 1708 4217 1909 4303; x_wconf 86' lang='lat' dir='ltr'><strong>recognovit</strong></span> <span class='ocrx_word' id='word_1_308' title='bbox 1933 4214 1951 4305; x_wconf 56' lang='grc' dir='ltr'>ξ</span> <span class='ocrx_word' id='word_1_309' title='bbox 2010 4220 2068 4298; x_wconf 87' lang='grc'><strong>(81.</strong></span> <span class='ocrx_word' id='word_1_310' title='bbox 2082 4222 2133 4293; x_wconf 88' lang='lat' dir='ltr'><strong>D.)</strong></span> 
     </span>
    </p>
   </div>
   <div class='ocr_carea' id='block_1_8' title="bbox 521 4345 2178 4638">
    <p class='ocr_par' dir='ltr' id='par_1_10' title="bbox 521 4345 2178 4638">
     <span class='ocr_line' id='line_1_33' title="bbox 628 4345 2178 4443; baseline 0.001 -20"><span class='ocrx_word' id='word_1_311' title='bbox 628 4359 717 4424; x_wconf 90' lang='lat' dir='ltr'><strong>Data</strong></span> <span class='ocrx_word' id='word_1_312' title='bbox 741 4374 779 4424; x_wconf 85' lang='lat'><strong>11.</strong></span> <span class='ocrx_word' id='word_1_313' title='bbox 805 4383 881 4423; x_wconf 91' lang='lat' dir='ltr'><strong>non.</strong></span> <span class='ocrx_word' id='word_1_314' title='bbox 904 4359 997 4423; x_wconf 77' lang='lat' dir='ltr'><strong>nov.b</strong></span> <span class='ocrx_word' id='word_1_315' title='bbox 1019 4358 1198 4424; x_wconf 88' lang='lat' dir='ltr'><strong>indictione</strong></span> <span class='ocrx_word' id='word_1_316' title='bbox 1216 4348 1266 4443; x_wconf 54' lang='lat' dir='ltr'><strong>til,</strong></span> <span class='ocrx_word' id='word_1_317' title='bbox 1297 4382 1383 4423; x_wconf 91' lang='lat' dir='ltr'><strong>anno</strong></span> <span class='ocrx_word' id='word_1_318' title='bbox 1410 4358 1593 4424; x_wconf 90' lang='lat' dir='ltr'><strong>dominicae</strong></span> <span class='ocrx_word' id='word_1_319' title='bbox 1623 4360 1857 4424; x_wconf 89' lang='lat' dir='ltr'><strong>incarnationis</strong></span> <span class='ocrx_word' id='word_1_320' title='bbox 1884 4358 2054 4423; x_wconf 88' lang='lat' dir='ltr'><strong>millesimo</strong></span> <span class='ocrx_word' id='word_1_321' title='bbox 2077 4345 2178 4440; x_wconf 69' lang='lat' dir='ltr'><strong>rlxlfl,</strong></span> 
     </span>
     <span class='ocr_line' id='line_1_34' title="bbox 521 4454 2177 4553; baseline -0.001 -23"><span class='ocrx_word' id='word_1_322' title='bbox 521 4489 606 4531; x_wconf 91' lang='lat' dir='ltr'><strong>anno</strong></span> <span class='ocrx_word' id='word_1_323' title='bbox 625 4488 704 4530; x_wconf 90' lang='lat' dir='ltr'><strong>vero</strong></span> <span class='ocrx_word' id='word_1_324' title='bbox 728 4465 839 4531; x_wconf 92' lang='lat' dir='ltr'><strong>domni</strong></span> <span class='ocrx_word' id='word_1_325' title='bbox 862 4466 1012 4531; x_wconf 90' lang='lat' dir='ltr'><strong>Heinrici</strong></span> <span class='ocrx_word' id='word_1_326' title='bbox 1036 4465 1172 4531; x_wconf 87' lang='lat' dir='ltr'><strong>secundi</strong></span> <span class='ocrx_word' id='word_1_327' title='bbox 1195 4467 1363 4553; x_wconf 89' lang='lat' dir='ltr'><strong>regnantis</strong></span> <span class='ocrx_word' id='word_1_328' title='bbox 1384 4454 1483 4549; x_wconf 67' lang='lat' dir='ltr'><strong>illuit,</strong></span> <span class='ocrx_word' id='word_1_329' title='bbox 1506 4467 1636 4553; x_wconf 86' lang='lat' dir='ltr'><strong>imperii</strong></span> <span class='ocrx_word' id='word_1_330' title='bbox 1659 4478 1767 4530; x_wconf 89' lang='lat' dir='ltr'><strong>autem</strong></span> <span class='ocrx_word' id='word_1_331' title='bbox 1790 4480 1827 4548; x_wconf 78' lang='lat' dir='ltr'><strong>x3</strong></span> <span class='ocrx_word' id='word_1_332' title='bbox 1851 4475 1959 4531; x_wconf 90' lang='lat' dir='ltr'><strong>actum</strong></span> <span class='ocrx_word' id='word_1_333' title='bbox 1983 4464 2177 4547; x_wconf 82' lang='lat' dir='ltr'><strong>Strazburc3</strong></span> 
     </span>
     <span class='ocr_line' id='line_1_35' title="bbox 521 4573 1027 4638; baseline 0 -1"><span class='ocrx_word' id='word_1_334' title='bbox 521 4573 661 4638; x_wconf 88' lang='lat' dir='ltr'><strong>feliciter</strong></span> <span class='ocrx_word' id='word_1_335' title='bbox 683 4595 778 4638; x_wconf 89' lang='lat' dir='ltr'><strong>amen</strong></span> <span class='ocrx_word' id='word_1_336' title='bbox 802 4595 898 4638; x_wconf 90' lang='lat' dir='ltr'><strong>amen</strong></span> <span class='ocrx_word' id='word_1_337' title='bbox 921 4595 1027 4638; x_wconf 88' lang='lat' dir='ltr'><strong>amen.</strong></span> 
     </span>
    </p>
   </div>
   <div class='ocr_carea' id='block_1_9' title="bbox 521 4891 2132 5279">
    <p class='ocr_par' dir='ltr' id='par_1_11' title="bbox 521 4891 2132 5279">
     <span class='ocr_line' id='line_1_36' title="bbox 1308 4891 1397 4978; baseline 0.011 -1"><span class='ocrx_word' id='word_1_338' title='bbox 1308 4891 1397 4978; x_wconf 81' lang='grc'><strong>500.</strong></span> 
     </span>
     <span class='ocr_line' id='line_1_37' title="bbox 521 5052 1763 5152; baseline -0.002 -24"><span class='ocrx_word' id='word_1_339' title='bbox 521 5055 701 5130; x_wconf 75' lang='lat' dir='ltr'><strong>Heinrich</strong></span> <span class='ocrx_word' id='word_1_340' title='bbox 725 5053 911 5129; x_wconf 78' lang='lat' dir='ltr'><strong>orhandet</strong></span> <span class='ocrx_word' id='word_1_341' title='bbox 926 5053 1098 5152; x_wconf 73' lang='lat' dir='ltr'><strong>sairdas</strong></span> <span class='ocrx_word' id='word_1_342' title='bbox 1124 5054 1271 5129; x_wconf 82' lang='lat' dir='ltr'><strong>Kloster</strong></span> <span class='ocrx_word' id='word_1_343' title='bbox 1297 5052 1334 5129; x_wconf 82' lang='lat' dir='ltr'><strong>S.</strong></span> <span class='ocrx_word' id='word_1_344' title='bbox 1355 5053 1538 5126; x_wconf 78' lang='lat' dir='ltr'><strong>Mociruin</strong></span> <span class='ocrx_word' id='word_1_345' title='bbox 1564 5053 1621 5127; x_wconf 82' lang='lat' dir='ltr'><strong>bei</strong></span> <span class='ocrx_word' id='word_1_346' title='bbox 1648 5052 1763 5126; x_wconf 84' lang='lat' dir='ltr'><strong>Trier.</strong></span> 
     </span>
     <span class='ocr_line' id='line_1_38' title="bbox 1674 5216 2132 5279; baseline 0.002 -3"><span class='ocrx_word' id='word_1_347' title='bbox 1674 5217 1776 5276; x_wconf 72' lang='lat' dir='ltr'><strong>„llrrinz</strong></span> <span class='ocrx_word' id='word_1_348' title='bbox 1799 5217 1878 5279; x_wconf 76' lang='lat'><em>1023</em></span> <span class='ocrx_word' id='word_1_349' title='bbox 1901 5216 2061 5276; x_wconf 76' lang='lat' dir='ltr'><strong>Novoaoer</strong></span> <span class='ocrx_word' id='word_1_350' title='bbox 2083 5218 2132 5277; x_wconf 87' lang='grc'><strong>30.</strong></span> 
     </span>
    </p>
   </div>
   <div class='ocr_carea' id='block_1_10' title="bbox 629 5411 2178 5589">
    <p class='ocr_par' dir='ltr' id='par_1_12' title="bbox 629 5411 2178 5589">
     <span class='ocr_line' id='line_1_39' title="bbox 633 5411 2178 5490; baseline -0.003 -14"><span class='ocrx_word' id='word_1_351' title='bbox 633 5416 778 5487; x_wconf 75' lang='lat' dir='ltr'><strong>Urlcnndc,</strong></span> <span class='ocrx_word' id='word_1_352' title='bbox 800 5416 977 5490; x_wconf 62' lang='lat' dir='ltr'><strong>praehendas</strong></span> <span class='ocrx_word' id='word_1_353' title='bbox 1001 5434 1047 5474; x_wconf 84' lang='lat' dir='ltr'><strong>um</strong></span> <span class='ocrx_word' id='word_1_354' title='bbox 1070 5415 1124 5474; x_wconf 85' lang='lat' dir='ltr'><strong>das</strong></span> <span class='ocrx_word' id='word_1_355' title='bbox 1143 5415 1223 5474; x_wconf 83' lang='lat' dir='ltr'><strong>Johr</strong></span> <span class='ocrx_word' id='word_1_356' title='bbox 1242 5416 1329 5484; x_wconf 85' lang='lat'><em>1116,</em></span> <span class='ocrx_word' id='word_1_357' title='bbox 1352 5415 1384 5473; x_wconf 85' lang='lat' dir='ltr'><strong>iu</strong></span> <span class='ocrx_word' id='word_1_358' title='bbox 1406 5411 1608 5486; x_wconf 78' lang='lat' dir='ltr'><strong>Diplornsorm</strong></span> <span class='ocrx_word' id='word_1_359' title='bbox 1630 5413 1671 5472; x_wconf 84' lang='lat' dir='ltr'><strong>im</strong></span> <span class='ocrx_word' id='word_1_360' title='bbox 1692 5412 1760 5473; x_wconf 74' lang='lat' dir='ltr'><strong>cod.</strong></span> <span class='ocrx_word' id='word_1_361' title='bbox 1780 5413 1831 5472; x_wconf 89' lang='lat' dir='ltr'><strong>lot.</strong></span> <span class='ocrx_word' id='word_1_362' title='bbox 1851 5414 1933 5472; x_wconf 84' lang='lat'><strong><em>9266</em></strong></span> <span class='ocrx_word' id='word_1_363' title='bbox 1954 5412 2007 5471; x_wconf 84' lang='lat' dir='ltr'><strong>der</strong></span> <span class='ocrx_word' id='word_1_364' title='bbox 2024 5411 2178 5472; x_wconf 79' lang='lat' dir='ltr'><strong>Notioaol·</strong></span> 
     </span>
     <span class='ocr_line' id='line_1_40' title="bbox 629 5522 1051 5589; baseline 0 -6"><span class='ocrx_word' id='word_1_365' title='bbox 629 5524 781 5584; x_wconf 78' lang='lat' dir='ltr'><strong>bibliothelr</strong></span> <span class='ocrx_word' id='word_1_366' title='bbox 804 5542 839 5582; x_wconf 81' lang='lat' dir='ltr'><strong>ze</strong></span> <span class='ocrx_word' id='word_1_367' title='bbox 861 5522 954 5582; x_wconf 72' lang='lat' dir='ltr'><strong>Poris</strong></span> <span class='ocrx_word' id='word_1_368' title='bbox 978 5523 1051 5589; x_wconf 79' lang='lat' dir='ltr'><em>(A).</em></span> 
     </span>
    </p>
   </div>
   <div class='ocr_carea' id='block_1_11' title="bbox 592 5741 2225 5884">
    <p class='ocr_par' dir='ltr' id='par_1_13' title="bbox 592 5741 2225 5884">
     <span class='ocr_line' id='line_1_41' title="bbox 592 5741 2225 5868; baseline -0.005 -70"><span class='ocrx_word' id='word_1_369' title='bbox 592 5743 657 5802; x_wconf 73' lang='lat' dir='ltr'><strong>tat).</strong></span> <span class='ocrx_word' id='word_1_370' title='bbox 682 5744 829 5868; x_wconf 48' lang='lat' dir='ltr'><strong>[Brwu]</strong></span> <span class='ocrx_word' id='word_1_371' title='bbox 872 5748 900 5813; x_wconf 86' lang='lat' dir='ltr'><strong>a)</strong></span> <span class='ocrx_word' id='word_1_372' title='bbox 927 5762 973 5796; x_wconf 84' lang='lat' dir='ltr'><strong>om</strong></span> <span class='ocrx_word' id='word_1_373' title='bbox 998 5746 1176 5797; x_wconf 63' lang='lat' dir='ltr'><strong>aOoweaar</strong></span> <span class='ocrx_word' id='word_1_374' title='bbox 1255 5741 1284 5808; x_wconf 93' lang='lat' dir='ltr'><strong>b)</strong></span> <span class='ocrx_word' id='word_1_375' title='bbox 1311 5750 1342 5794; x_wconf 87' lang='lat'><strong>11.</strong></span> <span class='ocrx_word' id='word_1_376' title='bbox 1357 5756 1420 5798; x_wconf 86' lang='lat' dir='ltr'><strong>non.</strong></span> <span class='ocrx_word' id='word_1_377' title='bbox 1440 5756 1503 5797; x_wconf 83' lang='lat' dir='ltr'><strong>nor.</strong></span> <span class='ocrx_word' id='word_1_378' title='bbox 1521 5742 1741 5795; x_wconf 66' lang='lat' dir='ltr'><strong>retrahentes</strong></span> <span class='ocrx_word' id='word_1_379' title='bbox 1765 5745 1794 5795; x_wconf 77' lang='lat' dir='ltr'><strong>in</strong></span> <span class='ocrx_word' id='word_1_380' title='bbox 1819 5742 1908 5807; x_wconf 67' lang='lat' dir='ltr'><strong>dufer</strong></span> <span class='ocrx_word' id='word_1_381' title='bbox 1931 5741 2064 5808; x_wconf 61' lang='lat' dir='ltr'><strong>ecloum</strong></span> <span class='ocrx_word' id='word_1_382' title='bbox 2088 5741 2180 5793; x_wconf 62' lang='lat' dir='ltr'><strong>Licha</strong></span> <span class='ocrx_word' id='word_1_383' title='bbox 2196 5752 2225 5790; x_wconf 76' lang='lat' dir='ltr'><strong>eo</strong></span> 
     </span>
     <span class='ocr_line' id='line_1_42' title="bbox 682 5834 886 5884; baseline 0.015 -14"><span class='ocrx_word' id='word_1_384' title='bbox 682 5835 769 5883; x_wconf 80' lang='lat' dir='ltr'><strong>uocq</strong></span> <span class='ocrx_word' id='word_1_385' title='bbox 794 5834 886 5884; x_wconf 77' lang='lat' dir='ltr'><strong>rupen.</strong></span> 
     </span>
    </p>
   </div>
   <div class='ocr_carea' id='block_1_12' title="bbox 0 0 2428 6484">
    <p class='ocr_par' dir='ltr' id='par_1_14' title="bbox 0 0 2428 6484">
     <span class='ocr_line' id='line_1_43' title="bbox 0 0 2428 6484; baseline 0 0"><span class='ocrx_word' id='word_1_386' title='bbox 0 0 2428 6484; x_wconf 95' lang='lat' dir='ltr'><strong> </strong></span> 
     </span>
    </p>
   </div>
  </div>
 </body>
</html>
