4804 6498
840 474 1076 530 HEINRICH
1098 476 1136 530 Π.
1180 475 1275 533 1004.
1846 467 1885 528 19

337 671 489 746 (Β66666)
515 669 658 732 06666666
679 689 735 731 voa
756 671 811 731 666
832 670 1027 747 6166696666666
1046 671 1168 732 ΤΙΙΙΙ
1181 672 1270 733 116666.
1295 702 1340 712 -—
1362 671 1548 748 1ιο669166.
1573 674 1605 741 8,
1621 672 1683 730 760
1704 672 1811 730 61179
1834 688 1887 729 aas

335 778 489 850 Absclrift
510 799 553 826 =
576 777 736 850 1666666616
757 777 805 837 De
826 777 1174 855 66666666661166666669.
1195 781 1237 839 26
1259 781 1313 839 mit
1332 780 1581 853 Verbeeseruaqen.
1605 807 1650 816 -
1671 776 1887 837 Pom-Krete

336 884 475 946 86666666
496 885 622 945 Melissea
644 887 673 955 1,
695 886 755 944 366
776 887 810 943 a⁰
828 886 870 946 50
891 902 945 944 666
967 886 1004 946 Α.
1032 915 1077 924 -
1102 885 1165 946 CD.
1191 885 1339 946 86666666
1360 886 1456 961 669666
1479 884 1507 956 Ι,
1528 886 1558 955 1,
1577 886 1642 943 282
1664 886 1697 943 n⁰
1716 886 1757 943 56
1778 884 1885 943 666611-

335 993 450 1068 6666669
473 1011 527 1053 aas
549 993 585 1052 A.
610 1022 654 1031 -
677 992 859 1052 Dobeneclrer
876 991 947 1067 1169.
965 993 1034 1053 604.
1060 1022 1103 1031 -
1125 992 1254 1053 Β66666
1273 992 1345 1069 Rea.
1363 994 1431 1051 948.
1457 1021 1501 1031 -
1525 990 1840 1065 6666966691373.

342 1135 475 1207 Verterat
495 1136 556 1195 666
576 1135 754 1210 9666666666
775 1153 831 1193 voa
853 1133 920 1204 EA,
949 1135 1004 1209 696.
1029 1134 1076 1193 die
1098 1135 1324 1209 Verbemerleurp
1345 1152 1382 1194 66
1404 1134 1444 1193 D.
1466 1136 1513 1193 63.
1558 1133 1619 1193 Voo
1642 1134 1696 1192 666
1718 1150 1773 1191 ens
1793 1133 1885 1192 66666·

337 1248 418 1301 66666
439 1242 548 1302 6666666
574 1241 730 1301 06666666
753 1242 807 1312 fur
828 1239 996 1315 Mersebarq
1021 1241 1088 1300 sind
1110 1240 1179 1301 DO.
1199 1240 1245 1301 II.
1265 1243 1306 1301 89
1326 1241 1407 1308 (VU.
1428 1241 1476 1311 Ι),
1500 1239 1569 1299 DO.
1590 1240 1616 1299 I.
1638 1240 1713 1299 373⁰
1732 1238 1813 1306 (VU.
1831 1238 1885 1307 II)

336 1349 396 1409 666
417 1348 486 1408 Do.
511 1349 557 1408 II.
581 1351 644 1411 200
667 1348 748 1415 (VU.
774 1346 846 1416 ΙΠ)
875 1348 908 1406 in
940 1348 992 1407 der
1022 1350 1158 1424 unsripeo
1190 1350 1308 1408 6666666.
1363 1348 1421 1407 Die
1452 1346 1552 1417 Stella,
1584 1348 1631 1406 die
1661 1348 1723 1407 6666
1754 1348 1814 1418 aas
1841 1346 1888 1405 die

338 1455 535 1515 0666666666
561 1456 593 1515 io
615 1455 783 1530 Mersebarq
804 1455 889 1514 solbet
911 1455 1031 1525 beziebt,
1060 1456 1124 1530 9666
1150 1455 1290 1515 6661661666
1312 1458 1372 1527 aas
1389 1456 1436 1514 ein
1464 1455 1544 1514 66666
1566 1455 1722 1514 6666666666
1744 1452 1813 1512 Do,
1838 1452 1885 1512 H.

336 1563 454 1634 666666,
482 1582 538 1623 666
559 1563 623 1622 dem
648 1563 799 1622 Thietmar
820 1564 887 1632 3,1
909 1562 981 1621 necle
1007 1567 1129 1637 9666666
1157 1581 1193 1621 66
1219 1563 1309 1622 babeo
1336 1563 1452 1621 6666666.
1484 1591 1529 1600 -
1557 1559 1596 1619 16
1625 1579 1754 1620 meroem
1777 1559 1817 1618 D.
1848 1561 1886 1619 iat

336 1670 383 1730 dic
408 1670 492 1729 Tinte
520 1670 647 1741 61666666
675 1670 839 1745 6696666666
868 1670 937 1728 oder
966 1669 1178 1744 obpespruapcn
1208 1669 1268 1728 666
1296 1670 1343 1728 die
1370 1669 1485 1740 Sebrift
1513 1688 1552 1728 66
1581 1668 1671 1727 666166
1700 1667 1806 1727 seeum
1833 1667 1888 1726 mit

336 1777 460 1836 endem
477 1776 562 1835 ’.16666
583 1794 638 1835 666
655 1777 739 1835 61666
760 1776 976 1835 «1666666666
993 1776 1135 1850 96696666
1158 1776 1250 1835 Hand
1272 1776 1471 1851 6666966966,
1494 1776 1580 1835 dorm
1595 1774 1805 1850 1696666696
1826 1773 1887 1833 siet

331 1883 435 1958 966666
457 1902 495 1942 66
517 1884 628 1957 einiger
650 1881 756 1942 Stellas
778 1883 824 1941 666
853 1882 998 1958 66666669
1023 1883 1158 1942 erweiseo
1180 1884 1282 1942 666666.
1330 1882 1434 1942 &weit
1456 1883 1503 1942 die
1531 1882 1751 1957 666966691666
1773 1879 1888 1952 6666666

337 1990 398 2049 siclt
426 1990 505 2049 66666
534 1989 604 2049 6666
625 1988 716 2047 darell
742 1989 789 2048 die
819 1989 862 2048 bei
890 2007 1046 2063 96666666
1072 1988 1285 2064 0666666669
1314 1990 1507 2049 6666666666
1536 1990 1613 2048 altere
1640 1987 1887 2047 Foderciadrrldse

338 2097 391 2157 mit
420 2095 579 2156 6666666666
606 2096 757 2169 6666667166
786 2096 867 2165 liess,
897 2096 986 2155 66666
1016 2097 1073 2154 retr
1101 2091 1142 2154 Α]
1163 2094 1240 2155 BO
1266 2115 1319 2156 zur
1347 2096 1523 2171 1691666669
1551 2096 1772 2170 6666966966,
1801 2094 1886 2153 deren

343 2204 500 2263 variamen
522 2202 592 2261 aber
620 2221 677 2260 oar
698 2201 738 2261 66
767 2202 948 2272 6666666666,
978 2221 1022 2261 wo
1044 2203 1166 2275 Zweisel
1192 2203 1262 2262 6666
1284 2203 1331 2262 die
1357 2203 1478 2278 riebtiye
1500 2201 1613 2276 166669
1635 2201 1757 2276 669666
1777 2219 1884 2260 worm.

338 2311 386 2369 Aa
413 2310 493 2370 einer
522 2307 608 2368 stelle
634 2313 747 2378 6666666,
777 2309 817 2367 da
838 2308 910 2367 6666
937 2309 992 2368 den
1013 2309 1211 2384 Verferts'pem
1232 2309 1326 2369 dieser
1347 2309 1534 2380 Abscbriften
1562 2309 1616 2368 das
1638 2307 1678 2367 D.
1702 2307 1787 2367 sebon
1810 2307 1887 2367 nicbt

337 2417 418 2476 nrebr
438 2416 472 2476 66
493 2433 566 2491 9666
587 2416 786 2474 6666666666·
802 2415 914 2474 066616
935 2416 1098 2491 6669666966
1119 2435 1155 2475 za
1176 2416 1397 2486 1666666666,
1420 2416 1481 2487 aas
1497 2415 1545 2474 die
1563 2414 1752 2475 7666666666
1768 2413 1886 2473 wratek·

337 2523 476 2599 yepriffen
499 2523 620 2582 6666666.
651 2551 695 2560 -
725 2522 788 2580 Zur
810 2521 975 2597 06666669
996 2523 1051 2597 696.
1079 2522 1116 2582 N.
1141 2520 1707 2596 66666620,1346ῑ.,·6661)666669
1729 2521 1780 2580 der
1806 2520 1885 2581 Oro·

337 2649 440 2689 nomen
467 2629 523 2705 696.
555 2629 657 2688 reete
678 2628 877 2688 Krtstermeoo
906 2629 938 2687 in
960 2628 1041 2688 Neue
1062 2628 1199 2689 Mittbeil.
1231 2646 1284 2688 666
1313 2629 1375 2688 dem
1400 2628 1499 2687 (166666
1524 2628 1787 2702 historiast-antiq.
1813 2627 1885 2687 For-

187 2759 214 2800 ao
337 2735 666 2811 6666696616171971.

338 2912 396 2986 (C.)
426 2903 444 2993 ᾖ
472 2904 513 2969 In
541 2905 672 2968 nomine
700 2914 834 2969 sanctae
857 2915 890 2969 66
911 2903 1101 2969 individuae
1124 2905 1286 2969 trinitatis.
1333 2905 1509 2969 Heinricus
1532 2904 1645 2968 divina
1667 2903 1798 2968 favente
1822 2903 1884 2969 cle·
1986 2943 1988 2946 >

230 3014 353 3077 mentia
381 3034 451 3076 rex.
565 3011 686 3076 Notum
715 3010 836 3076 habeat
865 3009 1027 3076 catholica
1055 3012 1153 3076 totius
1183 3010 1271 3076 orbis
1301 3024 1460 3076 terrarum
1491 3010 1633 3076 eeclesia
1662 3021 1695 3074 et
1728 3012 1884 3099 precipue

229 3130 297 3184 tam
319 3141 454 3207 presens
472 3116 618 3183 fidelium
636 3128 819 3182 nostrorum
842 3116 1003 3183 industria
1021 3140 1120 3205 quam
1139 3141 1252 3183 eornm
1274 3116 1291 3207 ξ
1315 3141 1358 3183 ex
1377 3130 1444 3183 toto
1467 3118 1639 3204 posteritas
1662 3117 1782 3200 futrura,
1806 3141 1884 3204 qua·

229 3226 303 3291 liter
325 3227 381 3312 pia
410 3227 444 3289 in
468 3224 565 3290 deum
587 3226 699 3311 magni
723 3225 852 3290 Ottonis
882 3225 1087 3311 imperatoris
1111 3224 1254 3290 sollertia
1277 3236 1425 3289 sanctam
1448 3223 1730 3311 Merseburgensis
1760 3224 1883 3291 aeccle·

185 3334 299 3398 assiae
322 3332 433 3398 sedem
452 3333 611 3419 episcopii
634 3333 765 3398 nomine
788 3332 995 3397 inhonorem
1013 3333 1117 3396 sancti
1133 3331 1289 3397 Iohannis
1308 3331 1471 3419 baptistae
1495 3342 1745 3417 sanctorumque
1763 3329 1884 3396 Christi

228 3450 408 3527 martyrum
422 3439 592 3504 Laurentii
615 3460 656 3504 ac
670 3438 809 3504 Romani
833 3461 876 3504 ex
898 3440 966 3504 voti
985 3437 1095 3503 debito
1115 3439 1266 3525 primitus
1286 3440 1426 3520 ornavit,
1447 3437 1661 3524 ordinatoque
1685 3436 1733 3503 ibi
1753 3448 1884 3525 pastore

228 3546 380 3634 pervigili
402 3546 555 3610 366666*ι
578 3543 787 3610 facultatibus
811 3557 844 3609 et
866 3544 1049 3631 sumptibus
1078 3547 1273 3610 necessariis
1303 3544 1410 3610 locum
1433 3567 1492 3631 pro
1515 3557 1662 3632 tempore
1685 3543 1883 3627 sublimavit,

230 3652 349 3718 additis
372 3675 430 3718 suo
450 3651 569 3718 debitis
593 3652 732 3717 servicio
756 3663 824 3716 tam
847 3651 1006 3717 reditibus
1025 3675 1123 3739 quam
1146 3653 1302 3739 praediis,
1326 3664 1371 3734 ut,
1396 3675 1460 3742 que
1484 3651 1538 3717 hle
1562 3674 1637 3716 cum
1655 3650 1884 3717 benedictione

229 3759 293 3824 sibi
308 3759 531 3846 temporaliter
544 3760 695 3824 minuens
715 3769 895 3845 spargeret
916 3769 1050 3823 aeterna
1065 3782 1176 3824 coram
1191 3759 1254 3824 deo
1269 3758 1506 3824 lucrificatione
1526 3758 1721 3845 recolligens
1737 3770 1882 3824 meteret

184 3889 212 3929 66
230 3865 358 3948 Quibus
382 3866 423 3931 de
445 3865 555 3931 medio
576 3864 811 3931 decedentibus
835 3877 868 3929 et
887 3864 1064 3931 Gisilhario
1088 3867 1242 3953 episcopo
1267 3864 1474 3947 succedente,
1499 3864 1689 3931 honorabile
1713 3864 1794 3930 illud
1816 3866 1884 3953 epi·

229 3975 333 4060 scopii
351 3985 451 4060 caput
474 3983 507 4037 et
528 3995 648 4038 nomen
670 3973 704 4036 in
728 3971 894 4037 abbatiam
914 3971 1067 4037 flebiliter
1085 3983 1318 4037 commutatum
1341 3973 1375 4036 in
1399 3972 1651 4059 archiepiscopii
1666 3970 1883 4059 Magedebur-

228 4082 338 4168 gensis
362 4081 537 4145 servicium
558 4078 763 4166 quorundam
785 4090 821 4144 ut
843 4080 890 4143 ita
908 4079 1055 4144 dicamus
1078 4079 1322 4145 inconsiderata
1343 4077 1459 4165 religio
1482 4101 1586 4165 usque
1609 4078 1652 4143 ad
1676 4090 1787 4143 nostra
1805 4091 1883 4143 tem·

228 4211 310 4275 pora
332 4188 586 4273 transmigravit.
633 4185 700 4251 Nos
731 4188 852 4273 itaque,
876 4185 1000 4274 di[vino
1025 4185 1095 4275 ut]b
1119 4185 1282 4251 credimus
1309 4187 1465 4251 instinctu
1486 4208 1651 4251 unacum
1674 4185 1884 4250 dilectissima

229 4294 323 4360 nobis
352 4295 491 4381 coniuge
521 4305 554 4358 et
582 4316 758 4380 regnorum
788 4304 937 4357 consorte
961 4291 1159 4379 Ounigunda
1187 4293 1370 4380 praefatam
1400 4291 1512 4358 sedem
1543 4315 1697 4379 reparare
1726 4292 1883 4374 volentes,

185 4423 212 4464 rs
229 4412 355 4467 mortuo
380 4399 556 4465 Gisilhaiio
581 4401 735 4486 episcopo
759 4412 872 4465 votum
895 4399 1015 4465 effectu
1037 4399 1283 4487 complevimus,
1314 4400 1526 4486 institutoque
1556 4397 1679 4463 ibidem
1702 4397 1883 4463 venerabili

230 4506 271 4572 de
298 4519 409 4572 nostra
435 4507 563 4594 capella
591 4506 742 4594 praesule
766 4506 948 4593 Uuipperto
979 4508 1098 4589 omnia,
1129 4530 1193 4595 que
1224 4505 1371 4593 quolibet
1398 4504 1507 4595 mod[o
1536 4504 1578 4569 ab
1608 4504 1884 4594 antecessorilbus

230 4616 347 4679 nostris
376 4613 509 4700 regibus
540 4624 573 4678 et
604 4612 854 4701 imperatoribus
887 4612 1009 4677 ibidem
1040 4613 1206 4700 quondam
1238 4612 1359 4677 tradita
1387 4611 1442 4677 vel
1471 4622 1722 4699 praeceptorum
1754 4613 1883 4698 scriptis

230 4720 457 4787 commendata
486 4732 543 4786 ant
571 4721 681 4807 aliquo
709 4719 806 4784 modo
835 4719 965 4784 fuerant
994 4720 1070 4785 inde
1101 4719 1302 4801 abalienata,
1333 4718 1560 4805 recollegimus
1588 4730 1621 4783 et
1651 4729 1784 4784 sanetae
1814 4718 1884 4783 sedi

229 4827 276 4893 1111
305 4851 365 4916 per
393 4828 455 4894 hoc
485 4829 596 4916 regiae
626 4828 806 4892 maiestatis
836 4828 965 4914 insigne
996 4828 1271 4910 confirmavimus,
1301 4826 1335 4891 id
1366 4838 1416 4891 est
1443 4840 1580 4906 quandam
1606 4825 1689 4912 regii
1719 4825 1883 4911 quondam
1907 4852 1918 4892 1

183 4951 296 5000 sciuris
327 4952 466 5001 civitatem
497 4949 671 5001 Zuenlrouua
703 4943 933 5014 [nuncupatam]e
970 4950 999 4999 iu
1033 4950 1146 5015 regione
1182 4948 1305 4999 Schutizi
1329 4960 1346 4993 6
1373 4949 1454 4999 sitam
1486 4956 1561 4997 eum
1594 4955 1652 4998 suo
1684 4933 1884 4997 nominative

228 5043 349 5108 foresto
373 5053 405 5107 et
427 5043 561 5129 reliquis
584 5042 789 5129 pertinentiis
813 5042 882 5106 eius
907 5065 950 5107 ex
972 5051 1050 5124 toto,
1074 5052 1198 5106 curtem
1215 5064 1345 5128 quoque
1369 5041 1494 5127 regiam
1517 5062 1592 5104 cum
1616 5038 1776 5104 aediliciis
1799 5038 1885 5103 infra

227 5148 343 5215 urbem
372 5149 566 5235 Merseburg
594 5149 733 5235 positam
764 5159 797 5212 et
827 5149 937 5213 omnia
963 5148 1095 5213 curtilia
1124 5148 1209 5212 infra
1239 5158 1271 5212 et
1301 5159 1396 5212 extna
1427 5146 1542 5212 urbem
1570 5170 1634 5233 que
1667 5147 1884 5232 negotiatores

315 5352 362 5412 64.
388 5352 647 5424 [Breuni-Bloch]
712 5354 738 5422 a)
757 5371 802 5405 am
819 5361 906 5407 666666
924 5370 940 5406 ο
960 5354 1110 5420 comedar,
1133 5353 1257 5405 6661166666
1275 5370 1327 5406 aaa
1344 5370 1362 5405 v
1449 5353 1478 5421 b)
1496 5353 1531 5413 0;
1549 5354 1579 5404 66
1598 5355 1624 5405 Α
1643 5353 1732 5405 linter
1750 5350 1777 5403 di
1796 5352 1885 5404 Molee

387 5444 438 5479 666
454 5434 520 5479 awa
538 5431 639 5487 8mm;
665 5426 757 5494 itaque
783 5429 815 5477 ut
840 5424 976 5479 credimus
1000 5426 1050 5493 A¹;
1078 5423 1187 5478 sinistro
1213 5429 1244 5477 ut
1268 5423 1405 5478 credimus
1431 5424 1463 5479 B.
1508 5423 1567 5476 Der
1591 5424 1813 5476 Buelsstabenrert
1837 5439 1886 5477 ror

387 5496 522 5551 credimus
544 5498 644 5551 6666666
665 5498 814 5564 6616666696
830 5499 913 5549 ciuem
932 5514 949 5550 o
967 5496 1163 5563 6666966666,
1188 5498 1223 5548 iet
1248 5496 1312 5549 aber
1336 5498 1386 5547 mit
1410 5497 1459 5547 der
1482 5500 1606 5562 spdterea
1628 5496 1705 5548 Te'nte
1728 5494 1884 5563 alderman,

387 5570 444 5622 666
461 5587 518 5623 was
534 5570 728 5636 urspranybaa
744 5568 910 5635 96666νί6666
928 5585 995 5633 war,
1022 5571 1058 5619 iet
1081 5568 1156 5619 nicbt
1180 5584 1215 5619 zu
1233 5568 1366 5620 erkennm
1455 5565 1483 5632 6)
1500 5566 1590 5619 Lache
1608 5583 1657 5619 666
1675 5573 1741 5619 elwa
1760 5570 1785 5630 1,
1798 5571 1815 5619 5
1827 5583 1886 5629 cers,-

386 5647 505 5708 6696666,
523 5641 561 5692 du
578 5641 648 5693 6666
667 5641 764 5692 06666
782 5646 895 5707 6666696,
914 5656 965 5692 aus
982 5641 1031 5692 der
1044 5639 1104 5694 VU.
1117 5639 1175 5694 Do.
1193 5639 1232 5694 ΙΙ.
1251 5642 1294 5693 89.
1307 5639 1351 5692 ,Αι
1368 5639 1443 5692 bestat
1460 5636 1606 5691 Zveuliov
1625 5637 1706 5691 sitam
1724 5638 1754 5691 in
1771 5638 1885 5708 regione

388 5710 521 5766 Schudica
533 5711 623 5779 616616,
635 5729 691 5764 wer
702 5711 854 5777 66669666
867 5714 910 5765 or.
938 5712 972 5763 In
985 5711 1011 5764 B
1023 5710 1167 5775 [66166666
1178 5712 1266 5763 Worte
1276 5710 1405 5763 66666666
1417 5707 1641 5763 confirmavimus
1653 5710 1711 5762 und
1722 5709 1750 5762 in
1763 5708 1883 5778 regions.

387 5785 421 5836 16
439 5786 465 5837 Δ
483 5786 519 5836 ist
536 5785 585 5836 der
602 5783 822 5836 Buehetabenrest
840 5798 888 5834 ror
905 5781 934 5835 iu
952 5783 1027 5835 m'cbt
1042 5782 1130 5834 666666
1147 5781 1314 5845 ahrabam·
1338 5782 1445 5848 9666666
1470 5798 1500 5833 er
1523 5797 1558 5832 zu
1583 5784 1667 5847 66666
1685 5785 1720 5843 66,
1746 5797 1776 5833 so
1794 5782 1885 5835 6666666

387 5857 435 5907 der
452 5856 542 5907 Raam
561 5856 613 5919 far
630 5858 817 5922 nuncupatam
835 5855 909 5907 61666
926 5855 1083 5907 currulem
1101 5854 1158 5905 aad
1174 5860 1240 5906 6666
1258 5856 1385 5906 vocatam
1404 5856 1432 5905 et
1449 5869 1484 5904 zu
1503 5853 1571 5906 16666
1589 5856 1646 5905 sein
