4798 6486
830 372 1068 429 HEINRICH
1091 373 1129 429 Π.
1163 372 1260 430 1020.
1822 370 1886 434 539

229 576 341 627 incultis
361 577 479 627 exitibus
499 584 526 626 et
545 575 678 626 reditibus
698 562 761 625 viis
781 571 813 625 et
832 562 928 625 inviis
948 577 1062 643 quesitis
1082 573 1114 625 et
1132 576 1303 640 inquirendis
1322 578 1529 644 omnibusque,
1550 595 1602 647 que
1622 580 1717 631 dictis
1737 564 1886 630 denotari

230 689 345 750 possunt
361 690 409 734 aut
425 684 546 749 scriptis
563 696 591 741 a,
609 682 642 733 de
659 689 754 733 nostro
772 683 830 732 iure
848 698 880 732 uc
896 682 1017 733 dominio
1034 684 1062 732 iu
1080 683 1138 732 eius
1160 666 1316 733 ditionem
1336 700 1385 750 per
1403 685 1473 734 hauc
1492 692 1614 736 nostram
1632 687 1761 753 paginam
1779 686 1886 752 potenti

230 806 313 841 uranu
338 790 523 851 concedimus,
549 806 589 841 ea
615 788 746 840 videlicet
772 791 897 839 ratione
925 796 954 839 ut
980 789 1121 855 praefatus
1147 791 1295 856 episcopus
1321 791 1418 856 suique
1444 807 1620 844 successores
1638 805 1655 839 s
1676 792 1790 843 liberam
1809 776 1886 842 inde

230 899 350 949 habeant
367 904 531 964 potestatem
551 897 682 962 quicquid
702 898 741 946 eis
761 894 896 963 placuerit
921 896 1041 946 faciendi
1067 897 1102 946 ad
1128 913 1220 946 eorum
1247 904 1339 947 tamen
1358 897 1505 949 utilitatem
1525 898 1642 969 ecclesie
1663 908 1720 974 sup
1737 912 1764 949 a.
1801 898 1836 948 Et
1856 904 1887 948 ut

194 1015 208 1054 t
230 1005 280 1075 hec
307 1011 398 1073 nostre
425 1004 580 1055 traditionis
606 1005 756 1054 auctoritas
783 1003 883 1054 firmior
909 1005 983 1053 omni
1009 1003 1143 1054 habeatur
1168 1010 1300 1070 ternpore,
1327 1006 1380 1055 hoc
1406 1014 1583 1072 praeceptum
1609 1008 1673 1058 inde
1699 1007 1886 1072 conscriptum

232 1105 363 1178 propria(1
382 1128 463 1161 manu
483 1111 756 1161 confirmavimus
776 1117 804 1161 et
822 1109 914 1175 sigillo
933 1119 1027 1160 nostro
1046 1111 1173 1177 insigniri
1191 1112 1329 1161 iussimus.

338 1238 355 1328 3
379 1239 516 1327 Signum
540 1238 651 1304 domni
673 1239 824 1304 Heinrici
847 1238 1053 1304 invictissimi
1075 1240 1294 1304 Romanorum
1319 1248 1383 1319 (Μ.)
1406 1242 1611 1328 imperatoris
1636 1238 1813 1330 augustii

338 1382 356 1472 ᾖ
380 1381 581 1447 Guntherius
604 1380 819 1447 cancellarius
843 1381 884 1445 ad
907 1382 1014 1446 vicem
1037 1380 1254 1447 Erckinbaldi
1277 1382 1532 1470 archicapellani
1554 1384 1740 1469 recognovi.
1760 1381 1797 1472 {⁰

338 1526 428 1590 Data
443 1540 520 1589 VIII.
539 1525 700 1590 haimai.
719 1523 897 1588 indictione
914 1539 966 1605 III,
982 1547 1068 1589 anno
1085 1524 1267 1589 dominicae
1283 1526 1516 1590 incarnationis
1532 1525 1702 1590 millesimo
1719 1526 1886 1608 vicesimo,

188 1656 215 1696 10
233 1657 318 1698 auno
348 1656 426 1697 vero
458 1632 568 1698 domni
598 1632 748 1696 Heinrici
778 1631 983 1718 imperatoris
1013 1633 1180 1717 regnantia
1203 1646 1304 1715 XVIII,
1334 1633 1463 1718 imperii
1486 1648 1569 1716 VIII3
1605 1644 1714 1697 actum
1747 1631 1887 1721 {Baben-

232 1739 325 1823 berc;
354 1740 492 1805 feliciter
515 1737 650 1827 amends

1013 2003 1107 2090 425.

236 2168 413 2242 Heinrici
438 2168 603 2267 berduys
628 2166 706 2241 dem
733 2167 808 2239 Aut
831 2165 1008 2240 Benedici
1032 2166 1100 2241 das
1125 2166 1272 2240 Kloster
1294 2163 1332 2241 S.
1352 2163 1545 2241 Salvatore
1572 2166 1612 2241 di
1633 2163 1732 2244 Sesto
1759 2180 1890 2240 summi

235 2287 359 2362 desen
385 2286 623 2387 Besitzuupen
648 2286 729 2361 und
754 2286 813 2360 die
838 2285 1062 2359 Isnuzuuiic'it.
1408 2313 1553 2390 Bamberp
1575 2315 1657 2374 1020
1678 2315 1768 2388 Amo
1790 2316 1841 2373 25,

190 2507 216 2548 rs
345 2493 587 2568 Oripinuldiplum
610 2493 650 2550 im
673 2493 924 2563 erabisclilitliclzcn
947 2491 1057 2551 Archiv
1079 2510 1113 2550 zu
1136 2491 1234 2550 Letoce
1257 2491 1329 2558 (A).

346 2635 654 2695 Teumesi-Minucii
672 2637 702 2694 iu
722 2635 810 2694 Arclt.
830 2640 899 2693 stur.
919 2634 983 2692 ital.
1003 2632 1032 2705 I,
1052 2635 1092 2695 10
1111 2633 1233 2703 (1847),
1251 2634 1292 2692 24
1315 2634 1363 2693 cit.
1387 2651 1441 2693 uus
1458 2634 1495 2693 A.
1516 2663 1560 2672 —
1579 2633 1703 2709 Stamps
1715 2635 1790 2695 Acta
1811 2635 1887 2695 laed.

343 2744 404 2802 376
425 2746 458 2802 u⁰
471 2745 533 2802 269
555 2761 608 2801 uns
630 2743 667 2802 A.
691 2772 736 2780 -
759 2741 883 2815 Slumpf
896 2741 967 2816 Περ.
985 2742 1073 2801 1744.

348 2886 409 2945 Von
430 2891 508 2944 scusi
531 2886 608 2944 ruehl
632 2885 785 2944 beluunter
809 2884 900 2943 Hand
928 2884 1121 2959 peculatam,
1150 2883 1195 2942 uls
1221 2882 1342 2960 Vorlape
1370 2884 1465 2944 dicate
1493 2884 1547 2943 duc
1568 2884 1638 2944 Do.
1655 2883 1721 2945 ΙΙΙ,
1737 2886 1813 2959 219;
1843 2885 1890 2944 dic

343 2993 530 3067 nuszbaum
552 2993 604 3051 der
626 2992 814 3067 Bes-ilzuupcu
837 2993 876 3050 ici
897 2991 1192 3066 paeteritorum.
1239 2990 1304 3050 Der
1326 2990 1476 3051 Scireibcr
1497 2993 1549 3051 hut
1570 2993 1630 3051 sich
1653 2993 1793 3053 estwedcr
1814 2993 1891 3052 είηεε

344 3100 504 3174 Bluuquets
526 3100 646 3170 bedient,
675 3100 707 3157 iu
729 3100 783 3158 dus
805 3118 862 3157 nur
884 3099 931 3158 dic
954 3097 1143 3173 siquamzeile
1164 3099 1343 3174 ciupdrupca
1367 3118 1440 3169 war,
1470 3100 1539 3158 oder
1561 3117 1590 3159 es
1611 3100 1679 3159 aiud
1701 3100 1890 3175 fflcopudicu

345 3207 404 3266 und
426 3206 590 3281 Duliuunq
612 3213 711 3281 epuler
732 3207 937 3281 uucltpelrupen
961 3206 1084 3265 worden.

348 3392 405 3464 (C.)
429 3383 446 3474 ᾖ
469 3385 508 3449 In
531 3385 661 3449 nominc
685 3396 818 3448 sanctae
842 3395 875 3448 et
897 3383 1087 3449 individuae
1118 3384 1280 3448 trinitatis
1326 3384 1503 3449 Heinricus
1532 3385 1645 3450 divina
1674 3385 1804 3450 favente
1829 3385 1892 3451 cle·

238 3495 361 3558 mentia
382 3493 602 3557 Romanorum
626 3493 802 3578 imperator
824 3502 992 3578 augustus,
1066 3506 1095 3556 Si
1111 3514 1268 3556 sanctarum
1284 3505 1329 3555 dei
1346 3504 1543 3556 aecclesiarum
1561 3507 1672 3557 ordines
1688 3500 1894 3574 corroboraret
1936 3526 1939 3533 ·

239 3615 433 3673 studuerimus,
459 3614 653 3663 intercessores
678 3611 741 3662 illos
768 3612 840 3680 apud
867 3612 949 3663 deum
974 3629 1024 3678 pro
1050 3614 1149 3663 nostris
1174 3613 1344 3663 facinoribus
1369 3629 1424 3663 non
1447 3614 1613 3664 dubitamus.
1651 3614 1758 3665 Idcirco
1784 3617 1893 3666 noverit

194 3733 222 3773 st
240 3724 361 3773 omnium
377 3720 496 3772 fidelium
511 3728 604 3789 sancte
620 3720 737 3789 ecclesie
754 3721 798 3771 dei
813 3728 1023 3786 nostrorumque
1037 3718 1145 3771 scilicet
1159 3721 1326 3787 presentium
1341 3736 1374 3770 ac
1388 3720 1541 3772 futurorum
1556 3721 1698 3782 industria,
1719 3707 1859 3796 qualiter
1874 3736 1891 3767 a

239 3814 419 3880 Benedicto
445 3827 597 3879 venerabili
623 3828 717 3878 abbati
736 3829 895 3878 monasterii
920 3829 1023 3878 domini
1042 3826 1193 3877 Salvatoris
1218 3827 1326 3877 fundati
1351 3828 1380 3877 in
1407 3826 1469 3878 loco
1494 3829 1604 3879 nomine
1623 3829 1707 3880 Sexto
1733 3846 1782 3895 per
1806 3831 1893 3880 nostri

239 3937 363 4009 precepti
381 3936 510 4002 paginam
530 3935 720 3986 confirmamus
741 3942 768 3985 et
787 3935 996 3985 corroboramus
1015 3935 1043 3984 id
1061 3936 1149 4001 ipsum
1170 3934 1365 3984 monasterium
1390 3951 1453 3985 curn
1474 3934 1600 4005 ecclesiis
1623 3921 1714 3987 cellis
1733 3934 1847 4003 capellis
1866 3946 1894 3987 et

240 4043 361 4095 craculis
386 4058 436 4093 seu
462 4043 583 4093 cortibus
608 4043 733 4111 predicto
760 4044 925 4093 monasterio
948 4042 1149 4108 pertinentibus
1172 4047 1228 4091 taur
1246 4041 1318 4093 inira
1341 4043 1481 4094 civitatem
1499 4043 1604 4093 Lucam
1627 4058 1708 4107 quarn
1732 4050 1760 4094 et
1783 4044 1893 4104 deforis,

241 4168 356 4218 quorum
382 4149 517 4202 vocabula
543 4156 617 4201 sunt:
644 4149 762 4220 ecclesia
791 4148 976 4199 sanctorum
1002 4148 1145 4199 Benedicti
1171 4154 1199 4198 et
1217 4148 1364 4208 Anastasii,
1390 4148 1509 4218 ecclesis
1535 4149 1637 4199 domini
1664 4149 1815 4202 Salvatoris
1841 4167 1893 4217 que

196 4268 224 4308 su
242 4260 344 4310 dicitu
367 4258 486 4327 Asuada
513 4273 575 4307 cum
602 4258 727 4307 omnibus
754 4242 816 4306 illis
842 4256 1041 4323 pertiuentibus
1068 4253 1100 4305 et
1130 4263 1240 4305 casam
1270 4263 1370 4306 unam
1401 4264 1475 4306 cum
1504 4252 1612 4329 grotta
1641 4242 1726 4308 infra
1755 4242 1895 4330 burgum

243 4353 347 4417 sancti
368 4349 528 4432 Fridiani,
552 4348 726 4413 ecclesiam
749 4349 854 4413 sancti
872 4348 1027 4435 Phylippi
1051 4370 1125 4412 cunr
1149 4346 1397 4434 pertinentibus,
1422 4359 1544 4414 cortem
1567 4372 1666 4414 unam
1690 4349 1731 4415 de
1752 4350 1895 4431 Lamari,

243 4470 366 4524 curtem
390 4457 431 4522 de
454 4456 583 4521 Lunata
606 4479 680 4521 cum
704 4455 843 4543 ecclesia
866 4455 971 4519 sancti
993 4454 1140 4519 Fridiani
1170 4478 1245 4519 cum
1275 4454 1338 4519 sibi
1361 4455 1608 4543 pertinentibus,
1640 4468 1761 4522 curtem
1791 4460 1896 4523 sancti

242 4565 419 4646 Ambrosii,
444 4564 617 4653 ecclesiam
641 4575 752 4647 sancte
771 4562 886 4652 hiarie,
911 4562 1084 4649 ecclesiam
1107 4562 1212 4626 sancti
1230 4561 1350 4648 Angeli
1374 4564 1408 4626 in
1432 4561 1571 4646 Guamo,
1596 4564 1769 4653 ecclesiam
1792 4566 1896 4631 sancti

242 4672 337 4738 Pauli
360 4674 394 4736 iu
418 4670 556 4753 Ooselle,
588 4669 759 4757 ecclesium
790 4670 894 4734 sancti
916 4670 1053 4734 Antonii
1081 4671 1115 4733 in
1138 4680 1247 4735 monte
1275 4692 1350 4734 cum
1374 4670 1523 4734 omnibus
1546 4671 1626 4757 ipsis
1648 4671 1895 4758 pertinentibuS,

197 4800 226 4842 ss
243 4781 278 4844 in
300 4779 372 4844 loco
397 4778 509 4860 Quoue
538 4790 658 4842 terram
687 4799 750 4863 que
781 4775 901 4841 dicitur
924 4775 1021 4842 Sulco
1051 4799 1111 4841 seu
1133 4775 1338 4862 Uallelonga,
1368 4787 1488 4841 terram
1518 4788 1630 4863 sancte
1652 4778 1791 4865 Agnetis
1822 4802 1896 4844 cunr

243 4887 393 4974 piscariis
422 4908 524 4972 prope
554 4884 778 4966 Pontetect0⁸,
808 4894 911 4948 terras
941 4894 974 4949 et
1003 4905 1133 4948 mansos
1161 4883 1197 4947 in
1226 4882 1297 4949 loco
1329 4881 1481 4949 Carraria
1510 4894 1543 4949 et
1571 4884 1605 4949 in
1632 4885 1832 4973 Turingana,
1862 4888 1897 4950 in

244 4992 405 5058 Brancalo
437 4992 610 5082 ecelesiam
640 4992 744 5056 sancti
767 4989 858 5055 Ilarii
887 5014 962 5056 cum
992 4991 1055 5055 sibi
1084 4991 1332 5078 pertinentibus,
1362 4989 1473 5055 villam
1503 5014 1567 5081 que
1597 4991 1716 5058 dicitur
1739 4991 1897 5058 Cerbania

245 5102 335 5166 etin
358 5100 597 5165 casaBassani
621 5108 743 5163 cortem
767 5100 800 5161 in
825 5095 990 5163 Controna
1013 5119 1089 5162 cum
1112 5097 1252 5183 ecclesia
1281 5098 1386 5163 sancti
1411 5096 1601 5182 Salvatoris,
1631 5100 1666 5163 in
1695 5098 1767 5165 luco
1792 5099 1897 5181 Quar-

244 5208 309 5274 fine
340 5206 512 5297 ecclesiam
543 5207 647 5271 sancti
670 5204 797 5291 Reguli,
829 5216 950 5269 cortem
974 5205 1079 5270 sancti
1102 5205 1193 5269 Petri
1218 5206 1252 5269 in
1277 5204 1411 5292 Gragno
1443 5229 1517 5272 cum
1540 5206 1690 5272 omnibus
1712 5206 1776 5272 illis
1799 5209 1897 5296 perti-

199 5460 229 5500 so
316 5437 381 5495 424.
405 5438 435 5507 d)
456 5439 584 5491 dubium
603 5440 647 5491 ein
670 5454 706 5489 au
728 5436 797 5490 nahe
821 5436 911 5488 daron
934 5436 1127 5504 mximum
1150 5453 1179 5489 m
1204 5437 1359 5491 waradien
1432 5440 1458 5505 e)
1485 5438 1613 5491 datm
1637 5439 1713 5492 huss
1738 5441 1794 5506 aas
1816 5442 1898 5494 dmm

406 5513 456 5564 mit
472 5511 530 5564 dem
548 5511 707 5564 mmm
726 5508 973 5576 tenpesabnittsass
992 5508 1075 5561 Sulcis
1091 5508 1248 5574 peream
1265 5509 1316 5562 dus
1331 5509 1418 5575 δέσμει
1434 5509 1555 5577 tescelipt
1572 5527 1686 5578 psum
1702 5515 1760 5566 sein
1812 5512 1838 5582 s)
1856 5529 1900 5566 or.

403 5582 594 5708 wmaubhts
606 5583 636 5633 s'n
651 5581 701 5633 der
715 5579 866 5646 Ambrae,
885 5580 951 5633 dass
966 5579 1051 5633 Bescls
1067 5581 1111 5631 die
1132 5580 1261 5633 Uri-unde
1277 5596 1325 5634 uer
1341 5582 1391 5634 der
1408 5583 1438 5633 iss
1454 5582 1521 5635 Note
1538 5597 1555 5636 e
1571 5583 1725 5637 maetas
1741 5584 1900 5653 Μάκαρ

318 5741 383 5800 425·
409 5741 516 5815 [Bloch]
552 5744 579 5809 a)
600 5742 633 5794 ob
649 5739 715 5794 elder
731 5740 790 5793 dun
807 5747 893 5793 usim
912 5756 928 5793 e
945 5741 989 5793 ets
1008 5739 1302 5807 subsannamus,
1320 5744 1355 5795 s'st
1373 5742 1447 5794 nicht
1464 5742 1552 5797 uther

1633 5856 1685 5909 68⁸
