4804 6498
531 482 595 546 146
1131 486 1590 545 KAISERURKUNDEN.

530 781 650 846 ciendi.
695 781 740 845 Et
762 792 798 846 ut
821 781 883 846 hec
906 792 1015 865 nostre
1038 779 1224 846 traditionis
1247 782 1424 845 auctoritas
1448 779 1573 845 stabilis
1597 791 1630 845 et
1652 780 1846 865 inconvulsa
1869 792 2069 868 permaneat,
2100 781 2187 846 hanc

530 898 654 952 cartam
677 888 754 952 inde
779 889 996 974 conscriptam
1019 908 1119 952 manu
1137 888 1271 974 propria
1289 886 1480 952 roborantes
1500 886 1694 974 sigilloqueb
1717 898 1827 952 nostro
1847 888 1997 974 insigniri
2020 888 2185 952 iussimus.

638 1030 774 1116 Signum
799 1029 909 1094 domni
932 1028 1082 1094 Heinrici
1105 1030 1193 1115 regis
1215 1029 1433 1094 invictissimi.
1458 1036 1523 1109 (M.)

637 1171 850 1237 Eberhardus
875 1171 1090 1235 cancellarius
1114 1172 1188 1236 vice
1212 1170 1368 1257 Willigisi
1391 1170 1646 1259 archicapellani
1669 1174 1856 1259 recognovi.

636 1315 725 1379 Data
755 1328 789 1377 v.
819 1311 886 1377 kal.
918 1335 993 1399 aug.
1024 1312 1202 1378 indictione
1232 1327 1284 1395 ΙΙΙ,
1320 1335 1405 1378 anno
1435 1313 1598 1403 dominice
1628 1315 1861 1380 incarnationis
1890 1329 1955 1395 MV,
1989 1337 2076 1380 anno
2104 1339 2184 1381 vero

529 1421 640 1487 domni
663 1421 812 1486 Heinrici
836 1419 972 1484 secundi
995 1420 1165 1505 regnantis
1187 1434 1228 1502 V3
1260 1430 1369 1484 actum
1392 1421 1427 1484 in
1448 1420 1572 1507 Pinga3
1603 1421 1744 1510 feliciter
1766 1443 1871 1486 amen.

2393 390 2394 415 l

2393 450 2394 501 l

2393 546 2394 593 l

531 673 647 740 eodem
671 697 767 740 servo
792 675 927 761 eiusque
956 673 1032 738 filiis
1056 696 1233 762 eorumque
1258 675 1474 761 acquisitione
1504 673 1557 738 vel
1581 675 1790 761 inquisitione
1822 673 1972 739 omnibus
2002 673 2108 739 modis
2138 674 2187 739 fa·
2392 598 2394 715 l

2203 1196 2218 1235 ὅ

1319 1683 1405 1771 120.

509 1847 709 1921 Heinrich
740 1847 870 1921 oimmt
904 1847 972 1920 dos
996 1845 1143 1921 Kloster
1167 1845 1389 1920 Fruttnoria
1420 1848 1461 1919 in
1492 1848 1616 1921 seincn
1641 1845 1771 1923 Sellatz
1801 1848 1883 1922 uod
1915 1849 2081 1950 bestdtipt
2110 1850 2184 1923 itm

527 1968 625 2042 edne
651 1965 899 2067 Besitzoupcn.
1717 1995 1832 2054 Ααεὴαι
1856 1997 1936 2056 1006
1957 1997 2069 2071 Aaou
2090 1996 2137 2055 31.
2203 2016 2230 2053 ιο

639 2175 884 2250 Oriqinaldiplom
907 2175 948 2234 im
971 2174 998 2233 k.
1024 2172 1224 2233 Stwtsorcbiv
1247 2192 1282 2233 zu
1306 2174 1398 2233 Turio
1425 2174 1497 2241 (A).

635 2318 716 2377 Mon.
732 2319 851 2392 patriae
869 2318 961 2376 chart.
983 2318 1011 2385 1,
1028 2318 1088 2375 362
1107 2320 1139 2375 o⁰
1154 2317 1214 2375 211
1237 2336 1290 2375 ouo
1310 2317 1337 2374 A
1360 2337 1401 2364 =
1422 2315 1561 2375 Procoua
1583 2315 1668 2375 studi
1691 2317 1787 2375 critici
1810 2317 1871 2376 380
1890 2319 1923 2375 πθ
1939 2319 1987 2376 32.
2004 2347 2048 2355 -
2065 2316 2189 2392 Stampf

634 2424 811 2500 Reu1430.

640 2567 772 2637 Versosst
800 2586 855 2625 vost
877 2565 940 2625 ΕΙ)
962 2567 1015 2624 mit
1045 2566 1213 2640 Antebnonp
1243 2585 1281 2623 on
1310 2565 1364 2623 den
1393 2565 1425 2623 in
1454 2565 1650 2624 italiem'scbers
1677 2564 1832 2624 Urbasden
1860 2566 2091 2639 ῳῠνᾶαώἰὶὠω
2115 2566 2182 2627 Stil.

635 2673 697 2732 ΕΙ)
719 2674 877 2732 mundierts
899 2673 1034 2731 meunt
1056 2672 1103 2731 die
1125 2677 1198 2730 erste
1220 2671 1309 2741 Zeile,
1333 2672 1469 2731 &balden
1490 2671 1570 2730 donn
1591 2671 1639 2730 die
1660 2670 1844 2742 Reiasclsist
1866 2672 1915 2731 dea
1939 2672 2089 2733 Contrrtes
2110 2676 2182 2734 noch
2202 2692 2229 2730 rs

634 2781 739 2839 scium
771 2778 892 2853 Cooccpt
921 2781 1010 2838 cinon
1040 2778 1179 2849 andorn,
1210 2778 1444 2837 wobrscbeinlicb
1474 2779 1607 2837 welscsen
1636 2776 1786 2837 Sebreiber
1813 2779 1874 2837 aad
1903 2781 1984 2853 [ἄρα
2011 2781 2183 2841 antecellet

637 2888 691 2947 dua
713 2886 899 2945 Escbotololl
921 2887 1015 2945 bioca.

636 3063 695 3135 (C.)
719 3052 737 3143 ξ
760 3055 798 3119 In
822 3055 953 3119 nomine
978 3064 1111 3117 sanctae
1136 3066 1168 3116 et
1192 3051 1381 3117 individuae
1406 3053 1567 3117 trinitatis.
1614 3052 1790 3117 Heinricus
1821 3053 1935 3118 divina
1963 3053 2095 3120 favente
2119 3056 2182 3121 cle·

527 3164 652 3228 mentia
674 3185 744 3227 rex.
855 3159 1016 3226 Omnibus
1040 3171 1174 3223 sauctae
1199 3158 1252 3223 dei
1273 3158 1452 3223 aecclesiae
1474 3158 1626 3223 fidelibus
1644 3158 1851 3246 presentibus
1870 3160 1996 3225 scilicet
2015 3173 2048 3225 et
2066 3162 2182 3227 futuris

528 3281 640 3336 notum
664 3271 732 3347 sit‚⁸
757 3268 897 3355 qualiter
916 3265 934 3355 ᾖ
950 3264 1147 3331 venerabilis
1171 3264 1274 3330 abbas
1294 3265 1479 3330 Willelmus
1503 3276 1645 3330 nostram
1669 3266 1750 3330 adiit
1774 3266 1979 3332 clementiam
2003 3267 2182 3334 humillime
2201 3293 2229 3332 ao

527 3378 706 3466 postulans,
731 3377 883 3462 quatinus
902 3375 1135 3438 monasterium
1154 3373 1349 3437 Fructuaria
1368 3373 1490 3437 dictum
1516 3374 1550 3437 in
1574 3373 1695 3437 honore
1715 3384 1847 3438 sanctae
1866 3374 1993 3439 Mariae
2013 3377 2182 3463 sanctique

527 3486 669 3571 Benigni
691 3484 844 3570 martyris
868 3492 1088 3546 constructum
1113 3503 1151 3544 ac
1175 3478 1362 3544 dedicatum
1386 3479 1446 3543 sub
1470 3494 1599 3543 nostrae
1623 3480 1769 3543 tuitionis
1792 3479 2059 3546 mundiburdium
2083 3485 2182 3548 susci·

528 3614 679 3680 peremus
703 3587 947 3676 preceptalique
970 3588 1093 3674 pagina
1115 3598 1227 3651 nostra
1250 3586 1525 3651 confirmaremus.
1573 3585 1675 3651 Cuius
1698 3598 1830 3672 rogatus
1853 3588 1925 3673 pios
1949 3602 2183 3674 cognoscentes

526 3702 593 3763 iam
617 3697 740 3761 dictum
763 3695 995 3761 monasterium
1026 3692 1086 3757 sub
1118 3706 1226 3781 nostre
1250 3692 1448 3757 defensionis
1471 3715 1603 3757 manum
1627 3694 1810 3779 recepimus
1841 3716 1880 3758 ac
1910 3706 2021 3758 nostra
2044 3698 2182 3760 auctori·

528 3816 605 3886 tate,
629 3816 725 3890 prout
747 3803 930 3866 firmissime
953 3802 1128 3887 potuimus,
1153 3798 1445 3879 corroboravimus,
1476 3822 1550 3863 cum
1574 3812 1663 3863 corte
1688 3801 1785 3864 etiam
1810 3799 1930 3866 Obiani
1954 3800 2052 3883 dicta,
2084 3825 2182 3889 quam
2200 3825 2226 3864 as

527 3912 628 3976 Berta
657 3910 724 3973 filia
753 3907 916 3973 Hamedei
947 3907 1018 3971 loco
1049 3918 1124 3971 ante
1156 3906 1242 3970 dicto
1272 3907 1496 3991 proprietavit‚
1528 3918 1560 3970 et
1590 3906 1751 3971 aecclesia
1780 3908 1814 3970 in
1845 3906 1959 3971 eadem
1989 3921 2077 3973 corte
2108 3912 2180 3981 sita,

527 4042 601 4084 cum
626 4019 714 4082 omni
738 4016 875 4080 utilitate
897 4015 1002 4078 eidem
1023 4015 1104 4078 corti
1124 4025 1157 4077 et
1176 4011 1336 4099 aecclesie
1355 4011 1533 4099 adherente
1553 4035 1614 4077 nec
1638 4036 1702 4077 non
1722 4037 1796 4077 cunr
1815 4012 1965 4077 omnibus
1984 4018 2181 4081 monasterio

527 4125 721 4189 Fructnaria
745 4123 832 4187 dicto
856 4118 1118 4207 appendentibus
1148 4132 1215 4184 tam
1246 4120 1381 4205 quesitis
1412 4142 1510 4205 quarn
1540 4119 1743 4205 inquirendis
1773 4120 1857 4184 datis
1887 4120 1940 4185 vel
1971 4120 2088 4186 dandis
2117 4125 2181 4187 viis

528 4234 625 4297 inviis
649 4229 792 4296 exitibus
817 4239 849 4292 et
871 4226 1031 4291 reditibus
1055 4227 1140 4290 areis
1164 4225 1323 4291 aedificiis
1353 4227 1447 4289 terris
1472 4225 1565 4290 cultis
1596 4238 1629 4290 ct
1659 4226 1788 4291 incultis
1818 4228 1990 4314 mancipiis
2013 4230 2181 4316 utriusque

530 4362 629 4404 sexus
653 4335 836 4402 aldionibus
860 4333 914 4398 vel
937 4332 1087 4397 aldiabus
1110 4334 1216 4396 vineis
1239 4333 1359 4396 vinetis
1383 4333 1476 4418 aquis
1499 4332 1735 4418 piscationibus
1758 4333 1952 4398 molendinis
1975 4335 2078 4421 pratis
2108 4359 2182 4423 pas·
2201 4360 2228 4400 so

528 4447 598 4510 cuis
622 4447 691 4509 sive
716 4443 920 4529 compascuis
945 4464 1002 4504 seu
1026 4438 1175 4503 omnibus
1200 4462 1263 4525 que
1295 4437 1359 4503 dici
1391 4439 1444 4503 vel
1474 4438 1574 4503 scribi
1598 4451 1720 4526 queunt
1743 4439 1955 4527 quoquolibet
1977 4441 2074 4507 modo
2097 4442 2182 4507 utili·

528 4551 658 4629 tatibus,
689 4551 908 4637 precipientes
939 4549 1048 4634 igitur,
1082 4558 1117 4610 ut
1147 4546 1253 4610 nullus
1284 4545 1351 4609 dux
1386 4545 1651 4632 archiepiscopus
1687 4548 1860 4633 episcopus
1894 4548 2040 4613 marchio
2073 4572 2182 4618 comes

528 4662 713 4725 vicecomes
737 4657 900 4723 sculdasio
925 4655 1086 4742 gastaldio
1111 4652 1306 4719 castellanus
1330 4675 1388 4716 seu
1411 4652 1520 4739 aliqua
1544 4676 1664 4738 magna
1682 4653 1735 4717 vel
1756 4677 1860 4739 parva
1878 4677 2019 4741 persona
2042 4656 2182 4720 eundem

527 4768 745 4854 prescriptum
769 4762 924 4828 abbatem
948 4785 1088 4848 suosque
1113 4782 1320 4825 successores
1345 4758 1385 4822 de
1410 4760 1535 4847 prefate
1560 4759 1697 4847 ecclesie
1721 4759 1819 4824 rebus
1843 4783 1863 4824 a
1883 4759 2077 4826 Gunthardo
2096 4761 2181 4826 'lau-

527 4874 666 4939 rinensis
701 4870 861 4953 aecclesie
896 4868 1127 4934 archidiacono
1162 4866 1308 4931 iudiciali
1343 4865 1425 4951 lege,
1461 4865 1549 4952 quod
1579 4865 1741 4930 iudicatus
1776 4866 1952 4953 appellant,
1987 4867 2115 4932 traditis
2150 4882 2183 4933 et
2201 4889 2227 4929 ss

527 4979 688 5046 addicatis
711 4979 895 5064 inquietare
920 4976 1091 5040 molestare
1116 4973 1168 5037 vel
1199 4973 1371 5037 disvestire
1402 4985 1578 5059 prestunat.
1633 4972 1668 5037 Si
1700 4975 1773 5060 quis
1801 4996 1879 5058 ergo
1910 4973 2005 5037 huius
2035 4976 2182 5063 precepti

527 5088 681 5175 paginam
704 5085 827 5149 violare
851 5084 1070 5170 temptaverit,
1102 5082 1184 5145 sciat
1208 5103 1242 5144 se
1267 5081 1521 5165 compositurnm
1552 5081 1623 5144 auri
1654 5082 1783 5155 excocti
1812 5079 1913 5144 libras
1944 5092 2084 5163 centum,
2115 5105 2180 5145 me·

527 5195 682 5259 dietatem
713 5214 843 5275 camere
872 5201 1003 5254 nostrae
1034 5202 1065 5253 et
1095 5188 1304 5252 medietatem
1335 5184 1495 5273 prelibato
1526 5185 1638 5251 abbati
1669 5189 1801 5274 suisque
1832 5188 1889 5274 qui
1918 5200 1995 5253 tunc
2026 5189 2181 5274 temporis

527 5312 621 5366 erunt
644 5298 898 5365 successoribus.
946 5295 1043 5376 Quod
1073 5309 1108 5359 ut
1130 5296 1240 5359 verius
1272 5292 1425 5357 credatur
1448 5292 1701 5380 diligentiusque
1732 5292 1774 5357 ab
1798 5292 1948 5358 omnibns
1979 5292 2180 5376 observetur,

526 5409 611 5474 hanc
635 5420 759 5473 cartam
789 5405 866 5470 inde
898 5405 1115 5489 conscriptam
1146 5424 1245 5465 manu
1275 5401 1407 5487 propria
1436 5398 1627 5464 roborantes
1652 5399 1815 5486 sigillique
1842 5401 1943 5464 nostri
1967 5400 2180 5487 impressione
2199 5424 2228 5461 so

526 5516 675 5602 insigniri
698 5513 860 5578 iussimus.

598 5711 661 5765 llo.
686 5709 715 5765 ht
740 5708 829 5777 sigillo
855 5723 964 5775 quoque
989 5708 1028 5771 213
1053 5706 1102 5756 der
1121 5705 1209 5771 Copist
1234 5703 1282 5754 hut
1307 5702 1427 5768 efferebar
1451 5703 1494 5754 die
1519 5701 1770 5769 unprommatisrbs,
1796 5700 1859 5753 ater
1879 5703 1978 5768 ysrarle
2001 5702 2053 5767 sar
2069 5704 2123 5756 ΕΙ)
2141 5703 2181 5756 be·

684 5781 840 5833 zeicbncnde
857 5779 994 5845 ll'endunp
1011 5776 1160 5829 ammaon.

599 5871 662 5926 lto.
689 5866 925 5940 {Ruga-Bloch]
964 5874 990 5934 a)
1007 5870 1104 5918 notum
1123 5864 1158 5915 sit
1177 5863 1241 5915 ooo·
1258 5864 1307 5915 der
1325 5863 1396 5915 Zeila
1414 5862 1617 5928 nacbpetroqen.
