4766 6604
833 457 1069 514 HEINRICH
1091 460 1129 514 11.
1172 458 1267 513 1014.
1810 451 1871 512 391

224 655 327 723 placita
352 657 469 721 fatigare
495 643 565 706 sine
589 641 686 728 legali
709 642 844 731 iudi[ci0
870 659 971 709 audeat
997 659 1040 709 vel
1068 667 1214 725 presumat.
1259 660 1362 709 Contra
1387 659 1486 722 qnodw
1512 666 1623 708 nostrae
1650 653 1875 719 confirmatio]nis

223 765 282 814 sive
301 764 488 815 concessionis
509 758 716 830 [pre]c[e]ptum
735 765 759 814 ei
778 765 839 828 quis
859 760 1031 829 ali[quando]
1053 767 1194 830 insurgere
1213 767 1395 832 temptaverit,
1421 762 1504 828 sc[iat
1522 782 1552 815 se
1572 760 1796 829 complositurnm
1816 765 1875 815 suri

224 870 362 936 purissimi
384 866 478 933 [libras
498 876 615 931 centnm,
641 872 816 922 medietatem
836 871 964 921 kamerac
989 868 1111 933 nostrae]
1141 880 1168 921 et
1193 873 1366 922 medietatem
1393 869 1544 936 [canonicis
1564 871 1665 921 ibidem
1684 887 1733 936 pro
1753 878 1875 936 tempore

225 972 462 1038 deservientibus]
502 976 583 1037 Quod
602 985 633 1027 ut
650 979 743 1027 verius
762 972 903 1039 credintur
921 976 1137 1044 diligentiusque
1157 978 1191 1027 ab
1211 979 1336 1028 omnibus
1357 974 1538 1040 obserlvetur,
1564 978 1634 1027 hanc
1656 973 1794 1043 [paginam
1813 994 1874 1043 pro·

189 1098 202 1136 t
225 1084 284 1147 pria
303 1077 394 1144 manu]
416 1083 627 1133 corroborantes
649 1079 730 1147 [eam]
752 1085 866 1134 inferius
887 1086 1016 1134 iussimus
1036 1080 1189 1147 siligineus]

331 1199 348 1289 ᾖ
372 1201 509 1287 Signum
540 1202 650 1266 domni
673 1202 822 1266 Heinrici
845 1208 910 1283 (M.)
942 1204 1140 1268 serenissimi
1172 1216 1204 1267 et
1234 1204 1438 1266 invictissimi
1468 1202 1671 1287 imperatoris
1696 1203 1834 1287 augusti.
1859 1199 1876 1290 ξ

331 1341 348 1431 ᾖ
371 1343 547 1408 Heinricus
571 1344 784 1408 cancellarius
808 1346 881 1410 viee
900 1344 1074 1433 Enerlardi
1095 1347 1239 1433 episcopi
1260 1346 1324 1435 et¹l
1347 1345 1624 1410 archicancellarii
1643 1341 1876 1432 recognovit.{

1687 1454 1742 1533 (Sl.
1760 1452 1832 1536 Dii

331 1573 454 1638 Datum
474 1597 558 1638 anno
579 1574 763 1639 dominice²
783 1576 1022 1641 incarnacionis
1042 1565 1188 1664 s1[x]11⁰11,
1213 1577 1469 1658 indictionem,
1493 1599 1578 1641 auno
1598 1576 1707 1640 domni
1727 1575 1876 1640 Heinrici

182 1706 206 1743 ιο
225 1682 430 1767 imperatoris
454 1683 583 1767 augusti
606 1684 774 1767 regnantis
797 1697 865 1765 x113
890 1684 1018 1769 imperii
1042 1706 1120 1748 vero
1145 1685 1215 1747 eius
1236 1699 1265 1767 13
1290 1696 1396 1748 actum
1413 1683 1581 1766 Veronae3
1606 1682 1745 1746 feliciter
1768 1704 1873 1745 amen.

1013 1999 1095 2086 311.

228 2160 405 2235 Heinrich
430 2162 595 2262 bestdtigt
619 2161 699 2235 dem
725 2160 1018 2235 Nonnenleloster·
1044 2160 1576 2237 &selenomantiae
1603 2164 1755 2237 Br’eseia
1779 2165 1875 2237 aeine

228 2280 465 2380 Besitznnpen
490 2281 571 2353 aad
595 2280 654 2353 die
678 2280 894 2355 immanitati
917 2281 998 2355 and
1021 2280 1167 2355 scirenlct
1191 2282 1265 2355 ibnr
1291 2283 1349 2356 die
1376 2284 1547 2381 einstipen
1576 2280 1691 2357 Getes
1716 2281 1777 2356 das
1798 2282 1874 2355 aa·

228 2401 337 2473 terim
361 2425 434 2472 von
459 2398 621 2497 Alflano.
1477 2428 1588 2487 Verona
1610 2429 1688 2488 1014
1710 2457 1754 2466 -
1776 2458 1829 2487 -.

184 2626 209 2665 rs
337 2606 580 2681 Originaldiplom
601 2607 633 2665 in
656 2607 707 2664 der
730 2605 968 2666 Stadlbibliolbelr
990 2626 1026 2666 zu
1048 2608 1171 2667 Brescin
1195 2608 1266 2675 (A).

334 2749 504 2825 Margarini
519 2750 600 2809 But.
620 2748 771 2808 casinense
789 2752 821 2819 2,
834 2750 873 2807 73
889 2752 920 2807 n⁰
932 2750 971 2807 79
986 2768 1039 2808 aras
1055 2751 1091 2808 A.
1111 2778 1150 2788 —-
1168 2750 1294 2809 Bbbrner
1310 2750 1380 2824 Rey.
1398 2751 1485 2809 1120.
1503 2778 1547 2787 —
1563 2747 1686 2822 Stampf
1696 2747 1767 2823 Beq.
1785 2749 1873 2807 1624.

332 2891 390 2950 Bis
418 2894 478 2963 auf
495 2892 548 2951 das
577 2911 631 2951 eon
654 2892 717 2950 ΗΒ
738 2892 937 2966 birrzngefltpte
959 2892 1143 2951 Escbatolcoll
1172 2893 1349 2967 aeschrieben
1377 2910 1431 2950 oon
1453 2893 1542 2950 einen
1564 2891 1759 2949 nnmkannten
1782 2891 1874 2950 Manu

335 2998 407 3057 rrocb
428 2998 498 3057 Do.
516 2998 579 3057 ΙΙΙ.
596 2999 669 3069 267,
694 3017 806 3057 morans
828 3000 899 3057 arab
922 2998 968 3057 die
990 2998 1157 3057 Inuocnion
1180 3004 1354 3058 entnommen
1377 2999 1424 3057 ist.

334 3192 392 3263 (C.)
416 3182 433 3272 ξ
455 3185 494 3249 ln
516 3186 647 3248 nomine
675 3184 796 3249 domini
827 3184 880 3248 dei
910 3186 1043 3249 aeterni.
1090 3185 1265 3249 Heinricns
1295 3185 1407 3249 divina
1437 3186 1542 3270 gratia
1565 3184 1784 3249 Romanorum
1813 3185 1872 3248 im-

183 3324 210 3362 20
227 3302 357 3377 perator
379 3304 544 3377 augustus
654 3307 683 3355 Si
706 3305 751 3356 dei
770 3304 919 3355 aecclesias
945 3290 1119 3355 defendere
1145 3303 1177 3356 et
1201 3291 1345 3356 exaltare
1364 3289 1381 3380 3
1403 3305 1597 3365 studuerimus,
1620 3292 1721 3355 Vitam
1744 3289 1874 3355 beatam

228 3398 315 3462 omni
344 3397 555 3484 ambiguitate
586 3399 729 3484 seposita
757 3397 925 3484 possidere
956 3399 1135 3462 certissime
1166 3399 1339 3462 credimus.
1393 3413 1512 3462 Proinde
1540 3413 1661 3462 omnium
1689 3420 1802 3462 senene
1828 3412 1872 3463 dei

227 3518 361 3588 ecclesiae
380 3518 500 3569 fidelium
524 3526 733 3584 nostrorumque
759 3520 925 3585 presentium
951 3536 983 3569 ac
1002 3519 1157 3571 futurorum
1176 3521 1326 3584 comperiat
1351 3518 1483 3577 sollertia,
1510 3518 1628 3583 qualiter
1649 3504 1788 3568 Relinda
1812 3518 1874 3569 reli·

228 3627 306 3691 glosa
325 3626 465 3676 abbatissa
490 3627 648 3677 monasterii
673 3627 823 3677 constructi
843 3625 886 3675 rel
914 3627 995 3692 positi
1020 3628 1048 3675 in
1075 3627 1178 3676 honore
1203 3627 1305 3677 domini
1325 3626 1474 3676 salvatoris
1501 3634 1529 3675 et
1554 3634 1665 3676 sarrctne
1685 3626 1774 3677 Iuliae
1801 3626 1873 3691 quod

228 3732 331 3783 dicitur
348 3733 457 3783 Nouum
476 3734 504 3782 in
524 3734 628 3782 urbae*
647 3734 739 3782 Brixia
758 3740 877 3783 nostram
897 3733 965 3782 adiit
984 3732 1180 3793 celsitudinem,
1207 3735 1336 3798 qrratinns
1363 3735 1397 3782 ob
1426 3741 1516 3797 nostre
1536 3734 1625 3783 anime
1645 3733 1794 3782 remedium
1815 3749 1873 3798 pre-

184 3858 210 3897 25
229 3846 310 3905 cepta
328 3841 415 3905 ipsius
436 3840 563 3889 coenobii
582 3846 734 3889 nostrorum
754 3855 942 3905 precessorum
962 3841 1156 3904 imperatorum
1169 3839 1211 3889 vel
1232 3856 1325 3904 regum
1343 3847 1435 3889 nostra
1448 3841 1612 3888 auctoritate
1627 3848 1654 3889 et
1668 3840 1873 3890 confirmatione

229 3947 467 3997 corroboraremus
487 3954 514 3996 et
533 3946 761 3997 confirmaremus.
800 3946 885 3996 Cuius
911 3946 1000 4011 dignis
1025 3947 1203 4013 petitionibus
1222 3944 1346 3995 inclinati
1367 3952 1393 3995 et
1413 3962 1470 4010 spe,
1495 3952 1526 3994 ut
1545 3948 1675 4010 oportuit,
1701 3946 1735 3995 ad
1755 3962 1873 4012 superna

230 4054 322 4111 erecti,
341 4054 444 4119 scripta
462 4051 505 4103 rel
525 4060 655 4120 precepta
675 4020 797 4103 eiusdem
814 4054 901 4102 sancti
921 4060 947 4102 et
964 4052 1128 4103 venerabilis
1150 4053 1201 4103 loci
1222 4070 1238 4102 a
1254 4055 1353 4101 nostris
1371 4053 1592 4101 antecessoribus
1609 4053 1682 4101 iacta
1699 4058 1726 4101 et
1742 4068 1874 4102 concessa

229 4159 279 4209 hac
299 4166 409 4210 nostrae
429 4161 601 4210 auctoritatis
621 4168 648 4210 et
668 4161 899 4210 corroborationis
919 4162 1020 4224 pagina
1047 4176 1107 4209 cum
1134 4160 1220 4208 servis
1247 4168 1274 4209 et
1295 4158 1402 4209 ancillis
1422 4160 1518 4208 castris
1539 4158 1651 4223 capellis
1671 4156 1827 4209 aldionibus
1847 4166 1874 4223 et

229 4265 356 4317 aldiabus
381 4268 502 4317 cortibus
526 4266 603 4317 silvis
629 4269 714 4333 pratis
741 4267 850 4332 pascuis
876 4267 954 4330 aquis
981 4282 1129 4330 earumque
1155 4267 1314 4316 decursibus
1340 4266 1538 4331 piscationibus
1557 4263 1721 4315 molendinis
1740 4265 1873 4325 stalareis,

186 4391 212 4430 aa
231 4390 292 4423 cum
310 4373 389 4424 cellis
409 4379 436 4423 et
460 4374 635 4424 senodochiis
654 4382 681 4423 et
703 4374 894 4423 monasteriis
918 4387 934 4417 s
965 4381 1023 4423 seu
1049 4390 1110 4423 curn
1136 4373 1261 4422 omnibns
1288 4373 1322 4422 nd
1348 4373 1419 4422 idern
1446 4374 1640 4422 monasterium
1666 4374 1873 4438 pertinentibus,

231 4486 312 4546 prout
331 4481 439 4530 iustae⁸
459 4487 486 4530 et
506 4479 631 4545 legaliter
650 4495 804 4546 possumus,
824 4480 1032 4530 corroboramus
1052 4488 1078 4531 et
1097 4480 1294 4531 confirmamus.
1333 4480 1513 4529 Concedimus
1540 4481 1622 4529 etiam
1648 4479 1736 4529 eidem
1762 4488 1873 4531 sanctae

231 4587 275 4636 dei
303 4585 455 4638 aecclesiae
483 4572 544 4636 hoc
575 4584 728 4659 precepto
759 4594 870 4636 omnes
900 4594 951 4635 res
982 4571 1143 4658 quondam
1177 4573 1244 4634 iure
1275 4573 1472 4658 pertinentes
1496 4572 1647 4635 linteriob
1671 4572 1711 4636 dc
1734 4572 1873 4651 Alfiano,

232 4702 317 4743 nunc
340 4702 418 4743 vero
442 4692 550 4766 nostre
574 4680 726 4765 potestati
750 4680 833 4743 iuste
858 4691 890 4742 et
912 4678 1060 4765 legaliter
1083 4678 1297 4747 subiacentes.
1330 4703 1392 4765 qne
1423 4692 1497 4743 sunt
1528 4681 1698 4763 constitute
1729 4681 1762 4742 in
1786 4692 1873 4743 corte

232 4808 316 4872 quae
346 4798 481 4851 vocatur
505 4785 666 4850 Guntardi
690 4784 763 4849 vcl⁰
796 4787 828 4850 in
858 4786 927 4849 eius
959 4785 1170 4849 adiacentiis‘'
1196 4799 1250 4849 aut
1281 4785 1475 4873 ubicumque
1507 4787 1638 4875 invente
1668 4787 1787 4850 fuerint
1816 4809 1875 4872 per

187 4924 213 4963 ss
231 4893 312 4957 loca.
350 4893 489 4979 Insuper
512 4893 720 4958 concedimus
744 4893 892 4979 predicto
916 4894 1111 4956 monasterio
1135 4923 1184 4957 seu
1205 4908 1349 4957 abbatissis
1369 4908 1435 4957 inibi
1455 4908 1482 4957 in
1504 4918 1624 4973 tempore
1645 4908 1825 4965 munenibus,
1846 4916 1875 4956 nt

231 5013 322 5064 nullus
342 5016 422 5065 bomo
441 5032 556 5080 magnus
575 5024 623 5064 aut
642 5032 741 5079 parvus
762 5022 859 5065 terram
877 5015 963 5079 ipsius
982 5012 1103 5063 colentes
1121 5020 1169 5063 aut
1186 5014 1339 5064 habitantes
1358 5022 1405 5065 aut
1422 5015 1526 5063 iatitios
1544 5015 1695 5079 inquietare
1713 5014 1874 5077 distringere

231 5128 279 5171 aut
298 5138 390 5173 corum
410 5108 708 5194 possessiunculasd
727 5120 824 5173 tollere
844 5120 938 5185 aliqua
957 5122 1102 5171 occasione
1121 5128 1266 5187 presumat,
1287 5122 1338 5170 nisi
1359 5123 1495 5186 presentia
1515 5122 1600 5186 ipsius
1617 5122 1773 5171 monasterii
1792 5122 1874 5171 abba-

231 5229 298 5279 tisse
317 5236 366 5279 ant
384 5230 426 5277 sui
446 5231 513 5279 certi
533 5237 560 5278 et
580 5228 666 5279 tidelis
685 5230 768 5279 missi.
806 5228 993 5293 Precipientes
1012 5229 1128 5292 denique
1149 5230 1273 5277 iubemus
1295 5236 1322 5277 ct
1341 5230 1391 5278 bac
1411 5236 1503 5277 nostra
1522 5229 1687 5278 actoritate⁸
1707 5228 1875 5289 roboramus,

302 5436 366 5492 tlt.
393 5439 428 5506 w)
448 5439 537 5506 queC
605 5438 633 5505 x)
655 5442 682 5489 et
700 5439 768 5501 fehlt
788 5440 816 5488 in
836 5438 884 5489 BC
951 5446 979 5504 y)
997 5437 1150 5502 Abbildunp
1168 5439 1212 5488 des
1230 5438 1326 5503 Siepela
1344 5439 1441 5503 (SI.3)
1461 5439 1531 5488 inC
1600 5440 1625 5503 z)
1642 5437 1763 5492 dorniA.

187 5546 215 5585 to
303 5525 366 5581 ull.
392 5524 716 5596 [Lascbitzcr·Bresslau]
754 5530 780 5587 a)
797 5530 822 5578 A
877 5527 905 5589 b)
923 5527 1049 5577 dabinter
1065 5528 1168 5591 anur,·
1184 5528 1269 5578 durch
1287 5528 1357 5579 dirae
1373 5528 1436 5577 sind
1452 5542 1499 5577 cor
1514 5527 1571 5578 dem
1591 5526 1609 5578 d
1626 5534 1692 5579 urea
1709 5530 1775 5578 nori
1789 5529 1877 5581 Buch-

391 5598 481 5650 staden
498 5600 598 5664 enitar,
617 5600 692 5648 donn
712 5600 745 5649 ist
764 5616 779 5650 e
798 5596 908 5650 Aliisne
925 5614 997 5662 ponz
1014 5600 1070 5660 anf
1084 5599 1177 5649 Rasin
1196 5602 1242 5649 mit
1260 5599 1406 5650 dunklerer
1428 5598 1505 5650 Tine
1522 5600 1579 5650 und
1597 5599 1722 5650 nielleiclst
1741 5599 1810 5651 acolt
1827 5616 1876 5653 von

392 5669 507 5721 nndner
526 5670 609 5721 Hand
626 5668 805 5735 aestimem,-
829 5686 877 5721 con
895 5671 943 5722 der
961 5670 1185 5735 urepranplirben
1204 5670 1308 5733 ‚schrift
1326 5671 1361 5720 ist
1379 5670 1465 5720 nahts
1483 5687 1517 5719 zu
1535 5671 1666 5723 erkennen
1740 5670 1764 5738 o)
1784 5671 1828 5723 vel
1843 5703 1875 5712 -

392 5739 550 5791 adjacentiis
568 5743 624 5804 uns
641 5741 734 5791 Raaur
752 5743 798 5791 mit
817 5741 962 5792 dunilerer·
984 5741 1060 5792 Tinte
1077 5741 1133 5792 und
1151 5742 1275 5792 nielleicbt
1293 5757 1342 5791 eon
1361 5742 1474 5792 andern·
1493 5741 1577 5792 Hand
1648 5740 1678 5810 d)
1695 5742 1722 5794 ir
1740 5760 1808 5797 corr.
1827 5761 1877 5796 arca

393 5827 423 5878 n3
449 5812 506 5865 Ve‘.
526 5811 706 5879 possessiones
723 5810 782 5862 ulae
