4836 6492
859 416 1098 476 HEINRICH
1120 416 1158 472 11.
1202 415 1297 473 1022.
1846 410 1910 474 609

256 605 368 672 rabilis
397 605 519 696 pa[t]er
547 605 642 671 nobis
672 604 869 695 obtuler[at],
900 618 933 671 et
962 621 1072 671 termini
1099 605 1214 669 finales
1244 605 1342 669 totius
1365 604 1536 690 Regiensis
1567 604 1775 691 episcopatus
1806 615 1839 668 et
1868 635 1911 669 rea

257 729 378 780 eiusdem
403 726 555 779 aecclesiae
582 728 777 780 remanentes
803 728 832 777 iu
857 711 976 778 finibus
1002 727 1168 785 Mantuanis,
1195 726 1425 785 Bononiensibus,
1448 725 1648 777 Mutinensibus
1679 741 1711 775 ac
1736 725 1911 777 Lunensibus

256 835 302 886 vel
320 835 515 885 Parmensibus
534 850 584 885 sen
601 847 619 880 s
638 835 831 885 Ticinsnsibus
850 838 878 893 et
897 833 1027 884 Cumanis
1046 829 1080 883 et
1097 818 1231 905 reliquis
1250 845 1270 879 e
1286 848 1335 899 per
1359 832 1469 899 singula
1495 832 1558 884 loca
1583 840 1610 883 et
1629 832 1765 884 vocabula
1786 846 1804 878 a
1828 834 1912 884 insita

257 946 343 1003 erant,
362 943 480 1007 ideoque
499 958 549 1009 pro
567 943 710 1011 temerarie
723 942 936 1007 presumptionis
949 935 1113 993 invasioned
1130 952 1148 985 s
1163 946 1282 992 nostram
1295 941 1376 1006 petiit
1388 938 1564 991 exellentiam
1570 944 1593 1000 ⁸,
1613 948 1644 991 ut
1656 941 1767 991 eosdem
1779 942 1910 992 terminos

221 1034 371 1101 b'finales
394 1045 427 1099 et
448 1064 491 1099 res
514 1036 613 1099 totius
636 1048 769 1114 episcopii
794 1048 858 1098 bule
883 1054 978 1099 nostro
998 1055 1129 1114 precepto
1148 1049 1268 1098 inserere
1287 1048 1452 1107 iuberemus,
1477 1047 1656 1097 nefrendem
1675 1046 1796 1114 aliquam
1815 1048 1911 1099 eadem

257 1155 394 1207 aecclesia
416 1155 450 1207 de
468 1156 526 1207 suis
545 1157 627 1206 rebus
646 1151 706 1219 a[ut
724 1150 880 1217 celnfiuiis⁰
900 1156 935 1206 ab
954 1156 1127 1206 invasoribus
1148 1161 1336 1221 pateretur.
1374 1152 1460 1205 Cuius
1479 1155 1590 1220 dignam
1609 1170 1642 1205 ac
1669 1139 1911 1206 venerabilem‘

229 1254 236 1267 '
257 1262 462 1314 considerantes
481 1264 642 1329 petitionem
657 1280 673 1313 a
685 1263 853 1313 Lunensium
867 1269 895 1313 et
906 1263 1096 1313 Parmensium
1114 1262 1240 1312 confiniis
1261 1274 1280 1306 a
1295 1276 1389 1311 omues
1408 1262 1539 1312 terminos
1556 1245 1629 1336 lt[os
1648 1268 1708 1334 pel·
1726 1246 1911 1336 cl]rcultum

258 1371 425 1422 annotarit
450 1371 588 1420 iussimus.
623 1369 780 1419 Ameridie
808 1370 902 1434 itaque
930 1385 980 1435 per
1001 1375 1132 1419 montana
1160 1368 1332 1420 occidentem
1360 1384 1456 1419 versus
1484 1369 1630 1420 coniacent
1652 1368 1719 1420 flues
1746 1371 1911 1434 terminique

257 1479 398 1528 venientes
417 1476 451 1527 de
470 1478 554 1528 Prato
572 1476 663 1526 Mauri
681 1477 710 1527 in
728 1480 849 1527 montem
867 1477 901 1527 de
920 1475 1026 1536 Mensa,
1047 1476 1111 1526 inde
1136 1477 1166 1525 iu
1184 1460 1391 1540 Centrocru[cis
1417 1491 1450 1526 ac
1474 1470 1586 1539 deilnde
1609 1477 1637 1526 in
1658 1475 1748 1542 alpem
1766 1476 1911 1538 Marinum,

213 1595 240 1634 to
255 1583 321 1634 iude
339 1585 367 1634 in
386 1589 505 1635 montem
524 1584 558 1634 de
576 1583 661 1634 Posci
679 1584 876 1634 descendentes
902 1584 931 1632 in
949 1584 1038 1633 rivum
1056 1584 1180 1633 Niteram
1206 1584 1254 1647 qui
1276 1583 1372 1633 defluit
1390 1583 1419 1633 in
1437 1583 1552 1633 fluvium
1571 1583 1704 1643 lucidam,
1730 1600 1780 1648 per
1797 1584 1911 1634 fluvium

258 1691 390 1750 lucidam,
416 1691 587 1756 sicutipse·
606 1690 704 1741 lucida
722 1690 866 1741 descendit
890 1706 907 1740 a
927 1683 1052 1754 [summa]
1070 1689 1138 1741 uilla
1156 1690 1310 1743 Monticulo
1336 1692 1482 1742 decurrens
1508 1707 1542 1741 ex
1566 1696 1729 1742 tranverso²
1748 1692 1777 1742 in
1797 1692 1911 1742 Baream

258 1804 286 1848 et
304 1797 401 1848 defluit
419 1799 546 1848 deorsum
565 1814 614 1864 per
632 1798 742 1859 Aidam3
768 1797 803 1848 ad
821 1790 1030 1862 aquilonarem*
1048 1805 1127 1848 vero
1146 1802 1252 1863 partem
1278 1798 1306 1847 in
1332 1798 1419 1848 rivum
1438 1797 1626 1864 Campiginsm
1645 1804 1673 1849 et
1691 1799 1755 1850 inde
1774 1799 1803 1848 in
1821 1799 1912 1863 Tegu-

258 1904 353 1955 lariam
375 1914 435 1977 pel·
453 1890 625 1955 decursum
645 1913 740 1980 aque,
766 1905 840 1955 sicut
857 1904 950 1955 Padus
977 1905 1072 1955 defluit
1097 1905 1125 1956 in
1153 1898 1337 1967 [Burilanam
1363 1906 1429 1955 item
1455 1921 1504 1971 per
1529 1905 1671 1957 meridiem
1696 1906 1731 1957 ad
1750 1904 1911 1956 orientalem

257 2010 368 2078 plagam
386 2012 518 2062 incedunt
536 2012 603 2062 lines
622 2028 672 2078 per
688 2012 801 2062 Pratum
821 2013 951 2063 maiorem
977 2012 1007 2062 in
1025 2018 1144 2062 montem
1162 2010 1318 2071 Russulum,
1344 2028 1392 2077 per
1418 2010 1508 2077 alpem
1533 2013 1562 2061 in
1580 2011 1718 2073 Paculam,
1746 2013 1844 2065 deinde
1863 2030 1913 2080 per

214 2128 240 2169 1⁶
259 2118 350 2185 alpem
375 2134 462 2183 usque
487 2120 517 2169 in
535 2120 647 2169 'l‘ermas
666 2117 788 2180 Salonis;
813 2118 880 2169 fines
899 2134 973 2179 vero,
1000 2119 1048 2183 qui
1066 2124 1131 2168 sunt
1148 2120 1220 2168 inter
1238 2118 1366 2169 Tusciam
1392 2126 1420 2170 et
1437 2119 1603 2184 Regieusem
1622 2128 1649 2170 et
1667 2120 1858 2182 Mutinensem,
1878 2122 1911 2172 de

259 2227 363 2277 Termis
382 2225 491 2277 Salonis
510 2227 675 2291 perveniunt
692 2226 721 2275 in
736 2226 859 2276 Tendam
878 2227 959 2291 regis,
979 2225 1043 2275 inde
1062 2226 1098 2276 ad
1117 2226 1232 2277 Fontem
1251 2220 1375 2276 Siluanii
1397 2235 1436 2276 ac
1456 2227 1520 2278 inde
1538 2228 1567 2278 in
1585 2228 1674 2277 rivum
1691 2227 1912 2294 sanguinarium,

261 2347 277 2379 a
294 2334 394 2384 deinde
412 2333 448 2382 ad
468 2331 557 2383 lacum
577 2333 610 2382 de
631 2326 775 2399 Carpenelt
795 2341 833 2382 ac
855 2332 919 2383 inde
938 2333 966 2382 in
986 2333 1058 2382 viam
1077 2348 1177 2383 novam
1195 2333 1313 2398 indeque
1332 2334 1361 2382 in
1382 2331 1471 2384 locum
1490 2334 1635 2394 Motiuum,
1655 2335 1753 2384 deinde
1772 2335 1802 2384 iu
1821 2334 1912 2385 locum

259 2444 305 2508 qui
324 2442 425 2492 dicitur
443 2440 570 2491 Lauerna
589 2446 617 2490 et
634 2439 699 2490 inde
725 2455 775 2506 per
792 2445 917 2491 montem
931 2439 1073 2489 Laurentii
1099 2439 1268 2491 descendens
1293 2441 1369 2490 venit
1394 2441 1422 2489 iu
1448 2441 1560 2491 fluvium
1578 2440 1693 2492 Dullum
1718 2442 1838 2507 indeque
1864 2459 1913 2508 per

258 2547 356 2599 silvam
375 2549 409 2598 de
427 2545 513 2598 Mallo
533 2553 561 2597 et
579 2547 643 2597 inde
661 2548 689 2597 in
709 2545 852 2606 Collinam,
872 2546 971 2597 deinde
992 2540 1042 2610 [in]
1063 2547 1175 2597 Pratum
1196 2545 1308 2612 longum
1327 2564 1359 2597 ac
1380 2548 1548 2615 deindepsr
1565 2550 1652 2599 rivum
1672 2550 1719 2615 qui
1739 2550 1860 2601 decurrit
1879 2551 1913 2600 de

213 2664 241 2703 (ο
259 2656 377 2721 1,(ιραῐὶο
397 2656 425 2705 in
443 2654 557 2704 fluvium
577 2652 691 2719 siglam,
710 2652 774 2704 inde
793 2647 1010 2719 persfflgllalm
1029 2668 1117 2718 usque
1134 2648 1273 2717 Dulllu]m
1292 2670 1325 2705 ac
1344 2654 1443 2706 deinde
1463 2650 1637 2706 deseendit¹
1659 2671 1708 2722 per
1726 2656 1913 2707 Dimnatieum

260 2765 288 2813 in
307 2761 432 2812 Cassiola
450 2769 479 2812 et
497 2763 561 2814 inde
579 2762 722 2813 descendit
744 2777 792 2827 per
813 2776 916 2811 serram
935 2761 969 2811 de
988 2760 1133 2811 Mauriano
1160 2767 1188 2811 et
1212 2755 1361 2827 perv[enit]
1390 2747 1435 2812 ad
1458 2763 1570 2813 fluvium
1589 2763 1770 2813 Rauennamm
1796 2768 1824 2813 et
1848 2765 1913 2814 inde

260 2870 384 2921 aseendit
409 2872 437 2920 in
462 2870 611 2920 Piraniaua
635 2870 754 2933 indeque
780 2869 808 2918 in
834 2874 953 2918 montem
978 2883 1062 2933 super
1089 2865 1176 2918 valles
1206 2883 1292 2934 usque
1320 2870 1349 2920 iu
1374 2869 1532 2935 Antiquam,
1561 2870 1660 2921 deiude
1689 2870 1858 2921 descendens
1884 2872 1914 2921 in

260 2975 439 3028 Piscariolam
458 2978 580 3027 venitin
598 2977 712 3026 fluvium
732 2973 837 3041 Siglsm
856 2990 888 3024 ae
908 2974 1007 3025 deinde
1027 2990 1077 3040 per
1096 2974 1207 3026 Cluaam
1230 2982 1385 3027 currentem
1405 2994 1455 3044 per
1473 2984 1593 3028 montem
1612 2977 1723 3029 Cerradi
1743 2979 1914 3044 usquedum

259 3086 334 3136 venit
359 3086 410 3136 sub
435 3090 556 3135 montem
574 3081 682 3135 Metelli
704 3090 744 3133 ac
761 3083 827 3134 inde
851 3083 928 3133 venit
952 3098 1001 3149 per
1020 3082 1173 3141 Siluanum,
1199 3079 1321 3148 dein[de]
1348 3084 1470 3135 decurrit
1495 3101 1544 3151 per
1562 3083 1698 3136 Salsulam
1724 3091 1753 3136 et
1776 3086 1839 3136 inde
1864 3103 1915 3152 per

213 3203 241 3243 ab
260 3200 378 3244 montem
396 3190 578 3244 Monticulnm
597 3192 714 3256 indeque
734 3206 784 3258 per
803 3189 935 3258 Campum
954 3190 1119 3252 Miliacium3
1139 3193 1175 3242 ad
1193 3190 1436 3258 septentrionalem
1455 3191 1567 3258 plagam
1584 3208 1633 3259 per
1651 3191 1766 3259 paludes
1786 3192 1913 3245 Civitatis

259 3316 330 3367 noue
357 3315 444 3365 usque
470 3307 582 3351 stratam
607 3315 640 3349 ac
667 3299 766 3350 deinde
792 3300 821 3349 in
839 3300 947 3364 Aquam
973 3298 1084 3365 longam
1110 3315 1197 3364 usque
1217 3299 1282 3349 dum
1301 3301 1423 3350 venitin
1442 3300 1598 3351 Barianam.
1635 3301 1711 3350 Infra
1728 3301 1796 3351 istos
1815 3316 1914 3367 preno-

259 3410 375 3458 minatos
394 3408 471 3467 lines,
496 3408 569 3458 sicut
593 3423 610 3456 a
635 3408 738 3457 sanctis
763 3408 888 3474 patribus
914 3412 942 3457 et
966 3407 1073 3458 idoneis
1092 3423 1125 3457 ac
1144 3405 1289 3457 catholicis
1307 3407 1464 3459 homiuibus
1482 3408 1634 3473 antiquitus
1653 3408 1682 3456 in
1700 3408 1761 3473 ipsa
1779 3406 1915 3459 aecclesia

260 3516 440 3566 constitutum
457 3516 543 3566 fuisse
562 3516 741 3581 repperimus,
767 3515 859 3565 omnia
875 3526 892 3558 1
913 3530 1010 3565 secure
1029 3531 1062 3564 ac
1082 3515 1174 3579 quiete
1193 3520 1288 3565 uestra
1307 3512 1395 3580 regali
1418 3510 1452 3565 et
1473 3499 1635 3589 imperiali
1662 3516 1827 3566 anctoritate
1853 3532 1913 3582 per·

259 3623 404 3673 henniter¹¹
431 3623 578 3688 possideat.
621 3620 727 3673 Retulit
752 3622 834 3673 etiam
860 3620 1011 3688 prelibatus
1037 3621 1160 3686 pontifex
1188 3607 1286 3671 etiam
1318 3617 1416 3694 atque
1447 3608 1546 3672 etiam
1576 3606 1779 3693 postulando,
1810 3619 1846 3673 ut
1876 3631 1916 3673 ea

214 3737 241 3776 ao
260 3716 369 3779 omnia
384 3714 539 3780 videlicet
554 3725 587 3779 et
602 3713 737 3779 castella
753 3725 786 3779 et
801 3713 954 3801 capellas,
979 3737 1042 3802 quq
1058 3714 1129 3800 ipse
1145 3735 1204 3778 suo
1224 3712 1331 3778 studio
1355 3724 1389 3778 et
1408 3712 1565 3800 pastorali
1583 3736 1663 3778 cura
1680 3716 1749 3779 iure
1769 3716 1913 3802 proprie-

259 3823 342 3887 tario
372 3821 414 3886 de
444 3844 523 3886 suae
554 3820 727 3886 oblationis
758 3820 843 3886 deno
874 3844 913 3886 ac
945 3821 1020 3885 dato
1051 3820 1158 3885 eidem
1188 3818 1403 3908 aecclesi[ae⁰
1427 3819 1584 3909 conpulit,
1616 3820 1691 3885 huic
1718 3822 1781 3907 ipsi
1805 3832 1914 3886 nostro

259 3941 414 4015 precepto
438 3927 480 3993 ob
503 3928 680 3992 firmiorem
703 3930 911 3992 securitatem
934 3928 1077 3991 inserere
1101 3928 1372 4014 precepissemus,
1403 3928 1593 3992 nominatim
1613 3927 1768 3993 Villulam
1792 3938 1914 3993 cortem

260 4060 335 4100 cum
354 4034 488 4101 castello
507 4045 540 4099 et
557 4046 701 4099 mercato
721 4045 754 4099 et
771 4033 876 4099 tribus
895 4032 1040 4120 capellis,
1063 4034 1273 4118 Pregnanum
1292 4055 1366 4097 cum
1386 4033 1519 4098 castello
1538 4045 1571 4098 et
1590 4034 1726 4121 capella,
1750 4033 1915 4123 lilipam]¹'

259 4142 494 4207 Rundinariam
518 4165 592 4206 cum
616 4140 749 4206 castello
773 4151 861 4205 corte
885 4152 917 4204 et
936 4139 1072 4227 capella,
1095 4139 1221 4204 Italado
1241 4139 1401 4226 capellam
1419 4164 1519 4206 unam
1537 4165 1689 4207 cumana
1707 4143 1914 4228 pertinentia,

214 4276 242 4316 aa
261 4250 294 4313 in
314 4249 443 4335 Trigasi
466 4248 626 4335 capellam
649 4271 748 4313 unam
771 4269 846 4313 cum
869 4269 929 4311 sna
951 4246 1158 4334 pertinentia,
1182 4248 1217 4311 in
1236 4246 1331 4312 Ualle
1356 4248 1516 4335 capellam
1538 4272 1638 4313 unam
1662 4271 1736 4313 eum
1760 4271 1819 4314 sua
1840 4272 1914 4336 per·

260 4357 408 4439 tinentia,
431 4358 466 4420 in
490 4354 535 4422 Sa
552 4405 559 4419 .
578 4405 585 4419 .
603 4404 611 4419 .
628 4366 667 4419 oq
691 4354 851 4442 capellam
875 4376 974 4419 unam
997 4375 1072 4418 cum
1095 4375 1155 4417 sua
1177 4355 1384 4445 pertinentia,
1415 4357 1550 4420 terciam
1573 4367 1699 4443 partem
1724 4355 1849 4421 castelli
1872 4355 1913 4420 de

262 4463 385 4529 Seuero
415 4486 489 4528 cum
520 4462 647 4549 capella
676 4485 751 4545 una,
782 4462 928 4526 Mentem
950 4460 1063 4525 Altum
1093 4484 1167 4526 cum
1199 4460 1358 4550 o[astell]o
1389 4475 1422 4527 et
1444 4462 1580 4549 capella,
1603 4463 1815 4549 Vergnanurn
1839 4486 1914 4528 cum

262 4582 350 4636 corte
374 4580 407 4634 et
424 4569 557 4634 castello
577 4580 610 4634 et
627 4568 754 4634 duabus
773 4568 918 4655 capelliS,
943 4567 1113 4633 castellum
1133 4567 1174 4633 de
1193 4568 1340 4650 Rodano,
1364 4571 1398 4633 in
1421 4570 1520 4633 vinea
1544 4571 1618 4635 Pa.
1636 4619 1643 4634 .
1660 4571 1734 4635 inar
1754 4570 1915 4658 capellam

260 4701 359 4742 unam
376 4699 450 4742 cum
469 4699 529 4741 sua
544 4676 750 4763 pertinentia,
771 4677 804 4738 in
820 4673 992 4739 Porcillole
1013 4674 1172 4761 capellam
1191 4699 1289 4740 unam
1309 4699 1384 4740 cum
1403 4699 1462 4740 sua
1481 4678 1685 4764 pertinentia,
1704 4679 1738 4742 in
1757 4679 1914 4743 Butrione

214 4812 244 4851 (ο
262 4784 421 4872 capellam
451 4806 549 4848 unam
580 4806 654 4848 cum
684 4806 744 4847 sua
772 4782 981 4869 pertinentia,
1012 4782 1097 4845 infra
1127 4782 1297 4847 castellum
1328 4782 1369 4847 de
1393 4783 1481 4849 Uilla
1510 4808 1596 4851 noua
1626 4786 1786 4873 capellam
1814 4809 1915 4851 unam

262 4914 336 4956 cum
367 4913 426 4956 sua
448 4892 654 4977 pertinentia,
685 4891 720 4954 in
742 4889 909 4954 Bruniano
939 4887 1099 4975 capellam
1130 4912 1228 4953 unam
1258 4912 1333 4955 cum
1364 4913 1423 4955 sua
1453 4893 1659 4977 pertinentia.
1706 4907 1792 4958 Cuius
1816 4916 1915 4979 quam

331 5139 398 5197 418.
421 5139 451 5209 d)
477 5141 565 5194 imm
591 5143 628 5193 im
653 5141 790 5206 soluendus
816 5142 873 5191 εἰη(
897 5156 953 5191 aar
977 5141 1028 5203 fuir
1052 5140 1095 5190 die
1112 5140 1171 5190 Zeu
1191 5140 1278 5193 Karta
1296 5141 1322 5196 d.
1341 5142 1390 5195 Gr.
1406 5142 1536 5210 massada
1554 5142 1691 5208 Weaduaq
1708 5142 1757 5196 der·
1775 5142 1833 5197 VU.
1852 5160 1915 5196 aus·

420 5213 540 5278 celarem
558 5214 601 5275 ist,
621 5214 657 5263 ist
675 5212 744 5264 auu»
761 5212 812 5264 das
829 5212 890 5263 luter
906 5210 1086 5277 adhueadiqe
1104 5210 1178 5262 Wort
1196 5210 1319 5264 cavenda
1338 5216 1387 5264 mit
1405 5213 1580 5279 fortyrfallen
1652 5220 1678 5279 e)
1705 5215 1775 5268 dim
1798 5216 1856 5267 aad
1873 5217 1917 5269 dis

422 5287 529 5337 mrim
543 5284 691 5350 solqmden,
705 5284 776 5347 δίει(
786 5283 872 5335 darell
885 5283 1059 5347 Scbriftreste
1071 5283 1223 5347 bsetdtiffiea
1236 5283 1439 5350 Eapdmaym
1452 5301 1502 5335 aas
1514 5285 1563 5336 der
1573 5284 1630 5339 VU.
1681 5283 1706 5354 f)
1723 5286 1916 5340 rationabilem

426 5355 483 5409 VU.
538 5359 566 5423 gl
588 5354 597 5407 i
615 5371 684 5410 sorr.
703 5371 755 5405 aas
773 5370 801 5422 e;
820 5360 952 5406 annotare
971 5354 1028 5407 VU.
1083 5352 1112 5417 h)
1132 5354 1176 5404 die
1189 5354 1296 5419 Laeana
1314 5358 1348 5405 iet
1366 5357 1547 5420 nocifelbaft,·
1564 5374 1591 5410 es
1608 5356 1708 5409 sobriat
1727 5358 1915 5425 aquilonarem

422 5443 473 5479 aaa
490 5426 646 5493 aquilonem
665 5442 733 5479 corr.
752 5443 787 5477 τι(
805 5429 870 5489 aaa,
894 5425 961 5477 doch
978 5425 1027 5476 bat
1045 5425 1113 5475 aaut
1131 5426 1181 5475 dua
1199 5426 1258 5476 DO.
1271 5426 1293 5479 I.
1308 5430 1363 5478 242
1380 5420 1534 5494 aquilonem
1593 5428 1613 5495 i)
1632 5428 1654 5480 si
1671 5428 1917 5483 terracmam

422 5499 577 5551 aarum
648 5497 678 5563 lr)
699 5498 770 5563 Vt),-
788 5500 818 5548 s'a
836 5499 862 5549 A
880 5497 977 5549 waste
995 5496 1120 5549 vielleubt
1138 5498 1207 5547 aucis
1226 5494 1362 5563 carpente
1380 5501 1480 5564 peteres
1498 5499 1602 5552 wadan
1676 5499 1697 5565 l)
1719 5500 1842 5554 ascendit
1858 5503 1915 5559 Vc.

422 5573 461 5637 m)
489 5571 540 5622 das
557 5576 624 5621 erato
642 5585 657 5621 a
675 5569 775 5621 euadat
793 5585 844 5621 aaa
863 5584 879 5620 ο
897 5584 967 5622 corr.
986 5584 1022 5618 aa
1040 5569 1097 5620 asia
1180 5572 1209 5633 n)
1237 5567 1256 5618 h
1274 5569 1340 5620 aser
1357 5571 1406 5622 der
1423 5571 1494 5623 Zeila
1511 5571 1707 5637 buchananum
1789 5574 1816 5640 o)
1839 5576 1882 5625 eia
1900 5592 1916 5629 c

421 5642 486 5693 siber
503 5641 552 5694 der
569 5642 643 5693 Zeila
666 5641 863 5705 manarum
934 5641 963 5707 p)
991 5640 1035 5691 die
1052 5639 1221 5704 maumam
1238 5640 1321 5702 (asela
1340 5641 1510 5708 Mulapum')
1529 5645 1565 5695 ar
1582 5643 1722 5707 ambitor,-
1743 5646 1800 5697 eine
1823 5645 1917 5698 Ustor-

421 5713 502 5779 Meae
519 5716 554 5766 tat
571 5712 687 5764 mistis
704 5729 741 5763 aa
758 5712 890 5763 eleanam
961 5712 992 5778 q)
1009 5710 1083 5761 leals
1100 5726 1149 5761 oea
1168 5713 1265 5776 smum
1283 5712 1453 5779 &qumana
1471 5715 1609 5782 sanabor,-
1629 5715 1661 5767 ob
1676 5713 1800 5783 Sublato,
1819 5716 1869 5769 dna
1888 5721 1917 5771 ta

422 5784 480 5839 Do.
493 5785 517 5838 Ι.
531 5787 584 5836 256
602 5784 769 5836 oorkommtt’
840 5782 863 5851 r)
882 5782 954 5834 Loels
972 5797 1022 5834 von
1039 5784 1138 5841 3mm,·
1158 5782 1319 5849 Malacam
1334 5789 1447 5850 erydazt
1465 5783 1578 5839 Passiua

328 5906 530 5950 ammianum
544 5909 589 5950 111.
1650 5900 1682 5952 tr
