4828 6520
531 354 596 418 ⁷14
1129 362 1591 421 KAISERURKUNDEN.

637 548 655 639 ᾖ
676 550 717 615 In
738 552 869 616 nomine
893 562 1025 616 sanctae
1049 574 1089 617 ac
1111 552 1302 618 individuae
1324 552 1489 618 trinitatis.
1530 550 1695 616 Ardoinus
1719 550 1831 616 divina
1851 550 1983 615 favente
2006 550 2180 615 clementia

529 679 600 722 rex.
710 656 745 723 Si
768 656 979 744 petitionibus
1002 668 1186 724 nostrorum
1207 658 1352 724 fidelium
1376 669 1567 723 assensum*
1589 655 1788 745 prebuimus,
1812 657 2003 744 promtiores
2027 679 2080 722 eos
2106 678 2179 721 ease

529 763 564 827 in
594 774 704 829 nostra
735 763 893 851 obsequia
922 766 1054 830 minime
1081 763 1099 855 ᾔ
1128 765 1314 831 titubamus.
1362 766 1527 847 Quocirca
1556 765 1699 829 omnium
1728 763 1872 829 fidelium
1901 774 2081 828 nostrorum
2112 774 2181 827 tam

529 871 730 957 presentium
754 894 851 958 quam
875 871 1057 937 futurorum
1079 873 1207 938 noverit
1229 872 1400 955 industria,
1431 894 1470 937 eo
1493 872 1581 959 quod
1603 872 1788 936 interventu
1810 893 1850 934 ac
1871 871 2026 957 petitione
2048 880 2181 934 nostrae

531 976 761 1042 dilectissimae
791 979 938 1064 coniugis
962 979 1081 1044 Bertae
1103 978 1277 1045 Albericus
1305 979 1403 1044 villae
1434 977 1620 1064 (itassingob
1649 975 1813 1042 habitator
1840 988 1982 1042 nostram
2012 976 2093 1041 adiit
2124 998 2211 1043 err-s

531 1083 748 1149 cenlentiam⁰
771 1085 912 1172 supplici
933 1108 1032 1173 prece
1056 1085 1247 1172 deposcens,
1270 1087 1422 1173 quatinus
1445 1084 1607 1172 quaedam
1629 1107 1744 1149 mansa
1761 1122 1806 1132 —
1823 1084 1857 1148 in
1881 1081 2042 1169 (iassingo
2064 1105 2183 1147 mansa

530 1192 604 1273 tria,
633 1192 668 1255 in
689 1191 863 1278 Pontinglo
886 1216 1001 1257 mansa
1024 1192 1099 1275 duo,
1126 1193 1160 1257 in
1183 1192 1381 1258 Facnnolio⁰
1404 1207 1466 1275 ΧΠ,
1490 1193 1525 1257 in
1547 1191 1716 1257 Sarmacia
1738 1212 1822 1277 quae
1846 1189 1965 1255 dicitur
1986 1188 2182 1279 Ourt[i]cia‘¹

530 1307 619 1362 terra
642 1297 775 1363 arabilis
799 1322 874 1364 cum
903 1301 1034 1386 pascuis
1058 1310 1091 1364 et
1113 1299 1263 1365 omnibus
1289 1299 1388 1365 rebus
1412 1299 1540 1364 eidem⁰
1564 1295 1810 1384 pertinentibus,
1842 1298 1877 1361 in
1898 1296 2043 1362 Lidrimo
2065 1319 2184 1361 mansa

531 1405 604 1487 tria,
634 1405 668 1469 in
692 1403 822 1470 (liriaco
845 1428 960 1470 mansa
989 1407 1149 1471 triacum
1172 1405 1369 1490 molendino,
1399 1407 1434 1470 in
1458 1403 1563 1471 Groso
1586 1427 1701 1469 mansa
1717 1419 1757 1469 VI
1779 1444 1824 1453 —
1847 1427 1920 1469 curn
1943 1406 2045 1468 servis
2068 1417 2103 1468 et
2125 1426 2183 1467 an·

532 1511 615 1576 ciliis
638 1513 740 1599 pratis
763 1513 894 1598 pascuis
918 1513 1008 1577 silvis
1032 1512 1125 1578 cultis
1149 1526 1181 1578 et
1204 1513 1334 1578 incultis
1356 1514 1436 1600 ripis
1459 1512 1584 1599 rupinis
1608 1514 1701 1598 aquis
1728 1533 1950 1598 aquarumque
1973 1509 2127 1575 ductibus
2151 1520 2184 1575 et
2201 1539 2225 1578 ro

532 1617 682 1683 omnibus
710 1619 866 1705 predictis
897 1621 1018 1684 mansis
1048 1619 1284 1706 pertinentibus
1314 1630 1444 1684 nostrae
1474 1619 1726 1683 confirmationis
1755 1628 1909 1705 precepto
1933 1618 2127 1683 confirmare
2151 1630 2185 1681 et

532 1723 742 1790 corroborare
766 1726 984 1811 dignaremur.
1024 1724 1138 1815 Cu[ius
1160 1726 1363 1815 p]etitionem
1386 1727 1505 1791 iustam
1527 1725 1683 1791 ducentes
1706 1747 1815 1790 amore
1838 1725 1990 1790 nostrae‘
2012 1723 2184 1811 predictae

532 1833 680 1918 coniugis
704 1855 802 1919 supra
825 1834 947 1919 scripta
969 1856 1083 1898 mansa
1105 1834 1139 1898 in
1161 1835 1324 1920 integrum
1348 1856 1422 1898 curn
1445 1831 1594 1898 omnibus
1617 1833 1821 1920 pertinentiis
1844 1843 1876 1896 et
1898 1831 2090 1896 adiacentiis
2115 1832 2184 1895 suis

531 1936 706 2002 mobilibus
729 1950 762 2003 et
783 1937 1003 2004 immobilibus
1026 1938 1124 2005 rebus
1155 1962 1238 2027 quae
1269 1940 1335 2007 dici
1357 1940 1411 2004 vel
1440 1940 1601 2004 nominari
1630 1950 1774 2026 possunt,
1804 1938 1958 2004 videlicet
1980 1961 2053 2003 cum
2076 1938 2184 2002 servis

531 2055 565 2108 et
588 2044 714 2109 ancillis
738 2045 911 2110 casulivis⁰
936 2047 1013 2110 ortis
1036 2047 1141 2111 vineis
1165 2048 1290 2134 campis
1308 2048 1410 2134 pratis
1429 2047 1523 2112 cultis
1543 2057 1576 2111 et
1592 2045 1722 2111 incultis
1741 2046 1832 2110 silvis
1851 2045 2029 2110 stellareis⁰
2047 2046 2184 2131 pascuis
2201 2071 2226 2111 rs

530 2149 760 2216 venationibus
784 2153 878 2239 aquis
902 2176 1125 2240 aquarumque
1149 2153 1301 2219 ductibus
1323 2153 1517 2218 molendinis
1535 2152 1708 2240 paludibus
1726 2151 1960 2239 piscationibus
1979 2164 2012 2216 et
2030 2149 2183 2216 omnibus

531 2257 640 2341 rebus,
665 2281 749 2344 quae
773 2259 815 2323 ad
840 2258 975 2347 eaedemc
1000 2282 1114 2325 mansa
1136 2261 1299 2347 pertinere
1323 2260 1484 2343 videntur,
1512 2261 1554 2325 ad
1576 2259 1716 2347 predicti
1737 2257 1884 2324 Alberici
1907 2260 2021 2345 suique
2045 2257 2183 2323 eredum

530 2374 588 2429 aut
611 2366 664 2429 cui
686 2366 757 2452 ipse
781 2365 908 2430 dederit
926 2367 976 2430 ius
995 2366 1173 2431 dominium
1195 2379 1228 2432 et
1245 2377 1440 2454 potestatem
1459 2366 1687 2432 confirmamus
1706 2364 1951 2431 corroboramus
1971 2365 2183 2430 concedimus

531 2481 565 2536 et
586 2469 752 2557 largimur,
776 2484 874 2559 prout
896 2474 979 2538 iuste
1003 2486 1036 2537 et
1058 2472 1207 2560 legaliter
1228 2497 1410 2561 possumus,
1434 2496 1473 2538 eo
1497 2473 1651 2539 videlicet
1673 2473 1785 2537 ordine
1806 2484 1842 2538 ut
1858 2472 1965 2537 nullus
1984 2472 2052 2537 dux
2075 2472 2182 2538 archi-

531 2579 704 2665 episcopus
735 2579 879 2645 marchio
910 2603 1018 2645 comes
1048 2582 1233 2646 vicecomes
1265 2579 1504 2670 scudas[ci]us⁸
1534 2580 1711 2667 gastaldius
1734 2579 1787 2644 vel
1817 2579 1934 2666 aliquis
1956 2578 2111 2666 publicae
2135 2580 2182 2644 rei
2199 2605 2224 2644 a

531 2697 666 2751 exactor
694 2708 815 2773 magna
836 2709 1003 2774 parvaque
1033 2689 1134 2753 nostri
1158 2689 1250 2774 regni
1273 2709 1414 2775 persona
1436 2686 1631 2774 prelibatum
1654 2685 1842 2752 Albericum
1871 2698 1926 2752 aut
1948 2685 2086 2771 eredes⁰
2112 2687 2182 2751 eius

530 2815 684 2880 umquam
720 2792 891 2859 disvestire
925 2795 1108 2882 inquietare
1144 2805 1176 2859 et
1209 2793 1381 2860 molestare
1416 2806 1590 2880 presumat
1647 2792 1715 2883 [Ep
1743 2796 1771 2858 si
1800 2795 1952 2858 inventus
1981 2794 2090 2875 fuerit,
2127 2793 2182 2880 qui

531 2910 645 2964 contra
667 2900 729 2965 hoc
752 2913 898 2965 nostrum
922 2901 1176 2966 confirmationis
1199 2900 1416 2991 pre[ceptu]m
1439 2901 1547 2966 facere
1569 2901 1808 2987 temptaveritl,
1832 2911 1962 2965 centum
1984 2899 2087 2964 libras
2112 2901 2182 2965 auri

532 3007 646 3091 optimi
669 3028 864 3092 componere
888 3017 1034 3094 cogatur,
1062 3008 1270 3073 medietatem
1293 3020 1423 3072 nostrae
1452 3030 1602 3073 camerae
1626 3018 1659 3072 et
1681 3007 1889 3072 medietatem
1912 3030 1990 3093 sepe
2013 3009 2182 3072 nominato

530 3110 684 3177 Alberico
715 3123 771 3176 aut
800 3113 952 3177 eredibus
983 3115 1063 3196 eius,
1094 3136 1175 3201 quos
1205 3115 1444 3200 inquietaverit.
1490 3114 1535 3178 Et
1563 3125 1599 3180 ut
1621 3116 1730 3179 verius
1754 3114 1906 3180 credatur
1927 3114 2181 3201 diligentiusque
2198 3137 2222 3178 as

531 3217 573 3282 ab
604 3217 753 3283 omnibus
783 3218 991 3303 observetur,
1022 3242 1120 3284 manu
1149 3222 1283 3307 propria
1311 3219 1423 3285 subter
1452 3220 1680 3286 confirmantes
1710 3220 1808 3307 sigilli
1835 3222 1937 3286 nostri
1965 3222 2181 3307 impressione

529 3324 683 3389 iussimus
706 3336 871 3390 annotare.

637 3464 655 3555 ᾖ
678 3465 815 3554 Signum
838 3468 948 3534 domni
970 3469 1109 3535 Ardoini
1133 3471 1331 3535 serenissimi
1353 3477 1419 3551 (M.)
1443 3481 1475 3534 et
1497 3471 1702 3535 invictissimi
1724 3472 1820 3557 regis.
1844 3467 1862 3559 ᾖ

639 3607 835 3675 Gotefredus
859 3610 1096 3697 cangellarius⁰
1121 3621 1154 3676 et
1177 3622 1288 3701 sanctq
1311 3611 1565 3677 Mediolanensis
1588 3613 1748 3678 aeclesiae
1770 3611 1932 3699 presbiter
1952 3613 2123 3699 prescivit

2054 3722 2116 3801 (SI.
2132 3724 2182 3801 D.)
2197 3741 2223 3782 ro

637 3859 727 3924 Data
749 3860 865 3925 tertio¹
890 3860 957 3925 kal.
981 3861 1140 3926 marcias¹
1166 3883 1251 3925 anno
1275 3860 1458 3926 dominicae
1485 3863 1717 3928 incarnationis
1740 3861 1908 3927 millesimo
1937 3872 2062 3948 quarto,
2096 3883 2180 3928 anno

528 3988 609 4031 vero
633 3965 743 4032 domni
765 3965 903 4032 Ardoini
926 3968 1092 4054 regnantis
1116 3978 1241 4054 quarto.

619 4197 664 4253 ¹⁰·
689 4195 867 4336 qum
886 4199 1725 4338 crebrueruntuuutstnt
1736 4199 2051 4324 mm
2107 4201 2179 4340 ru

689 4342 746 4405 auf
760 4342 854 4393 Bucar
918 4341 942 4410 l)
963 4358 995 4395 ae
1013 4358 1082 4395 corr.
1101 4358 1153 4394 sus
1170 4342 1179 4393 i
1242 4346 1271 4411 g)
1293 4343 1357 4394 oder
1374 4342 1545 4412 scudas[i]us;
1563 4343 1595 4396 ob
1611 4345 1655 4396 ein
1672 4345 1737 4395 oder
1752 4344 1818 4395 nori
1828 4341 1993 4395 ammom
2010 4342 2179 4408 saepefatos
2196 4349 2220 4392 rt

689 4412 759 4478 sind,
786 4415 822 4464 ist
846 4413 1153 4466 manumissam
1224 4411 1898 4481 h)dasareu0tooerda·loiemctqara9m
1969 4411 1989 4480 i)
2010 4413 2179 4481 moropa-

689 4483 783 4535 dmum
800 4485 1005 4551 ambusta-aym,
1024 4500 1045 4539 s.
1062 4485 1105 4536 die
1120 4483 1344 4551 Verbemerleunq.
1622 4518 1630 4526 ·
