4766 6604
502 433 567 495 400
1103 439 1565 497 KAISEBURKUNDEN.

500 646 688 701 uestrorum,
716 625 811 691 nobis
840 628 1025 713 nostrisque
1054 625 1205 692 fidelibus
1228 625 1473 707 demonstravit,
1508 641 1536 690 iu
1564 640 1684 704 quibus
1706 653 1723 685 a
1751 642 1910 705 reperimus,
1938 640 2076 705 quomodo
2099 640 2158 706 ipsi

431 760 482 803 1.11
500 734 770 798 constitucionem
793 732 932 819 predicti
955 749 1028 813 regis
1047 749 1199 813 Dagoberti
1223 741 1300 798 suish
1317 748 1546 813 precepcionibus
1567 763 1583 796 a
1601 762 1674 797 ιιονο
1698 746 1934 798 confirmaverunt
1977 733 2022 797 Et
2045 762 2080 797 ue
2102 748 2157 798 bec

499 839 554 904 lex
577 841 699 904 iniusta
719 849 851 905 ulteriusl
874 856 1044 921 procederet,
1063 862 1192 922 precatus
1211 860 1253 905 est
1271 854 1449 905 clemenciam
1468 860 1597 914 nocuum,
1617 860 1648 904 ut
1671 839 1880 904 insultantem
1904 840 2058 904 comitum
2081 862 2157 927 pre·

499 948 723 1034 sumptionem
740 959 852 1012 nostra
871 947 1098 1012 dominacione
1118 948 1365 1013 coherceremus
1388 977 1519 1025 remque
1545 970 1602 1012 sue
1626 960 1744 1012 ecclesie
1764 966 1857 1011 nostre
1877 960 2043 1011 auctoritate
2062 960 2156 1011 denuo

499 1068 727 1120 confirmaremus.
765 1068 852 1119 Cuius
870 1069 1055 1135 peticionibus
1075 1071 1110 1120 ob
1137 1069 1221 1120 divini
1248 1067 1340 1119 cultus
1365 1084 1484 1119 amorem
1511 1069 1626 1132 eiusque
1651 1053 1869 1118 voluntariam
1892 1054 2081 1117 servitutem
2104 1068 2155 1118 ad·
2181 1079 2197 1117 s

499 1178 680 1240 quiescentes,
700 1177 752 1226 hoc
771 1178 858 1227 nostri
876 1174 1002 1226 culminis
1022 1182 1182 1242 preceptum
1201 1176 1289 1226 sidem
1309 1173 1426 1225 ecclesie
1445 1175 1504 1226 fieri
1523 1176 1703 1234 decrevimus,
1727 1191 1776 1240 per
1794 1174 1868 1239 qnod
1887 1174 2022 1234 iubemus,
2042 1181 2073 1224 ut
2091 1190 2155 1240 pre-

499 1284 591 1333 fatus
619 1269 754 1333 antistes
776 1269 990 1355 Burgltardus
1014 1270 1149 1357 eiusque
1173 1298 1380 1342 successores,
1406 1282 1485 1332 sicud
1504 1299 1521 1332 a
1545 1268 1779 1353 prenominatis
1808 1282 1918 1346 regibus
1934 1292 1951 1324 s
1972 1279 2016 1331 vol
2035 1282 2155 1346 impera-

499 1390 604 1440 toribus
625 1376 835 1441 constitutum
859 1396 901 1440 est
924 1388 956 1440 el
979 1391 1176 1450 confirmatum,
1201 1406 1308 1441 omnem
1335 1406 1390 1440 rem
1418 1398 1476 1439 sue
1499 1387 1617 1439 ecclesie
1635 1390 1748 1453 quiete
1768 1390 1935 1454 possideant,
1962 1385 1994 1438 et
2017 1374 2155 1438 comites

498 1483 600 1546 nostri
629 1481 751 1546 nullam
782 1482 904 1546 familie
936 1506 994 1547 sue
1025 1483 1162 1547 ecclesie
1191 1497 1318 1547 inionem
1342 1481 1396 1546 νε]
1418 1483 1617 1546 iniusticiam
1638 1482 1776 1569 posthac
1799 1482 1919 1546 inferre
1944 1490 2153 1562 presumentk.

497 1590 654 1653 Preterea
670 1589 711 1653 ob
728 1600 860 1653 eternae
876 1587 1089 1654 beatitudinis
1105 1591 1406 1654 remuneracionem
1426 1600 1459 1653 et
1473 1586 1643 1653 beatorum
1658 1589 1749 1653 Petri
1765 1601 1797 1652 et
1812 1588 1907 1653 Pauli
1931 1587 2153 1674 apostolorum
2176 1614 2204 1651 ro

497 1697 747 1760 veneracionem
772 1696 875 1760 istud¹
902 1698 1069 1784 imperiale
1099 1708 1289 1784 preceptum
1320 1696 1546 1761 constituimus
1569 1695 1696 1782 hocque
1720 1697 1754 1758 in
1777 1696 2010 1781 sempiternum
2033 1694 2152 1759 stabile

497 1802 689 1889 firmumque
709 1826 899 1889 permanere
918 1805 1128 1891 precipimus,
1151 1814 1196 1885 ut,
1221 1804 1340 1889 siquis
1360 1803 1516 1889 deinceps
1535 1825 1578 1866 ex
1596 1801 1720 1866 sensilia
1735 1802 1991 1867 wormaciensis
2011 1801 2152 1867 ecclesie

497 1909 618 1974 furtum
641 1910 694 1974 vel
718 1922 890 1996 pugnamm
913 1922 970 1975 aut
1000 1910 1098 1975 ullam
1128 1911 1226 1975 aliam
1258 1909 1459 1974 criminalem
1483 1932 1616 1973 causam
1639 1911 1674 1973 in
1698 1909 1813 1973 eadem
1836 1909 1960 1973 seruilia
1982 1919 2152 1995 perpetra-

496 2018 591 2099 verit,
621 2016 664 2081 ad
686 2040 801 2081 munus
825 2019 971 2104 episcopi
994 2041 1052 2082 suo
1076 2017 1236 2083 advocato
1260 2029 1443 2103 componat.
1490 2015 1527 2081 Si
1557 2026 1666 2081 autem
1696 2027 1790 2081 extra
1814 2016 1970 2080 familiam
1994 2039 2068 2080 cum
2091 2038 2152 2079 ex-

497 2134 610 2189 traneo
634 2124 742 2210 aliquo
765 2125 871 2188 rixam
894 2124 1056 2206 habuerit,
1079 2124 1258 2189 advocatus
1277 2146 1354 2188 suus
1373 2124 1484 2189 comiti
1502 2147 1561 2210 pro
1581 2146 1620 2187 eo
1639 2124 1801 2187 iusticiam
1820 2123 1928 2203 faciat,
1954 2138 1985 2187 et
2004 2124 2032 2186 si
2050 2122 2153 2187 alicui
2173 2147 2200 2185 rs

497 2229 600 2295 libero
624 2231 746 2295 homini
769 2231 867 2296 ullam
891 2232 1088 2297 iniusticiam
1112 2232 1227 2296 feeerit
1249 2231 1302 2295 vel
1325 2253 1400 2295 eum
1423 2254 1461 2294 eo
1485 2232 1708 2316 pugnaveritm
1730 2229 1783 2293 vel
1813 2231 1840 2293 si
1871 2242 1964 2294 extra
1991 2228 2154 2294 familiam

496 2348 626 2426 raptum
637 2338 799 2425 aliqucm¹¹
811 2339 984 2425 peregerit,
1001 2339 1179 2404 advocatus
1192 2362 1268 2403 suus
1285 2338 1432 2401 similiter
1442 2360 1501 2425 pro
1518 2360 1556 2401 eo
1573 2337 1735 2401 iusticiam
1747 2337 1856 2402 saciat
1888 2336 1924 2402 si
1940 2349 2048 2402 autem
2063 2336 2151 2401 infra

497 2456 590 2532 septa
613 2445 786 2510 cuiuslibet
809 2446 930 2510 furtum
953 2445 1086 2534 aliquod
1110 2445 1317 2526 commiserit,
1340 2443 1457 2508 reddat
1480 2443 1568 2531 quod
1587 2441 1719 2507 abstulit
1733 2443 1786 2507 vel
1802 2445 1951 2509 restituat
1967 2455 1999 2509 et
2014 2445 2167 2530 insuper

496 2567 520 2616 V
544 2552 664 2617 solidos
687 2552 862 2639 persolvat,
886 2554 915 2617 si
938 2565 1042 2634 extra,
1072 2553 1190 2617 iterum
1221 2552 1308 2638 quod
1337 2549 1470 2616 abstulit
1499 2552 1648 2615 restituat
1677 2561 1710 2614 et
1739 2552 1873 2637 insuper
1896 2570 1994 2615 unam
2016 2552 2149 2627 unciam

495 2659 718 2724 tautummodo
749 2670 932 2747 componat,
964 2671 996 2724 et
1025 2682 1193 2746 nunquam
1221 2660 1326 2724 maius
1349 2658 1573 2722 vadimonium
1600 2669 1824 2743 promereatur
1847 2680 1944 2743 quam
1967 2673 1991 2721 V
2015 2657 2148 2721 solidos.
2170 2680 2199 2719 eo

496 2765 640 2831 Comites
671 2778 780 2831 sutem
809 2766 932 2835 nullam
961 2768 1090 2853 penitus
1119 2764 1262 2830 habeant
1290 2776 1484 2852 potestatem
1515 2787 1613 2851 super
1642 2764 1798 2829 familiam
1828 2764 1974 2849 predicte
1998 2763 2149 2843 ecclesie,

497 2874 558 2936 nisi
583 2875 617 2937 in
639 2873 737 2959 legali
756 2873 877 2960 placito
897 2897 971 2939 cum
990 2873 1111 2938 iudicio
1130 2871 1375 2937 scabinionum⁰
1395 2883 1428 2937 et
1446 2873 1628 2936 iuramento
1649 2870 1826 2936 liberorum
1845 2871 2011 2935 hominum
2030 2870 2151 2957 aliquis

496 2981 531 3043 in
554 3003 594 3044 ea
616 2980 669 3044 fur
692 3003 763 3044 esse
787 2982 1032 3045 convincaturl’.
1071 2981 1115 3044 Et
1138 2981 1166 3044 si
1188 2979 1297 3066 palam
1320 2980 1354 3042 in
1377 2979 1462 3043 furto
1486 2976 1758 3065 deprehendatur,
1782 2980 1816 3041 in
1840 2978 1997 3064 compede
2020 2978 2150 3042 condus

496 3087 626 3150 interim
648 3098 843 3167 reservetur,
875 3086 979 3151 donec
1007 3087 1252 3151 scabinionum⁰
1276 3084 1397 3150 iudicio
1427 3087 1461 3149 iu
1486 3108 1543 3149 suo
1567 3085 1686 3172 placito
1710 3086 1794 3149 iuste
1818 3084 2023 3149 diiudicetur.
2069 3083 2150 3148 illos

496 3215 574 3257 vcro
598 3207 645 3256 Lx
668 3192 802 3274 solidos,
837 3216 918 3279 quos
950 3217 1053 3280 usque
1086 3217 1172 3258 nunc
1204 3194 1325 3258 iniusta
1357 3203 1390 3256 et
1417 3192 1645 3256 inracionabili
1675 3192 1747 3278 lege
1777 3202 1985 3278 receperunt,
2015 3192 2148 3256 omnino
2169 3215 2197 3254 ss

446 3319 477 3359 ιν
496 3297 731 3380 interdicimus,
755 3301 817 3363 nisi
841 3301 875 3363 in
898 3299 1038 3386 publicis
1057 3297 1254 3364 civitatibus.
1296 3314 1332 3363 Et
1348 3327 1365 3357 a
1386 3315 1409 3364 ei
1428 3315 1489 3378 quis
1509 3299 1603 3363 huius
1629 3299 1889 3364 confirmacionis
1912 3319 2062 3379 precepta
2087 3314 2148 3364 vio-

497 3416 594 3469 laverit
612 3405 665 3469 vel
684 3417 792 3469 nostre
813 3407 1057 3471 constitucionis
1075 3418 1296 3493 transgressor
1315 3406 1468 3486 extiterit,
1493 3407 1521 3469 si
1538 3404 1622 3470 liber
1640 3416 1699 3487 est,
1724 3422 1759 3467 111
1779 3419 1861 3470 libres
1885 3422 1944 3470 euri
1968 3420 2003 3471 ert
2025 3425 2149 3471 nostram

496 3542 630 3575 eameram
651 3539 667 3570 a
689 3511 863 3598 persolvat,
888 3514 938 3576 sin
962 3524 1070 3578 autem
1093 3536 1217 3596 servus,
1242 3515 1365 3578 corium
1384 3523 1416 3577 et
1437 3512 1595 3599 cappillos
1614 3514 1750 3577 amittat
1789 3512 1857 3578 sed
1876 3534 1907 3577 ut
1925 3527 1975 3578 hec
1994 3528 2148 3577 autentas

497 3647 514 3679 s
530 3634 607 3684 firma
627 3633 789 3698 stabilisque
815 3622 848 3684 in
871 3631 1062 3707 perpetuo*
1084 3640 1201 3695 maneat,
1227 3652 1309 3685 mauu
1329 3635 1441 3701 propria
1465 3635 1563 3685 subtus
1589 3634 1779 3684 adnotavimus
1805 3635 1946 3699 nostrique
1973 3619 2070 3705 sigilli
2096 3634 2147 3683 im·

496 3742 635 3807 pressione
661 3757 721 3791 eam
745 3729 938 3813 consignare
961 3729 1177 3815 precepimus.
2168 3753 2196 3793 so

600 3870 689 3936 Data
712 3886 777 3935 1111.
801 3872 867 3936 kal.
891 3872 1023 3959 augusti
1045 3871 1224 3937 indictione
1246 3887 1308 3954 ΧΠ,
1340 3895 1425 3937 suno
1456 3872 1617 3937 dominice
1646 3872 1887 3935 incarnacionis
1909 3885 2028 3952 ttxnn,
2060 3894 2147 3935 auno

494 4000 571 4041 vero
596 3977 719 4043 domini
742 3979 891 4044 Heinriei
921 3979 1058 4044 secundi
1081 3981 1248 4066 regnantis
1271 3995 1347 4061 11111,
1379 3979 1507 4066 imperii
1537 3991 1646 4042 autem
1676 3980 1797 4064 prim03
1828 3990 1937 4042 actum
1960 3975 2146 4061 Mersifeld3

493 4085 528 4147 in
552 4083 604 4149 dei
628 4087 758 4151 nomine
782 4086 920 4152 feliciter
942 4109 1048 4152 amen.

1271 4390 1364 4476 320.

493 4558 673 4632 Heinrich
696 4559 841 4633 scbeultt
860 4560 926 4633 der
948 4561 1199 4660 biscltbfliclten
1216 4561 1354 4635 Kircltc
1372 4588 1416 4635 zu
1433 4562 1592 4635 Novaro
1613 4561 1673 4635 dte
1693 4560 1916 4657 Grefscltost
1930 4563 1980 4635 im
2001 4558 2146 4635 Oseula-
2166 4593 2193 4632 ιι

495 4677 572 4751 rtet
594 4677 675 4751 und
700 4691 857 4751 erstottet
876 4679 936 4751 ibt·
956 4679 1016 4752 die
1036 4678 1232 4756 Gemeiode
1254 4680 1404 4755 ilecute
1421 4683 1487 4754 tuit
1504 4681 1583 4753 dero
1601 4680 1731 4778 Hasce
1749 4707 1822 4755 oon
1840 4681 2021 4781 Beetupno
2038 4682 2148 4753 sense

495 4795 566 4869 dea
591 4794 685 4895 Hos
704 4795 929 4873 Gruvellouo
953 4797 1099 4871 surdelt.
1689 4827 1855 4887 nmmum
1878 4828 1956 4888 1014
1977 4857 2021 4866 -
2044 4856 2098 4886 -,

603 5002 917 5077 Oripinoltranssuomt
929 5002 969 5061 K.
983 5002 1141 5061 Heiomchs
1152 5002 1222 5061 VII.
1239 5022 1294 5062 von
1310 5006 1384 5063 1311
1397 5006 1486 5080 April
1500 5007 1519 5063 3
1533 5005 1564 5063 iu
1577 5007 1629 5064 der
1640 5005 1879 5066 Stedtbitttottet
1888 5025 1924 5065 zu
1935 5006 2057 5065 Novaro
2069 5006 2143 5074 (A).

601 5144 713 5220 Species
736 5146 810 5216 sacti
832 5147 862 5203 iu
891 5164 977 5204 curos
1000 5146 1110 5204 Norcr.
1131 5147 1195 5205 eccl.
1213 5148 1274 5204 322
1298 5150 1329 5205 o⁰
1345 5148 1384 5205 12
1407 5166 1460 5205 otte
1486 5148 1677 5223 Trorassmupt
1699 5150 1824 5208 Wenzcls
1840 5171 1881 5195 =
1898 5148 1992 5208 Serica
2015 5149 2088 5219 secti
2112 5150 2144 5208 in

600 5271 686 5312 cotos
715 5253 827 5311 Novar.
855 5254 919 5311 cccl.
951 5255 983 5311 ιι]
1003 5255 1051 5311 12.
1082 5283 1125 5291 -
1154 5252 1304 5312 Batonius
1332 5255 1408 5313 Aura
1440 5255 1503 5313 cccl.
1534 5274 1599 5313 zara
1627 5256 1659 5316 J.
1688 5257 1763 5316 1011
1789 5259 1821 5315 u⁰
1841 5256 1878 5313 11
1905 5274 1958 5313 arcs
1980 5255 2145 5326 Absclrrist,
2165 5279 2192 5316 ro

599 5360 763 5420 uiedrrltolt
788 5360 820 5418 in
847 5361 924 5419 ullos
946 5360 1095 5435 Ausluqeo
1120 5381 1161 5406 =
1185 5359 1322 5419 Palatius
1344 5361 1451 5435 Aquila
1478 5368 1578 5421 sarecto
1601 5364 1649 5433 41,
1675 5384 1715 5408 =
1745 5363 1844 5437 ilique
1866 5362 2145 5430 Feratenses

600 5470 631 5525 u⁰
643 5468 699 5526 139
714 5486 748 5526 zu
765 5467 853 5528 1024.
871 5497 914 5505 —
929 5466 1050 5527 Carolus
1061 5467 1194 5525 Novaria
1209 5468 1267 5525 313
1283 5487 1336 5526 uro
1350 5469 1540 5543 Transeuntes
1559 5470 1683 5529 chuchs
1700 5464 1750 5545 (a)
1768 5490 1809 5516 =
1826 5469 1935 5543 Uplrcllt'
1951 5467 2042 5525 Italia
2057 5485 2144 5528 sucro

562 5651 625 5707 ets.
652 5652 681 5719 ]ι)
701 5652 810 5721 suisque
823 5654 849 5704 D
904 5653 924 5721 i)
946 5656 976 5705 r'n
992 5655 1019 5705 D
1034 5669 1084 5706 con
1093 5655 1226 5720 jdnycrer
1238 5654 1324 5705 Hand
1338 5673 1384 5706 am
1399 5656 1494 5707 Raude
1509 5656 1702 5721 sacharoma
1756 5654 1785 5721 ]ι)
1806 5657 1946 5721 presumat
1958 5655 1985 5704 D
2037 5652 2057 5715 1)
2078 5654 2106 5704 N
2112 5655 2144 5713 U,

652 5725 674 5778 Ι.
695 5725 741 5785 ΙΙ,·
766 5741 852 5777 uuum
865 5726 892 5777 D
946 5726 985 5793 m)
1004 5726 1089 5793 pugn.
1103 5726 1130 5776 D
1183 5726 1213 5789 ιι)
1234 5726 1297 5780 NU.
1310 5728 1333 5781 I.
1347 5728 1392 5787 Π,·
1410 5725 1485 5794 aliqd
1497 5728 1523 5778 D
1577 5730 1604 5793 o)
1621 5729 1648 5779 D
1662 5752 1693 5770 =
1708 5726 1772 5777 ΝΠ.
1785 5727 1815 5786 Ι,·
1833 5723 2017 5777 scabiniorum
2033 5724 2098 5780 Nu
2112 5727 2149 5777 ΙΙ

651 5798 681 5863 p)
701 5797 761 5849 NU.
775 5797 798 5850 I.
812 5798 856 5857 II;
880 5794 1006 5849 vincatur
1023 5798 1057 5851 D.
2164 5811 2190 5848 ts
