4828 6520
485 329 549 391 704
1094 334 1554 393 KAISERURKUNDEN.

482 532 515 584 et
537 522 773 608 propagatione
797 523 911 607 regni·
934 522 1056 586 nostrib
1079 521 1229 586 dedimus
1259 523 1293 585 in
1324 524 1486 608 integrum
1517 535 1550 588 et
1576 525 1610 587 in
1632 536 1826 611 perpetuum
1849 533 1962 588 sancto
1985 522 2143 588 Abondio

482 649 610 692 omnem
641 627 728 692 illam
760 639 886 714 partem
917 628 958 692 dc
989 638 1096 693 castro
1120 629 1313 711 Berizona0,
1344 652 1407 716 que
1438 630 1480 694 ad
1510 640 1655 695 nostram
1682 629 1871 717 publicam<¹
1893 630 2049 717 pertinuit
2072 640 2144 693 tam

481 734 567 797 intus
598 757 696 821 quam
727 735 816 816 foris,
848 758 921 799 cum
953 734 1104 800 omnibus
1128 735 1333 821 appendiciis
1357 738 1434 818 suis,
1466 759 1540 801 curn
1563 738 1716 801 mercatis
1739 737 1875 802 teloneis
1900 738 2004 801 servis
2027 748 2060 800 et
2083 758 2144 800 an-

482 839 564 903 cillis
588 839 726 905 aldionis
750 852 783 906 et
805 841 965 923 aldiabus,
998 865 1071 907 cum
1102 841 1252 906 omnibus
1275 842 1416 929 publicis
1440 843 1621 908 'redditibus
1653 855 1685 908 et
1708 842 1939 925 functionibus,
1969 866 2042 908 cum
2067 843 2144 929 ipsa

481 969 609 1032 quoque
639 958 735 1034 porta
764 970 827 1034 qne
857 947 989 1034 publico
1019 949 1093 1012 usui
1122 948 1279 1013 hactenus
1310 948 1498 1031 deservivit,
1529 962 1565 1015 ut
1592 950 1696 1015 libere
1726 972 1839 1015 secure
1869 952 1978 1036 quiete
2000 949 2181 1036 pacifices

480 1076 554 1118 cum
578 1055 667 1117 omui
689 1065 850 1141 potestate
874 1065 907 1119 et
930 1054 1046 1119 Petrus
1071 1053 1237 1120 Cumanus
1261 1057 1435 1142 episcopus
1463 1080 1522 1143 pro
1550 1058 1737 1143 integritate
1761 1079 1819 1121 sue
1843 1056 1920 1121 fidei
1944 1068 1976 1120 et
1997 1057 2142 1143 puritate

480 1161 611 1224 servicii
634 1170 667 1223 et
690 1183 803 1224 omnes
834 1162 884 1224 sui
915 1184 1121 1226 successores
1152 1160 1295 1226 habeant
1325 1172 1458 1226 teneant
1484 1176 1516 1227 et
1539 1163 1694 1250 quicquid
1718 1186 1829 1228 eorum
1853 1163 2002 1227 voluntas
2025 1162 2143 1226 decre-

478 1268 563 1331 verit
587 1266 629 1330 ad
653 1266 774 1331 cultum
799 1267 944 1331 divinum
969 1268 1094 1350 fatiant,
1127 1269 1205 1354 quia
1233 1268 1417 1354 predictum
1447 1280 1590 1333 castrum
1613 1270 1775 1334 Berizona
1803 1293 1877 1334 cum
1901 1267 2049 1333 omnibus
2074 1291 2142 1354 que

478 1373 521 1437 ad
544 1372 624 1437 illud
647 1381 703 1437 aut
726 1374 811 1436 intus
843 1386 899 1437 aut
922 1374 1001 1437 foris
1025 1376 1252 1460 pertinuerunt
1274 1398 1295 1439 a
1317 1387 1427 1440 nostro
1455 1376 1525 1439 iure
1549 1387 1582 1440 et
1605 1369 1749 1440 dominio
1773 1386 1806 1441 et
1828 1375 1869 1441 ab
1894 1377 1982 1440 omni
2004 1373 2143 1461 publica

477 1481 677 1566 repeticione
701 1480 803 1543 iuius
824 1491 857 1544 et
875 1479 1054 1544 dominium
1074 1483 1178 1545 sancti
1197 1480 1342 1546 Abondii
1362 1483 1493 1545 omnino
1512 1482 1745 1546 transfudimus
1765 1482 1913 1546 dedimus
1932 1481 2140 1561 donavimus,
2163 1507 2191 1545 rc

477 1596 513 1650 ut
536 1585 660 1673 absque
684 1585 816 1671 publico
839 1599 992 1672 respectu
1023 1601 1055 1652 et
1086 1588 1155 1651 sine
1186 1590 1275 1652 omni
1304 1587 1457 1675 publica⁰
1481 1590 1738 1676 inquietationc⁰
1762 1590 1871 1654 omnia
1893 1611 1992 1673 supra
2015 1587 2143 1673 scripta

477 1693 675 1778 pertinentia
705 1715 778 1756 cum
810 1695 913 1756 servis
944 1705 977 1757 et
1000 1693 1127 1757 ancillis
1158 1696 1203 1757 ita
1226 1705 1360 1758 teneant
1381 1693 1527 1760 iudicent
1558 1707 1590 1759 et
1620 1695 1771 1759 ordinent
1800 1696 1884 1759 sicut
1913 1704 2023 1759 cetera
2052 1692 2141 1775 loca,

477 1822 541 1884 que
564 1810 639 1863 ante
664 1809 795 1863 centum
822 1822 925 1863 annos
955 1799 1096 1864 ecclesia
1126 1803 1230 1864 sancti
1253 1800 1398 1866 Abondii
1422 1803 1577 1888 aquisivit
1600 1813 1632 1866 et
1656 1804 1768 1867 tenuit.
1814 1801 1921 1866 Decet
1951 1801 2037 1864 enim
2062 1798 2140 1888 [ct]‘

476 1928 578 1990 regno
601 1916 712 1970 nostro
732 1916 782 1969 est
799 1907 1036 1970 incrementum
1055 1906 1096 1970 de
1115 1907 1178 1970 hiis
1198 1930 1260 1994 que
1281 1907 1361 1971 deus
1380 1907 1472 1972 dedit
1489 1907 1551 1972 deo
1571 1908 1649 1972 dare
1669 1920 1701 1973 et
1720 1910 1751 1973 ei
1769 1909 1925 1973 honorem
1942 1906 2139 1987 retribuere,

477 2012 533 2098 qui
556 2013 657 2097 gratis
681 2012 818 2076 honorat
842 2024 874 2076 et
897 2034 917 2076 a
941 2035 1005 2098 quo
1029 2014 1134 2078 omnis
1158 2013 1261 2077 honor
1284 2014 1441 2100 procedit.
1483 2014 1579 2095 Quod
1603 2037 1680 2100 ergo
1705 2014 1767 2079 deo
1786 2015 1911 2097 damus,
1935 2013 1976 2078 de
1996 2036 2055 2077 suo
2075 2024 2138 2095 cst,
2162 2039 2189 2078 rs

476 2128 508 2181 et
528 2117 615 2204 quod
634 2119 704 2182 eius
724 2119 845 2182 sanctis
865 2119 1072 2201 conferimus,
1097 2121 1152 2184 dei
1168 2119 1253 2184 dono
1274 2133 1305 2184 ot
1322 2132 1508 2185 sanctorum
1523 2120 1678 2208 precibus
1693 2121 1887 2207 recepimus.
1925 2120 2139 2184 Honoremus

476 2246 554 2310 ergo
574 2236 713 2307 sanctos,
739 2225 879 2289 ditemus
898 2225 971 2289 loca
989 2237 1186 2309 sanctorum,
1211 2239 1246 2291 ut
1264 2227 1353 2313 ipsos
1372 2227 1459 2313 apud
1479 2227 1576 2291 deum
1595 2226 1760 2292 adiutores
1783 2226 1961 2291 habeamus
1980 2235 2013 2289 et
2035 2226 2137 2288 inter·

476 2353 633 2395 cessores.
672 2331 737 2395 Per
759 2332 821 2396 hoc
846 2333 931 2396 enim
955 2331 1205 2419 predecessores
1228 2335 1330 2397 nostri
1353 2334 1415 2398 deo
1439 2334 1597 2397 multumss
1619 2334 1826 2420 placuerunt3
1850 2356 1910 2418 per
1932 2332 1994 2396 hoc
2018 2341 2051 2396 et
2072 2353 2136 2395 nos

474 2460 642 2524 speramus
678 2449 710 2501 et
744 2439 812 2502 vite
847 2437 985 2503 salutem
1019 2449 1052 2503 ct
1087 2441 1180 2524 regni
1212 2453 1422 2525 augmentum
1458 2452 1490 2504 et
1523 2442 1615 2527 pacis
1646 2440 1934 2526 prosperitatisque
1964 2439 2135 2502 honorem.

473 2543 629 2609 Iubemus
652 2545 760 2630 igitur,
792 2555 827 2608 ut
856 2544 963 2609 nullus
993 2545 1063 2609 dux
1085 2546 1230 2610 marchio
1254 2569 1363 2610 comes
1387 2547 1581 2627 vicecomes,
1611 2546 1717 2610 nuflus
1741 2546 1887 2626 Latinus,
1915 2543 2022 2608 nullus
2046 2544 2134 2608 Teu·
2156 2570 2186 2609 ao

472 2653 611 2733 tonicus,
631 2650 719 2715 nulla
737 2652 830 2736 regni
848 2652 952 2715 nostri
971 2674 1091 2736 magna
1110 2651 1162 2715 vel
1181 2675 1285 2738 parva
1298 2675 1439 2739 persona
1456 2652 1611 2738 deinceps
1627 2651 1668 2717 de
1683 2652 1831 2739 predicto
1848 2662 1954 2716 castro
1970 2651 2136 2715 Berizona

472 2768 530 2821 aut
559 2757 600 2822 de
631 2757 742 2843 aliqua
771 2759 841 2821 eius
870 2758 1069 2844 pertinentia
1099 2769 1155 2822 aut
1184 2760 1271 2822 intus
1302 2769 1359 2822 aut
1387 2759 1466 2822 foris
1494 2757 1560 2823 ullo
1590 2759 1646 2822 in¹¹
1677 2770 1822 2844 tempore
1845 2779 1905 2844 per
1928 2756 2063 2843 aliquod
2085 2758 2134 2821 in·

471 2865 604 2951 genium
635 2886 669 2928 se
699 2865 914 2928 intromittere
944 2864 1065 2929 audeat
1094 2888 1156 2929 nec
1187 2888 1330 2951 unquam
1361 2864 1534 2929 ecclesiam
1564 2867 1668 2929 sancti
1691 2863 1836 2929 Abondii
1858 2864 1934 2928 inde
1959 2864 2134 2927 disvestire

472 2981 639 3057 presumat
673 2982 729 3034 aut
760 2971 894 3034 Petrum
929 2981 1075 3034 nostrum
1108 2971 1334 3035 fidelissimum
1369 2972 1559 3057 episcopum
1594 2970 1797 3035 Cumanum¹
1835 2981 1891 3034 aut
1925 2970 2025 3034 ullum
2061 2971 2134 3033 eius

472 3100 696 3141 successorem
725 3078 802 3141 iude
833 3078 1016 3163 inquietare
1047 3077 1243 3141 molestarel
1273 3088 1330 3141 aut
1359 3100 1419 3163 per
1447 3078 1547 3142 ullum
1580 3076 1737 3163 placitum
1759 3077 1897 3163 fatigare
1921 3075 2132 3142 contendat¹.
2154 3102 2182 3141 ss

473 3184 508 3249 Si
529 3185 601 3269 quis
621 3195 730 3247 autem
749 3183 874 3266 feccrit,
899 3183 986 3247 mille
1005 3182 1106 3247 libras
1126 3185 1302 3248 coctissimi
1322 3185 1393 3249 auri
1412 3193 1594 3269 componat,
1618 3183 1829 3248 medietatem
1851 3181 1945 3247 nobis
1965 3192 1997 3246 et
2016 3194 2132 3245 sancto

471 3288 625 3354 Abondio
648 3289 794 3372 alteram,
819 3301 852 3353 et
870 3290 932 3354 hoc
950 3300 1142 3376 preceptum
1162 3289 1311 3354 omnibus
1331 3289 1531 3376 temporibus
1550 3292 1584 3354 in
1604 3313 1663 3353 sua
1681 3300 1813 3354 maneat
1830 3289 1992 3352 firmitate.
2033 3287 2134 3367 Quod

470 3406 507 3460 ut
530 3395 683 3461 credatur
704 3397 824 3477 verius,
849 3407 1062 3460 conservetur
1085 3395 1283 3481 diligentius,
1308 3396 1369 3460 hoc
1388 3406 1580 3483 preceptum
1598 3395 1698 3460 scribi
1716 3397 1877 3477 iussimus,
1901 3417 2001 3459 manu
2019 3406 2134 3458 nostra

471 3503 702 3567 firmavimusm
726 3513 759 3566 et
780 3514 891 3567 nostro
916 3502 1021 3588 sigillo
1045 3503 1195 3587 insigniri
1218 3503 1436 3589 precepimus.

578 3645 716 3731 Signum
740 3646 863 3710 domini
885 3644 1026 3709 Ardoini
1049 3645 1248 3709 serenissimi
1272 3651 1336 3723 (M.)
1363 3656 1395 3707 et
1418 3645 1625 3709 invictissimi
1648 3644 1746 3729 regis.
2152 3670 2180 3709 so

578 3785 797 3852 Cunibertusll
812 3785 1048 3852 cancellarius⁰
1064 3788 1137 3850 vice
1149 3786 1238 3849 Petri
1251 3785 1391 3850 Cumani
1407 3786 1555 3871 episcopi
1571 3796 1603 3850 et
1615 3783 1912 3850 archicancellarii⁰
1924 3786 2130 3869 recognovit

577 3930 667 3993 Data
701 3939 817 3993 octavo
852 3927 919 3992 kal.
951 3927 1063 4013 aprilis
1099 3951 1183 3991 anno
1219 3927 1381 3991 dominice
1415 3927 1647 3990 incarnationis
1685 3926 1920 4012 nonagesimop
1954 3925 2131 3990 millesimo

470 4036 625 4117 secundo,
656 4035 834 4099 indictione
865 4035 979 4121 quinta
1009 4034 1146 4117 decima,
1177 4057 1262 4098 anuo
1285 4056 1364 4097 vero
1395 4033 1518 4097 domini
1540 4032 1678 4097 Ardoini
1707 4033 1794 4119 regis
1822 4042 1979 4117 regnante
2004 4033 2130 4118 prim03

469 4156 579 4207 actum
603 4152 709 4207 castro
733 4142 906 4227 Montigio;
935 4140 1074 4204 feliciter
1097 4163 1202 4204 amcn.

1279 4424 1303 4505 5
2149 4466 2177 4506 a

470 4570 617 4642 Arsinia
642 4567 788 4642 scltcalst
822 4567 888 4639 der
914 4566 1167 4663 bisclrofliclsen
1194 4563 1331 4636 Kirclre
1364 4588 1408 4634 zo
1434 4561 1532 4636 Lods'
1564 4563 1632 4636 das
1658 4561 1853 4662 Flusspold
1877 4562 1966 4661 [der
1990 4563 2130 4659 Addo]

415 4690 417 4694 ’
468 4690 515 4759 im
546 4687 672 4763 Gebiet
695 4714 767 4759 oon
797 4683 990 4783 Caveuapo
1017 4684 1098 4757 aad
1125 4682 1382 4781 Golpuqaoao.
1785 4737 1829 4747 -
1854 4710 1934 4769 1002
1956 4735 2002 4746 -.
2024 4737 2080 4768 ..,

574 4896 728 4965 Absclrrist
750 4895 799 4953 des
823 4884 868 4952 13.
885 4892 941 4953 Jlr.
965 4893 1007 4950 im
1030 4891 1227 4959 &schalheim
1250 4889 1416 4947 Archiam
1440 4886 1517 4946 Lodi
1542 4886 1610 4953 (B).

578 5038 689 5113 Uplrclli
707 5037 800 5095 Italis
822 5054 908 5094 soora
928 5035 971 5093 od.
989 5034 1015 5092 I.
1033 5034 1062 5103 4,
1075 5033 1133 5091 901
1157 5050 1210 5090 aas
1228 5030 1381 5099 Absclzrist
1403 5048 1456 5087 von
1475 5029 1505 5086 Β
1523 5028 1576 5086 mit
1594 5047 1622 5086 a.
1639 5030 1699 5085 inc.
1717 5028 1884 5085 millesimo
1903 5028 2055 5095 secundo,
2080 5030 2127 5085 in·

575 5146 648 5203 dict.
666 5145 724 5202 XV
739 5164 780 5189 =
800 5143 842 5200 ed.
859 5141 906 5200 Π.
923 5142 953 5211 4,
966 5141 1023 5199 661
1045 5160 1086 5186 =
1106 5139 1220 5197 Eadtcr
1237 5137 1284 5195 De
1302 5137 1432 5195 Ardoino
1450 5138 1502 5205 25,
1523 5155 1563 5181 =
1584 5133 1727 5192 Zaccorio
1745 5131 1840 5191 Laud.
1857 5133 1942 5206 episc.
1959 5134 2049 5191 series
2065 5135 2128 5192 118
2147 5160 2174 5199 ω

572 5326 601 5382 4.
627 5330 657 5395 b)
679 5330 750 5381 B:
763 5329 826 5382 ΝΠ.
847 5328 910 5380 DH.
924 5327 962 5380 II.
978 5330 1025 5389 74,·
1043 5325 1110 5388 feldt
1129 5327 1158 5375 in
1177 5324 1200 5375 C
1270 5326 1295 5387 c)
1313 5320 1476 5373 BirizonaG
1545 5317 1575 5383 d)
1596 5318 1645 5369 BC
1658 5343 1688 5360 =
1702 5317 1779 5379 NU.‚·
1797 5333 1824 5369 σε
1841 5317 1941 5368 ament
1958 5322 2026 5368 awo
2045 5323 2126 5384 potc-

627 5406 725 5452 statem
745 5401 808 5452 oder
826 5404 934 5467 partem
952 5414 988 5448 zu
1007 5398 1104 5460 sellan,
1123 5395 1188 5446 doch
1206 5394 1257 5459 vqs.
1277 5394 1340 5444 oben
1359 5392 1385 5445 S.
1401 5395 1433 5442 94
1453 5392 1488 5445 N.
1502 5390 1529 5453 b,
1552 5394 1584 5439 95
1601 5389 1666 5442 N.c
1738 5392 1764 5452 e)
1787 5389 1811 5439 Β
1826 5413 1856 5430 =
1871 5387 1952 5449 NU.‚·
1970 5387 2047 5440 omni
2068 5389 2127 5440 ulla

627 5472 824 5539 inquietatione
840 5470 950 5538 publica
967 5468 1096 5519 omniaC
1146 5465 1172 5528 s)
1194 5466 1270 5525 NU,;
1286 5465 1355 5527 fehlt
1371 5466 1400 5513 in
1417 5462 1466 5514 BC
1517 5462 1546 5528 g)
1568 5461 1593 5511 B
1609 5460 1668 5512 hm·
1682 5460 1738 5509 aad
1754 5462 1783 5508 in
1798 5458 1829 5508 N
1834 5458 1880 5515 U.,·
1899 5457 2018 5538 multum
2035 5457 2090 5512 deo
2105 5461 2129 5512 0

627 5545 686 5595 hier
701 5544 757 5594 arsid
773 5547 802 5593 in
819 5544 879 5595 NH.
897 5541 959 5605 (rol.
976 5540 1039 5590 obeo
1056 5538 1083 5591 S.
1096 5541 1128 5587 91
1146 5537 1181 5592 N.
1192 5535 1223 5602 d)
1278 5533 1307 5599 h)
1329 5534 1393 5598 fehlt
1411 5533 1481 5584 inc
1532 5530 1551 5597 i)
1570 5531 1634 5582 0=
1649 5530 1726 5595 Nm·
1745 5528 1898 5580 Cumanum
1918 5545 2083 5596 episcopum
2101 5531 2128 5582 Β

626 5614 654 5680 k)
680 5615 836 5666 mollestare
856 5615 879 5665 B
959 5611 978 5677 l)
1002 5611 1027 5661 Β
1048 5635 1078 5651 -·
1099 5610 1128 5660 N
1133 5609 1179 5673 U.,·
1204 5604 1352 5659 contendat
1371 5610 1398 5656 et
1416 5606 1557 5670 presumat
1576 5602 1599 5654 0
1677 5603 1715 5661 m)
1739 5600 1762 5651 0
1781 5624 1811 5643 =
1831 5600 1861 5651 N
1866 5599 1895 5653 U.
1903 5622 1911 5663 ,·
1936 5598 2081 5652 firmamus
2102 5601 2127 5652 B
2147 5620 2176 5658 ra

625 5688 654 5752 n)
674 5684 837 5737 Gumbcrtus
855 5684 904 5735 BC
972 5684 1000 5748 o)
1022 5679 1208 5744 canzellarius,
1227 5673 1458 5730 archicauzcllarii
1475 5675 1525 5725 Bc
1594 5674 1623 5740 pl
1644 5671 1772 5736 305091.
1792 5671 1834 5722 die
1852 5670 1914 5724 DD.
1927 5672 1953 5724 2.
1970 5674 1996 5724 3.
2013 5675 2040 5726 5,
