4798 6486
501 372 566 435 480
1100 377 1561 435 KAISERURKUNDEN.

499 564 594 629 simul
624 574 810 629 sanctorum
839 565 874 628 in
903 563 975 629 loco
1005 564 1062 652 qui
1085 563 1204 629 dicitur
1227 561 1378 650 Cofunga
1400 565 1591 645 construxit,
1622 565 1656 627 in
1679 586 1744 650 quo
1767 563 1912 650 virgines
1935 561 1995 626 sub
2020 561 2157 647 regular

499 671 603 735 sancti
626 671 798 735 Benedicti
828 669 1002 735 ordinavit.
1048 670 1156 735 Huius
1186 670 1285 757 igitur
1315 669 1454 735 dilectae
1484 682 1614 734 nostrae
1645 671 1792 756 coniugis
1819 670 1921 734 amori
1944 670 1980 732 in
2003 667 2158 732 omnibus

499 775 762 864 obtemperantes
796 799 855 863 pro
890 775 1036 841 remedio
1071 777 1200 842 animae
1235 786 1364 841 nostrae
1399 799 1461 841 nec
1495 799 1561 841 non
1594 778 1696 862 ipsius
1731 777 1939 863 omniumque
1970 773 2157 840 debitorum

499 894 682 948 nostrorum
712 883 877 970 quandam
906 885 1009 947 nostri
1038 883 1119 948 iuris
1151 894 1273 948 cortem
1296 882 1497 948 Hodeminni
1521 883 1640 948 dicum
1664 885 1759 947 sitam
1783 884 1818 946 in
1840 904 1926 970 pago
1948 882 2156 968 Laenigouui

499 991 533 1054 in
556 990 712 1055 comitatu
728 989 922 1054 Herimanni
946 990 1073 1054 comitis
1093 1012 1167 1054 cum
1191 988 1341 1054 omnibus
1364 990 1569 1077 pertinentiis
1592 970 1659 1053 suis
1683 990 1771 1075 agris
1794 990 1880 1053 areis
1903 988 2040 1053 edificiis
2060 989 2156 1052 terris
2175 1010 2190 1049 s

500 1096 594 1162 cultis
618 1106 652 1160 et
672 1095 803 1160 incultis
827 1095 918 1160 silvis
941 1093 1170 1160 venationibus
1193 1098 1287 1182 aquis
1310 1118 1534 1182 aquarumque
1559 1095 1751 1161 decursibus
1773 1095 2009 1182 piscationibus
2032 1094 2154 1159 molen·

499 1202 585 1267 dinis
607 1204 711 1289 pratis
734 1202 865 1289 pascuis
889 1203 951 1266 viis
975 1211 1008 1266 et
1029 1202 1127 1265 inviis
1150 1200 1293 1266 exitibus
1316 1212 1349 1266 et
1371 1200 1530 1266 reditibus
1550 1203 1685 1288 quesitis
1704 1212 1737 1266 et
1755 1201 1957 1288 inquirendis
1980 1202 2155 1287 mancipiis

498 1310 667 1396 utriusque
697 1331 797 1373 sexus
827 1318 860 1372 et
889 1307 1039 1372 omnibus
1069 1330 1154 1395 quae
1178 1308 1480 1395 quomodocumque
1507 1309 1668 1373 nominari
1692 1331 1731 1372 ac
1755 1307 1855 1372 scribi
1877 1318 2013 1394 possunt
2035 1307 2154 1372 utilita-

498 1414 586 1480 tibus
616 1415 660 1480 ad
689 1414 828 1480 eandem
859 1426 982 1479 cortem
1011 1413 1251 1501 pertinentibus
1281 1414 1325 1479 ad
1356 1414 1540 1501 predictum
1563 1415 1795 1479 monasterium
1819 1414 1986 1500 perhanc
2009 1426 2153 1479 nostram

499 1521 702 1608 imperialem
732 1522 886 1608 paginam
916 1520 1125 1585 concedimus
1160 1532 1258 1607 atque
1293 1520 1459 1607 largimur.
1515 1521 1561 1586 Et
1593 1532 1629 1586 ut
1662 1521 1745 1585 baec
1780 1533 1909 1584 nostrae
1944 1520 2154 1606 ingenuitatis
2173 1543 2203 1580 re

499 1629 675 1693 auctorims
698 1626 825 1692 stabilis
849 1639 882 1693 et
903 1627 1096 1692 inconvulsa
1118 1627 1290 1714 posthinc‘¹
1313 1629 1401 1692 omni
1419 1638 1566 1714 tempore
1585 1639 1784 1714 permaneat,
1808 1628 1870 1692 hoc
1888 1626 2056 1714 imperiale
2079 1649 2152 1713 pre·

500 1745 631 1820 ceptum
653 1734 730 1799 inde
754 1736 974 1820 conscriptum
997 1756 1096 1798 manu
1111 1734 1243 1820 propria
1259 1733 1487 1799 confirmantes
1503 1733 1608 1820 sigillo
1624 1744 1754 1799 nostro⁰
1770 1734 1977 1820 precepimus
1992 1734 2153 1818 insigniri.
2218 1772 2225 1779 ·

606 2016 624 2107 ᾗ
648 2017 849 2083 Guntherius
873 2017 1087 2082 cancellarius
1105 2019 1179 2082 vice
1197 2016 1414 2082 Erkambaldi
1433 2016 1710 2103 archicappellani
1728 2017 1928 2102 recognovit
1945 2015 1963 2105 ᾖ
1993 2025 2050 2096 (si.
2065 2024 2107 2095 3.)

606 2160 695 2225 Data
701 2161 796 2225 VIII.r
805 2159 878 2225 idus
891 2158 1055 2224 decemb!
1067 2159 1317 2243 indictionem,
1329 2182 1414 2223 anno
1428 2159 1610 2224 dominicae
1622 2159 1854 2223 incarnationis
1866 2158 2036 2223 millesimo
2045 2169 2152 2240 xviiii,
2174 2179 2200 2218 ss

499 2290 585 2332 anno
608 2290 687 2331 vcro
711 2267 822 2332 domni
839 2266 989 2331 Heinrici
1013 2264 1150 2330 secundi
1167 2267 1335 2352 regnantis
1353 2280 1426 2348 xvi,
1450 2267 1579 2351 imperii
1599 2278 1708 2331 autem
1723 2256 1793 2348 1fi13
1818 2276 1927 2330 actum
1951 2263 2152 2347 therenah3

496 2373 637 2440 feliciter
659 2397 765 2438 amen.

1281 2636 1375 2724 376.

497 2807 678 2883 Heinrich
702 2808 847 2884 schenkl
881 2809 960 2884 dem
994 2836 1067 2883 von
1092 2810 1210 2882 seium
1238 2806 1431 2884 Gemulslin
1456 2807 1684 2907 Konipunde
1705 2807 1952 2908 pepm‘s‘ndeten
1975 2806 2155 2880 Nonnen·

497 2925 629 3002 kloster
651 2954 697 3002 zu
722 2927 954 3029 Kanfunqen
979 2928 1050 3002 den
1076 2926 1169 3026 Hof
1185 2925 1507 3001 Heroldisltausen.
1743 2953 1865 3014 cosm
1887 2954 1966 3013 1017
1987 2982 2032 2992 -
2053 2982 2108 3012 -,
2173 2968 2202 3007 ,0

609 3135 854 3211 Mcioddiplom
876 3137 918 3196 im
941 3137 970 3196 lc.
988 3135 1189 3196 &machin
1210 3154 1246 3195 zu
1268 3135 1412 3210 Morburq
1436 3133 1508 3202 (A).

605 3276 786 3336 Ledderbose
807 3276 914 3337 Kleirae
936 3275 1085 3349 Schriften
1112 3280 1145 3347 2,
1166 3278 1228 3337 279
1258 3280 1290 3337 n⁰
1311 3279 1333 3337 2
1362 3295 1416 3336 aus
1437 3278 1465 3336 A
1486 3294 1523 3337 au
1545 3276 1633 3337 1016.
1658 3304 1702 3314 -
1724 3273 1906 3334 Dobenecker
1927 3273 1999 3349 Rop.
2016 3274 2085 3334 654.
2109 3301 2156 3312 -

606 3380 734 3441 Bobmer
754 3381 827 3458 Rep.
844 3383 931 3442 1171.
955 3412 1000 3423 -
1022 3382 1147 3458 Stumpf
1160 3383 1232 3459 Rep.
1250 3385 1336 3443 1693.

606 3523 691 3583 Nacb
713 3522 754 3583 D.
771 3525 832 3583 375
852 3525 1031 3599 peotbriebee
1051 3544 1107 3585 von
1131 3525 1198 3596 GE,
1228 3526 1281 3585 der
1301 3525 1362 3585 siclt
1391 3525 1532 3584 sulbichi
1559 3526 1636 3584 eines
1656 3543 1710 3584 von
1733 3525 1794 3584 ihm
1815 3524 1901 3583 selbot
1921 3524 2012 3583 durch
2031 3523 2153 3583 Verom-

607 3630 754 3705 sertipunp
776 3631 829 3690 der
851 3630 1040 3707 Simmzeile
1060 3632 1282 3706 &pontiden
1303 3630 1463 3706 Blunquete
1485 3631 1618 3691 bediente.
1664 3630 1720 3690 An
1748 3630 1838 3690 dieses
1866 3630 2022 3706 anapestllt
2045 3631 2153 3701 warde,
2171 3650 2200 3690 es

606 3737 720 3796 werden
741 3737 789 3797 die
803 3737 1045 3814 Nucbtrapunqen
1066 3739 1099 3798 in
1121 3739 1174 3798 der
1187 3737 1352 3813 Detiemnp
1374 3738 1423 3798 dee
1445 3737 1486 3798 D.
1504 3739 1564 3797 375
1587 3739 1656 3798 noct
1674 3738 1753 3798 nieht
1766 3738 1931 3797 sesamon
1944 3755 2067 3812 wesen
2080 3738 2152 3796 acin

607 3913 664 3986 (C.)
689 3904 706 3994 ξ
729 3905 769 3970 In
791 3907 923 3970 nomine
948 3916 1081 3971 sanctae
1105 3917 1138 3970 et
1160 3905 1351 3971 individuae
1375 3907 1537 3971 trinitatis.
1584 3907 1761 3971 Heinricus
1791 3905 1904 3970 divina
1933 3904 2064 3970 favente
2089 3904 2153 3970 cle·

498 4014 620 4077 mentia
642 4013 861 4078 Romanorum
885 4015 1061 4100 imperator
1084 4023 1251 4100 augustus.
1368 4026 1508 4093 imperiali
1527 4034 1638 4078 nostrae
1658 4019 1818 4093 dignitati!
1837 4027 1937 4077 decem
1955 4032 2039 4092 atque
2058 4042 2152 4077 necm-

496 4136 600 4187 sarium
619 4135 723 4199 absque
742 4134 827 4185 dubio
846 4136 948 4185 scimus
968 4152 1038 4195 esse,
1062 4142 1093 4185 ut
1112 4142 1140 4185 et
1159 4151 1208 4185 nos
1227 4136 1255 4184 in
1275 4133 1384 4185 laudern
1403 4140 1431 4185 et
1449 4135 1582 4185 honorem
1601 4134 1646 4184 dei
1665 4135 1738 4184 bona
1756 4134 1914 4199 incipiendo
1934 4133 2108 4199 perficiamus
2126 4140 2155 4183 et

497 4239 560 4292 aliis
579 4243 784 4307 incipientibus,
810 4243 941 4309 quatinus
967 4243 1002 4293 ad
1028 4242 1156 4293 effectum
1183 4243 1348 4307 pertingant,
1375 4257 1454 4307 opem
1480 4247 1601 4291 nostram
1626 4228 1766 4314 gratilito
1792 4242 1988 4307 impendamus.
2032 4241 2062 4291 si
2087 4256 2154 4306 ergo
2173 4246 2201 4285 ⁸⁰

497 4349 550 4399 hoc
569 4350 640 4399 iuste
660 4351 786 4400 omnibus
806 4350 934 4401 exhibere
954 4349 1092 4410 debemus,
1119 4355 1222 4413 quanto
1248 4346 1398 4414 specialius
1423 4364 1566 4398 monemur
1589 4346 1632 4397 illi
1651 4346 1755 4398 auxilio
1782 4364 1850 4409 esse,
1877 4356 1908 4399 ut
1932 4349 2005 4399 bona
2029 4348 2155 4414 perficiat

497 4455 634 4521 incoepta,
654 4471 716 4506 cum
735 4473 790 4521 qua
809 4472 902 4506 sumus
922 4472 985 4506 caro
1006 4462 1033 4506 et
1052 4456 1143 4506 anima
1162 4471 1225 4506 una.
1255 4455 1375 4505 Proinde
1395 4456 1516 4506 onmium
1535 4453 1636 4504 Christi
1656 4460 1885 4519 nostrorumque⁸
1904 4453 2025 4505 fidelium
2044 4471 2153 4525 prosen-

497 4562 566 4610 tium
585 4559 693 4612 scilicet
711 4580 744 4613 ac
763 4564 917 4613 futurorum
936 4560 1237 4621 noverit'univsrsitas,
1263 4561 1337 4625 quod
1357 4559 1519 4611 contectalis
1538 4568 1633 4611 nostra
1651 4559 1754 4611 dilecta
1773 4560 1938 4627 Cunigunda
1955 4561 2087 4612 videlicet
2104 4563 2153 4611 irn-

498 4668 619 4731 peratrix
638 4676 757 4733 augusta
776 4670 970 4719 monasterium
988 4670 1017 4718 in
1043 4668 1174 4719 honorem
1200 4666 1346 4718 salvatoris
1373 4668 1467 4717 mundi
1492 4674 1520 4718 et
1544 4667 1670 4719 vivificae
1696 4669 1787 4718 crucis
1812 4684 1865 4718 nec
1890 4685 1946 4719 non
1970 4674 2082 4719 sanctae
2108 4669 2153 4719 dei

498 4773 640 4837 genitricis
665 4790 827 4839 semperque
852 4776 967 4840 virginis
986 4775 1091 4824 Mariae
1109 4773 1239 4838 Petrique
1266 4775 1396 4839 principis
1422 4772 1610 4838 apostolorum
1637 4780 1665 4825 et
1690 4776 1811 4825 omnium
1835 4774 1917 4825 simul
1942 4782 2099 4825 sanctornm
2124 4776 2153 4825 in
2171 4779 2198 4821 tt

404 4934 407 4937 ,
500 4878 561 4929 loco
582 4881 628 4946 qui
648 4880 749 4930 dicitur
769 4880 915 4947 Coufnnga
940 4882 1102 4940 construxit,
1127 4880 1157 4929 in
1182 4895 1237 4943 quo
1263 4881 1384 4945 virgines
1404 4865 1525 4931 Christi
1549 4882 1600 4930 sub
1622 4880 1719 4946 regula
1737 4883 1826 4933 suncti
1844 4883 1988 4933 Benedicti
2006 4882 2152 4934 ordinavit

498 4986 589 5038 Huius
615 4988 700 5052 igitur
719 4986 838 5038 dilectae
857 4994 966 5038 nostrae
993 4988 1119 5052 coniugis
1144 4987 1231 5036 amori
1256 4987 1284 5036 in
1310 4987 1437 5037 omnibus
1462 4987 1682 5053 obtemperantes
1708 5004 1757 5054 pro
1776 4989 1897 5041 remedio
1916 4990 2024 5040 animae
2043 4996 2152 5041 nostrae

497 5109 549 5144 nec
577 5110 633 5144 non
660 5096 749 5161 ipsius
777 5094 953 5159 omniumque
981 5095 1135 5145 debitorum
1164 5100 1319 5144 nostrorum
1348 5095 1484 5158 quandam
1512 5095 1599 5144 nostri
1626 5096 1693 5146 iuris
1722 5102 1824 5146 cortem
1851 5080 2152 5147 Heroidesbusuntb

498 5201 600 5253 dictum
625 5203 705 5253 sitam
732 5202 760 5251 in
786 5216 859 5266 pugo
887 5185 1074 5251 Uuesierun
1096 5202 1125 5251 in
1152 5201 1284 5251 comitatu
1309 5186 1507 5251 Hemezonis
1533 5202 1641 5251 comitis
1664 5217 1726 5251 cum
1752 5203 1878 5252 omnibus
1903 5203 2076 5268 pertinentiis
2094 5205 2153 5254 suis

498 5309 572 5374 agris
591 5310 662 5359 areis
681 5307 814 5359 aediliciis
828 5308 907 5357 terris
921 5305 1003 5357 cultis
1018 5313 1046 5358 et
1058 5305 1169 5358 incultis
1182 5305 1259 5357 silvis
1272 5308 1464 5357 venationibus
1477 5308 1557 5372 aquis
1570 5323 1757 5372 aquarumque
1774 5309 1935 5360 decursibus
1952 5310 2152 5375 piscationibus
2169 5311 2198 5350 ⁴⁰

569 5479 634 5537 tit.
658 5482 684 5546 o)
703 5478 889 5534 aeorr.euei
943 5478 972 5545 d)
991 5477 1452 5544 isernauedemAnfrnpeinesa
1506 5482 1533 5545 s)
1551 5479 2153 5545 doemoeiteoscbeioteusliasurrustebes

658 5551 685 5617 i)
704 5558 767 5604 vill.
786 5549 848 5603 idus
866 5549 990 5605 decemb.
1009 5553 1040 5601 in
1057 5551 1146 5615 dufer
1162 5550 1294 5616 pelosum
1311 5551 1401 5603 Lrlrks
1418 5550 1613 5616 naclspetropen
1704 5554 1734 5619 g)
1761 5552 1848 5604 durch
1866 5552 2063 5619 Naoktmpunp
2080 5555 2154 5605 siner

659 5629 670 5673 1
688 5638 757 5677 corr.
776 5638 828 5674 aas
845 5629 898 5674 xvi
972 5622 1000 5689 h)
1019 5621 1240 5674 wahreehee'nls'eh
1257 5624 1288 5671 in
1305 5622 1394 5684 dcfar
1410 5622 1543 5686 petuam
1560 5622 1648 5674 Lanka
1666 5622 1868 5689 memorem.

570 5711 634 5768 816.
661 5709 870 5781 [solu-Bloch]
907 5713 934 5780 n)
953 5713 1004 5764 dos
1021 5713 1109 5763 meite
1126 5728 1141 5764 r
1158 5711 1246 5763 durch
1265 5710 1407 5764 (torrem
1424 5711 1580 5763 erumnam
1651 5710 1682 5779 b)
1702 5712 1727 5763 A
