4836 6492
810 438 1048 496 HEINRICH
1069 439 1108 494 II.
1151 437 1396 495 1002-1024.
1864 431 1926 494 661

273 642 385 707 quando
403 648 509 708 partem
528 641 638 711 celestis
657 643 745 709 patrie
764 649 872 711 terrene
891 641 1044 711 substantie
1069 642 1136 692 fecit
1161 657 1221 693 esse
1244 643 1377 708 precium·
1413 640 1505 690 Huius
1527 656 1593 706 ergo
1619 656 1669 691 nos
1695 639 1838 707 clementie
1864 650 1930 691 nen

273 743 478 800 immemores<1
491 757 553 800 nee
569 736 757 821 ignorantes
774 753 843 799 nos⁸
860 750 980 815 gratuito
998 748 1090 817 divine
1106 749 1289 799 miserationis
1305 752 1434 814 respectu
1451 733 1554 818 regali
1573 747 1707 812 dignitate
1724 746 1885 799 sublimatos
1901 762 1929 809 a,

274 872 426 923 congruum
452 871 512 907 esse
538 857 663 906 ducimus
688 872 743 906 non
769 855 859 907 solum
884 854 1018 923 ecclesias
1043 856 1078 905 ab
1103 856 1326 906 antecessoribus
1347 855 1447 905 nostris
1467 860 1640 905 constructas
1659 853 1797 920 ampliare,
1821 856 1870 907 sed
1895 858 1931 908 sd

274 964 405 1014 maiorem
424 958 547 1014 dominis
567 961 681 1027 gloriam
700 979 786 1014 novas
806 962 934 1031 edificare
954 977 1056 1027 easque
1073 962 1229 1014 devotionis
1255 967 1348 1033 nostre
1375 963 1454 1012 donis
1480 962 1642 1027 gratissimis
1668 960 1820 1013 exaltar00.
1858 964 1931 1026 Qua·

237 1082 253 1124 t
275 1074 407 1137 propterss
425 1084 443 1115 s
462 1069 607 1120 dominicis
632 1084 687 1120 non
708 1070 822 1119 surdum
848 1069 974 1121 auditum
999 1069 1145 1135 prebentes
1170 1070 1309 1135 preceptis
1335 1074 1363 1119 et
1389 1067 1492 1120 deificis
1519 1068 1733 1134 obtemperando
1758 1070 1932 1122 intendentes

274 1176 480 1236 suasionibusss,
505 1170 669 1227 thesaurosh
699 1162 809 1251 (livine
839 1162 1001 1249 largitatis
1031 1160 1255 1226 munificentia
1284 1159 1379 1226 nobie
1411 1160 1545 1226 collatos
1571 1177 1599 1225 in
1625 1173 1684 1246 celo
1708 1162 1932 1228 desideramus

274 1298 434 1349 reponere,
454 1283 501 1332 ubi
520 1299 623 1349 neque
641 1283 728 1334 fures
751 1269 908 1334 effodiant
925 1291 987 1333 nee
1006 1268 1155 1332 furentur
1176 1299 1283 1348 neque
1303 1299 1389 1349 erugo
1413 1268 1468 1333 vel
1486 1284 1561 1333 tinea
1580 1267 1784 1352 demoliatur,
1807 1268 1865 1334 nbi
1888 1281 1931 1355 et,

273 1374 353 1440 dum
375 1376 484 1439 omnia
506 1398 593 1440 nunc
619 1387 775 1461 congesta
797 1375 982 1457 recolimus,
1007 1397 1063 1439 cor
1085 1385 1235 1440 nostrum
1257 1375 1420 1441 desiderio
1445 1386 1477 1439 et
1495 1397 1605 1439 amore
1625 1376 1735 1462 sepius
1753 1377 1931 1442 verseturh.

273 1490 411 1547 Proinde¹
434 1490 549 1562 patere*
568 1495 694 1546 volumus
719 1483 863 1547 emnium
892 1495 1013 1547 fidelium
1036 1508 1054 1541 1
1089 1490 1291 1558 universitatik,
1330 1482 1418 1569 qued
1445 1490 1599 1562 quendaml
1630 1503 1744 1567 paterne
1771 1497 1932 1549 hereditatis

229 1619 257 1659 ro
274 1610 367 1673 nostre
390 1602 483 1655 locum
502 1604 663 1654 Babeuberc
690 1605 793 1654 dictum
818 1605 847 1654 in
872 1604 966 1654 sedern
992 1610 1020 1654 et
1046 1602 1154 1655 culmen
1180 1605 1355 1671 episcopatus
1378 1617 1395 1649 a
1423 1605 1597 1670 proveximus
1627 1610 1655 1654 et
1679 1604 1821 1672 Romane
1845 1590 1932 1655 sedis

275 1713 439 1761 auctoritate
456 1705 608 1762 tinuatum¹
626 1720 709 1777 atque
726 1710 892 1762 venerabilis
909 1711 1034 1762 Heinrici
1047 1712 1280 1777 wirsiburgensis
1297 1712 1421 1777 episcopi
1438 1704 1592 1761 consensu¹
1609 1706 1642 1761 et
1665 1709 1791 1779 dilecteln
1806 1712 1931 1778 coniugis

274 1824 368 1887 nostre
397 1817 606 1887 cnunigundpm
634 1803 814 1886 voluntate,
847 1820 926 1885 pari¹¹
954 1805 1053 1868 etiem
1081 1820 1273 1885 communique
1301 1820 1422 1869 omnium
1449 1819 1535 1868 nostri
1563 1816 1684 1868 fidelium
1712 1824 1768 1868 tam
1796 1819 1930 1886 archiepi-

274 1939 422 1990 scoporum
450 1940 532 1991 quam
560 1927 754 1991 episcoporum
781 1926 966 1991 abbatumque
993 1942 1045 1976 nec
1072 1941 1129 1976 nou
1157 1927 1257 1976 ducum
1286 1931 1313 1977 at
1342 1928 1471 1977 comitum
1499 1923 1643 1977 consulto
1675 1926 1862 1991 decretoque¹¹
1891 1935 1931 1978 ae

274 2031 386 2082 tocius⁰
403 2033 482 2097 regni
498 2033 583 2083 nostri
601 2034 755 2099 principum
771 2034 902 2084 concordi
918 2034 1065 2083 devotione
1082 2046 1099 2078 a
1121 2032 1262 2084 laudatum
1287 2033 1322 2083 ad
1340 2034 1472 2084 honorem
1488 2046 1506 2079 s
1527 2034 1721 2098 omnipotentis
1741 2034 1785 2084 dei
1805 2040 1832 2084 et
1851 2034 1931 2106 beate

231 2150 259 2192 rt
275 2138 363 2209 Maris
397 2155 506 2206 semper
540 2141 654 2206 virginis
688 2146 901 2204 sanctorumque
936 2139 1124 2206 apostolorum
1151 2140 1227 2190 Petri
1255 2146 1283 2190 et
1309 2138 1392 2190 Pauli
1419 2155 1470 2191 uec
1506 2156 1561 2189 non
1589 2146 1747 2191 sanctorum
1772 2154 1789 2186 a
1819 2140 1931 2209 Kylicni

276 2242 310 2296 et
332 2245 446 2311 Georgii
462 2260 479 2292 a
500 2246 695 2297 fundavimus⁰
714 2245 918 2297 stabilivimus?
935 2252 963 2297 et
979 2247 1248 2306 corroboravimusP,
1268 2252 1318 2296 utu
1335 2247 1404 2297 inibi
1420 2254 1542 2298 nostrum
1559 2254 1757 2313 parentumque
1776 2256 1932 2299 nostrorum

277 2360 306 2404 et
324 2353 435 2404 Ottonis
454 2354 532 2403 tercii
550 2354 722 2419 imperatoris
741 2351 872 2403 videlicet
889 2355 1071 2404 antecessoris
1097 2353 1204 2404 nostris
1230 2352 1357 2404 celebre¹¹
1378 2353 1535 2404 habeatur
1560 2353 1717 2405 memoriale
1743 2360 1771 2404 et
1789 2356 1862 2422 iugis
1881 2373 1931 2422 pro

277 2461 403 2511 omnibus
430 2461 588 2511 orthodoxis
607 2466 768 2510 mactetur
793 2460 882 2511 hostia
907 2459 1065 2511 ntunrisr.
1114 2445 1259 2511 Oblatie⁸
1283 2448 1383 2532 igitur
1406 2445 1467 2511 deo
1491 2448 1525 2510 in
1555 2445 1669 2512 eadem
1695 2446 1815 2512 dilecta
1837 2447 1932 2513 nobie

278 2552 419 2643 ecclesia
454 2553 497 2618 ad
526 2552 682 2618 honorem
712 2563 745 2618 et
774 2552 927 2618 decorem
956 2552 1071 2617 domus
1101 2552 1156 2618 dei
1193 2575 1236 2617 ex
1264 2552 1404 2617 metallis
1439 2552 1669 2640 lapidibusque
1705 2555 1863 2641 preciosis
1897 2557 1932 2620 in

231 2688 261 2728 so
277 2662 387 2725 varios
409 2684 487 2726 usus
510 2661 688 2725 sanctuarii
711 2662 799 2724 vasis
822 2682 881 2724 seu
903 2659 1051 2725 vestibus
1081 2659 1218 2747 aliisque
1245 2661 1443 2725 ornamentis
1473 2660 1715 2749 ecclesiasticis,
1747 2675 1929 2728 contremuit

277 2778 429 2854 preterea
449 2782 506 2833 ad¹1
521 2797 539 2828 a
559 2799 643 2850 supra
663 2782 765 2832 dictam
783 2783 876 2833 sedem
895 2780 1102 2847 episcopalemu
1125 2778 1257 2847 prediai
1285 2780 1461 2851 ecclesiasv
1480 2783 1577 2833 vicos
1600 2781 1700 2833 villas
1725 2798 1788 2834 cum
1806 2785 1932 2834 omnibus

278 2875 345 2938 suis
370 2891 543 2956 pertinentiis
561 2891 621 2940 sive
641 2889 815 2949 adherentes,
837 2888 989 2940 videlicetv
1009 2890 1179 2954 utriusqueW
1197 2904 1280 2940 sexus
1305 2889 1476 2955 mancipiisW
1495 2891 1586 2940 areis¹
1606 2889 1721 2957 edificiis
1748 2892 1827 2942 terris
1852 2891 1933 2943 cultis

279 3002 308 3046 et
326 2995 437 3047 incultis
455 2998 508 3047 viis
528 2994 561 3048 et
578 2999 659 3048 inviis
679 2999 798 3048 exitibus
818 3003 845 3048 et
860 2997 992 3049 reditibus
1010 2997 1123 3061 quesitis
1144 2991 1177 3046 et
1194 2996 1364 3061 inquirendis
1380 2994 1457 3046 silvis
1472 2998 1582 3063 sagenis
1600 2998 1813 3048 venationibus¹
1829 3000 1934 3065 pratis!

278 3104 389 3167 pascuis
408 3106 533 3170 campise
551 3105 660 3154 forestis
679 3104 830 3155 forestariis
850 3103 968 3155 csilariis
988 3105 1115 3155 censibus
1133 3104 1212 3168 aquis
1231 3118 1399 3167 aquarumve
1424 3102 1586 3153 decursibus
1605 3103 1768 3155 molendinis
1786 3104 1934 3158 mobilibus

233 3220 262 3263 ἥ
280 3217 308 3260 et
326 3208 531 3260 immobilibus!
548 3208 581 3260 et
596 3212 714 3279 ceteris¹
731 3213 857 3263 omnibus
874 3229 926 3280 que
943 3213 995 3262 rite
1013 3211 1096 3261 scribi
1113 3216 1161 3261 aut
1178 3209 1312 3277 appellari
1328 3216 1445 3276 possunt
1461 3210 1644 3278 quoquolibet
1659 3212 1741 3262 modo
1758 3211 1933 3274 utilitatibus,

280 3305 424 3388 presenti
443 3326 535 3387 nostre
555 3320 728 3369 auctoritatis
750 3304 856 3370 edicto
877 3315 1086 3386 statuentee¹‚
1111 3324 1142 3367 ut
1162 3319 1242 3368 nobis
1260 3319 1289 3366 iu
1308 3318 1360 3367 deo
1380 3316 1496 3367 dilectus
1518 3333 1582 3383 sepe
1601 3318 1675 3388 dicte
1693 3319 1767 3369 sedis
1787 3321 1934 3388 episcopus

280 3423 454 3475 Eberhardus
482 3427 581 3489 suique
609 3442 784 3476 successores
813 3425 925 3477 liberam
953 3427 1053 3477 dehinc
1078 3425 1198 3475 habeant
1223 3430 1396 3491 potestatem,
1425 3425 1534 3476 eadem
1559 3428 1731 3492 prescripta
1759 3411 1846 3478 bene
1873 3444 1934 3480 cum

280 3530 407 3580 omnibus
425 3532 597 3597 appendiciis
617 3534 673 3583 suis
691 3532 803 3582 tenendi
822 3533 979 3600 possidendi
998 3538 1068 3585 σου*
1091 3519 1148 3581 iu·
1171 3516 1334 3604 quoslibet
1355 3540 1434 3582 usus
1457 3518 1665 3605 episcopatus
1688 3522 1933 3587 convertendi⁸.

280 3621 451 3687 Fratribus
475 3636 583 3689 autem
612 3636 773 3690 canonicisb
799 3641 851 3691 neo
877 3641 979 3690 ibidem
1006 3638 1200 3691 famulantibus
1226 3624 1270 3689 ad
1293 3624 1472 3689 cottidiana
1489 3626 1675 3712 temporalis
1698 3628 1765 3716 vite
1788 3626 1935 3694 subsidia

235 3755 263 3796 to
281 3731 514 3815 possessionen,
539 3755 620 3819 quas
637 3732 841 3815 tradidinmS,
859 3754 954 3797 nostra
978 3746 1114 3813 imperiali
1134 3747 1298 3797 auctoritate
1317 3747 1512 3813 proprietative
1531 3747 1719 3813 possidenda
1737 3748 1934 3811 confirmamus,

281 3866 315 3900 ea
333 3850 461 3902 videlicet
478 3855 584 3904 ratione
601 3860 632 3904 ut
648 3855 746 3920 prefati
762 3855 888 3904 canonici
906 3860 933 3904 et
949 3871 1043 3906 eorum
1060 3871 1108 3920 per
1124 3854 1328 3904 successionem
1344 3855 1476 3919 prepositi
1494 3853 1606 3905 liberam
1623 3855 1721 3906 dehinc
1739 3871 1800 3905 cum
1815 3857 1934 3920 ipsorum

281 3960 476 4010 canonicorum
495 3976 630 4011 consensu
649 3968 677 4012 et
700 3959 816 4011 consilio
840 3968 1004 4028 potestatem
1023 3956 1165 4012 habeantb
1184 3948 1219 4010 in
1241 3946 1390 4011 meliores
1414 3970 1491 4011 usne
1516 3961 1719 4012 commutandis
1740 3963 1934 4029 augmentandi

281 4074 310 4118 et
328 4066 363 4118 ad
383 4080 399 4112 a
418 4067 566 4119 utilitatem
585 4077 677 4118 suam
697 4085 809 4133 quoquo
828 4069 909 4120 modo
929 4068 1100 4134 redigendis,
1120 4053 1302 4139 quetenue‘1
1320 4064 1353 4116 et
1370 4054 1434 4139 ipsi
1452 4055 1553 4118 nestri
1571 4051 1713 4140 benigne
1730 4055 1819 4141 apud
1836 4055 1934 4120 deum

280 4183 440 4227 memores
456 4184 496 4225 ae
512 4174 689 4245 dilectissime
703 4177 830 4241 coniugis
846 4182 939 4245 nostre
957 4182 1038 4239 atque
1052 4175 1188 4225 consortis
1205 4187 1222 4219 s
1236 4175 1315 4238 regni
1331 4187 1348 4218 s
1364 4172 1543 4243 chunigunda
1559 4171 1795 4248 parentumque
1810 4174 1934 4227 nostro·

235 4397 264 4437 rt
354 4373 418 4430 514.
444 4379 470 4442 e)
491 4375 722 4428 nos-exaltare
742 4401 773 4418 =
793 4376 828 4429 D.
841 4378 893 4427 401
987 4372 1012 4441 1)
1040 4373 1105 4426 ster
1129 4372 1158 4426 dr
1181 4374 1249 4427 steht
1274 4390 1323 4426 nm
1346 4373 1462 4439 entier
1486 4374 1572 4425 Hasd
1595 4374 1660 4426 eber
1684 4375 1732 4427 der
1756 4377 1830 4429 Zoilo
1853 4377 1934 4429 saed·

441 4454 567 4513 petrarca
584 4446 629 4499 vel
647 4446 695 4498 dni
749 4450 779 4514 g)
795 4450 964 4515 quapropter
975 4476 1011 4485 -
1023 4445 1193 4499 susnonibus
1210 4471 1241 4488 =
1259 4446 1294 4499 D.
1307 4447 1362 4496 200
1415 4444 1444 4511 h)
1465 4447 1516 4497 das
1532 4445 1674 4497 Br’ddwort
1690 4447 1844 4500 Matthaeus
1862 4452 1887 4513 6,
1899 4451 1936 4501 20

442 4521 477 4570 ist
502 4518 563 4570 hier
587 4519 696 4570 starker
720 4518 825 4570 oenum
848 4519 892 4570 als
909 4520 940 4569 in
957 4518 992 4571 D.
1005 4522 1067 4581 357,
1091 4520 1140 4569 mit
1165 4516 1222 4569 dem
1248 4518 1300 4568 wir
1317 4516 1359 4568 dr'e
1381 4517 1652 4583 Ueberciasts'mmanp
1676 4519 1763 4570 durch
1780 4519 1936 4572 Petitdnrck

442 4590 586 4641 hemena
610 4590 709 4649 bahem
729 4590 824 4654 jedocd
847 4588 908 4655 pelet
926 4590 960 4643 D.
973 4591 1025 4640 514
1048 4589 1122 4639 sies
1146 4590 1203 4653 auf
1214 4588 1279 4652 dies,
1303 4588 1418 4640 amidam
1436 4590 1492 4654 aas
1506 4592 1549 4641 ein
1574 4605 1627 4640 uss
1643 4589 1718 4641 nicht
1736 4591 1882 4644 esaum
1899 4593 1935 4647 D.

442 4662 494 4725 fer
511 4661 645 4727 Bsmderp
661 4661 774 4724 marech,
796 4660 845 4725 apl.
865 4661 900 4715 D.
912 4664 967 4712 377
993 4660 1057 4724 (fer
1074 4660 1267 4719 Nerdhousen)
1346 4660 1367 4723 i)
1391 4661 1425 4713 D.
1443 4663 1498 4712 200
1577 4659 1607 4727 k)
1633 4664 1729 4729 patere
1749 4691 1781 4702 -
1803 4662 1935 4716 universi-

443 4731 494 4783 tati
521 4733 572 4799 oyl.
593 4734 627 4786 D.
646 4736 698 4784 351
724 4732 782 4783 ssd
808 4733 842 4786 D.
862 4735 916 4784 307
942 4733 1006 4797 (fer
1032 4730 1201 4793 Pasarne)
1276 4730 1296 4798 l)
1317 4728 1455 4798 quendam
1474 4763 1507 4771 -
1527 4748 1660 4785 consensu
1681 4758 1712 4776 =
1733 4734 1767 4787 D.
1786 4737 1853 4794 200;
1880 4752 1936 4788 aar

443 4801 583 4856 firmatum
612 4829 643 4847 =
674 4804 709 4858 D.
729 4807 795 4868 408,
827 4806 856 4854 in
884 4803 941 4854 dem
969 4803 1039 4855 suad
1068 4800 1241 4855 sublimando
1268 4818 1316 4854 eor
1343 4803 1519 4870 proveximus
1546 4804 1613 4868 fehlt
1703 4806 1742 4871 m)
1773 4804 1873 4873 dilecte
1902 4837 1933 4847 -

443 4873 626 4947 chunigundp
645 4901 676 4918 =
697 4877 732 4929 D.
745 4878 797 4927 401
880 4876 910 4940 n)
935 4873 996 4941 pari
1014 4872 1233 4942 -decretoque
1253 4899 1283 4917 =
1304 4874 1339 4928 D.
1352 4877 1408 4925 200
1490 4878 1518 4941 o)
1547 4874 1635 4927 tocius
1653 4906 1686 4914 -
1707 4874 1883 4931 fundavimus
1903 4904 1933 4921 =

443 4947 478 5000 D.
491 4950 545 5000 408
599 4952 628 5014 p)
649 4946 738 5001 stabii.
753 4977 786 4985 -
799 4945 907 5000 corrob.
922 4971 953 4988 =
967 4946 1002 5000 D.
1015 4949 1070 4997 200
1130 4948 1159 5014 q)
1180 4949 1212 4998 ut
1230 4976 1263 4984 —
1281 4945 1369 4997 nostri
1388 4947 1439 5010 091.
1458 4948 1520 5001 DD.
1534 4949 1595 5000 200.
1614 4950 1668 4999 408
1728 4952 1753 5011 r)
1774 4948 1882 5002 celebre
1901 4981 1935 4989 —

442 5017 569 5070 salutaris
583 5043 613 5061 κ
628 5019 662 5073 D.
676 5022 731 5070 200
783 5021 806 5085 s)
825 5018 918 5070 hicrzu
936 5018 988 5083 apl.
1003 5017 1047 5070 de
1061 5017 1241 5083 Aufsddlusp
1256 5019 1286 5069 in
1300 5017 1359 5068 den
1375 5018 1439 5072 DK.
1452 5018 1493 5070 ΙΙ.
1509 5019 1624 5085 Stumpf
1637 5020 1794 5086 13192050,
1812 5037 1851 5073 wo
1866 5022 1936 5074 cuch

443 5091 485 5142 die
503 5091 591 5142 Worts
608 5089 680 5143 vasis
697 5090 755 5141 und
772 5088 938 5142 ornamentis
963 5089 1090 5155 depressa
1161 5089 1183 5157 t)
1208 5089 1258 5155 vel.
1276 5106 1301 5143 z.
1317 5089 1350 5143 B.
1372 5089 1405 5143 D.
1420 5093 1472 5141 170
1543 5092 1572 5156 ιι)
1593 5087 1628 5142 ad
1648 5120 1680 5129 -
1700 5090 1882 5158 episcopalem
1902 5118 1933 5136 =

445 5161 479 5215 D.
493 5164 547 5212 200
618 5164 646 5227 v)
670 5162 797 5225 ecclesias
821 5160 895 5213 vicos
912 5160 991 5213 villas
1010 5190 1041 5198 —
1062 5158 1192 5213 videlicet
1211 5186 1242 5203 =
1262 5160 1297 5213 D.
1310 5163 1372 5225 200,
1399 5162 1488 5212 isdem
1511 5161 1554 5213 dir
1577 5168 1664 5213 ersten
1688 5162 1750 5214 ἄνοι’
1773 5162 1861 5216 Wortc
1885 5180 1937 5217 aas

442 5233 491 5283 der
508 5232 747 5296 Per-tineazfemnel
764 5232 975 5299 mossynoeci»
993 5232 1103 5283 murder
1174 5234 1209 5293 w)
1232 5236 1284 5291 utr.
1303 5248 1359 5285 sea
1378 5249 1466 5286 manc.
1488 5257 1519 5276 =
1539 5233 1697 5287 1101144
1769 5236 1799 5301 x)
1818 5234 1889 5287 areis
1901 5266 1935 5275 -

444 5303 634 5357 venationibus
655 5330 686 5347 =
705 5306 740 5358 D.
753 5308 808 5356 200
885 5308 913 5370 y)
929 5303 1016 5370 pratis
1035 5333 1067 5341 -
1088 5302 1273 5356 immobilibus
1293 5328 1324 5346 =
1344 5304 1401 5357 DO.
1415 5304 1454 5358 ΙΙ.
1467 5306 1510 5367 44,
1529 5320 1586 5355 nur
1603 5303 1707 5371 campis
1726 5305 1792 5369 fehlt
1809 5306 1870 5358 dovr
1888 5310 1937 5361 ποῖα

443 5378 473 5427 s'n
486 5376 520 5429 D.
533 5380 601 5441 20⁰5
619 5376 669 5441 opi.
681 5375 745 5427 aber·
756 5393 781 5430 z.
794 5376 827 5429 B.
840 5377 875 5430 D.
887 5379 938 5427 331
992 5376 1018 5441 z)
1037 5374 1134 5447 ceteris
1147 5404 1181 5413 —
1193 5390 1242 5426 ssu
1258 5374 1310 5439 syl.
1321 5375 1356 5430 D.
1369 5378 1436 5433 200,·
1453 5392 1489 5425 aa
1506 5374 1596 5427 edicto
1608 5380 1760 5429 statuentes
1771 5377 1821 5443 opi.
1834 5379 1870 5431 D.
1883 5382 1937 5431 307

444 5452 470 5513 a)
491 5446 520 5499 in
534 5477 564 5486 -
580 5452 701 5501 convert.
721 5464 771 5498 cus
788 5450 861 5499 aner
879 5446 1028 5499 oerlorenen
1048 5446 1176 5499 Urkunds
1193 5446 1244 5510 sats·
1262 5445 1403 5511 samara,
1429 5447 1480 5511 syl.
1506 5446 1548 5499 die
1571 5448 1779 5511 qknbkaeads
1797 5449 1937 5518 Wandunp

444 5521 474 5570 in
498 5520 557 5570 dem
583 5519 618 5572 D.
641 5522 695 5570 437
719 5521 769 5582 ser
795 5520 864 5570 Gen
935 5517 964 5582 b)
993 5515 1130 5569 canonicis
1150 5515 1321 5569 -habeant
1346 5534 1397 5568 aas
1421 5518 1479 5568 dem
1501 5518 1564 5572 ΒΗ.
1579 5519 1633 5573 III.
1659 5520 1773 5587 Stampf
1788 5521 1852 5587 seq.
1865 5526 1935 5576 2354

444 5590 470 5657 c)
495 5588 684 5643 commutandi
708 5618 740 5628 -
766 5588 910 5657 redigendi
930 5614 961 5631 =
981 5588 1016 5643 D.
1029 5592 1082 5640 318
1171 5586 1200 5656 d)
1224 5603 1273 5640 con
1297 5588 1355 5641 dem
1381 5589 1525 5642 8⁰ka
1549 5594 1682 5658 quatenus
1701 5622 1735 5630 -
1753 5592 1937 5660 respondeant

443 5662 547 5713 Ιεόηηεη
570 5664 623 5712 wir
646 5678 703 5713 nur
726 5662 770 5711 die
793 5661 879 5712 durch
904 5660 1060 5712 Petr'tdnsck
1080 5659 1319 5725 mediolanen
1345 5661 1433 5712 Wortc
1449 5663 1479 5712 in
1496 5662 1555 5714 desa
1573 5663 1608 5717 D.
1621 5665 1675 5714 389
1692 5663 1856 5717 euchrotiam
1874 5666 1937 5729 (das

444 5734 551 5785 mmsis
575 5735 612 5783 im
637 5733 819 5797 eminentes
837 5732 939 5783 Archiv
962 5734 992 5783 in
1011 5732 1144 5797 Bsmdsra
1162 5736 1242 5796 war),
1268 5730 1332 5784 ader
1350 5748 1377 5785 es
1401 5735 1436 5784 ist
1460 5733 1690 5797 wabrscbrs'sls‘clr,
1716 5737 1780 5788 dass
1803 5753 1833 5789 er
1854 5741 1937 5790 daem

443 5806 595 5857 rerlorenen
610 5806 646 5861 D.
662 5804 806 5856 Heinricbs
819 5803 857 5858 11.
877 5806 927 5868 fer
944 5803 987 5856 die
1003 5803 1157 5855 Canentem·
1174 5802 1303 5869 saedere
1320 5803 1383 5865 bae·
1400 5803 1447 5872 pia
1464 5803 1657 5859 intercessione
1675 5807 1725 5874 syl.
1743 5825 1767 5862 z.
1784 5809 1817 5863 B.
1836 5810 1869 5864 D.
1883 5814 1938 5863 307
