4760 6512
1161 422 1621 481 KAISERURKUNDEN.

671 640 713 666 =
731 619 852 679 Richter
869 619 901 677 ia
918 619 1100 693 OEmmoyr)
1117 619 1263 695 chlrdpe
1281 638 1335 678 zar
1349 620 1465 694 deay
1485 620 1537 678 der
1554 619 1727 693 Preiafruye
1745 621 1777 687 2,
1793 619 1833 676 35
1851 638 1893 664 --
1913 617 2068 691 Minci
2089 616 2124 673 ia
2145 614 2212 672 Mc-

672 727 749 785 tlueil.
774 727 823 785 des
849 727 916 785 list.
938 725 1055 785 Vereins
1082 730 1135 797 fiir
1158 727 1258 785 Kroia
1282 726 1391 794 (1847)
1414 728 1457 785 26
1478 730 1512 784 π’
1526 728 1555 785 5.
1580 754 1623 765 -·
1646 724 1806 784 Siaaocler
1827 725 1973 799 Beptrltqe
1993 726 2025 793 2,
2041 724 2103 782 362
2127 724 2159 779 a·
2175 723 2214 779 72

670 834 730 893 aad
748 834 780 892 ia
800 833 948 892 dadscber
966 833 1169 908 Uebersetzuap
1187 835 1292 904 2,191
1311 851 1365 892 otas
1379 833 1532 904 Absclrifl
1550 852 1604 892 ton
1622 831 1724 891 Bessi.
1740 861 1786 871 —
1802 830 1917 890 Scitum
1936 831 2001 890 ΠΒ.
2016 831 2067 889 des
2085 829 2213 903 Heracu-

673 940 766 998 llums
780 940 881 999 Kroin
900 941 929 1009 1,
944 941 986 998 24
1004 942 1037 997 a⁰
1052 942 1091 999 15
1107 957 1161 999 ctas
1178 941 1215 999 A.
1235 969 1279 979 —
1297 940 1454 999 Faesimile
1470 941 1501 999 ia
1520 939 1778 999 Katmrtanden
1796 940 1829 998 ia
1846 939 1918 998 Act.
1938 937 2019 1009 Dies.
2039 939 2069 1007 6,
2094 937 2167 1007 Tof.
2182 937 2212 993 2.

670 1075 713 1083 -
736 1046 863 1105 Bdbmer
885 1046 956 1121 Bep.
974 1048 1054 1107 1070
1075 1065 1111 1105 zu
1133 1047 1200 1106 Mai
1221 1049 1271 1106 21.
1294 1076 1339 1086 -
1362 1045 1487 1121 Stampf
1503 1047 1575 1122 Req.
1593 1047 1680 1106 1545.
2225 1062 2239 1102 t

675 1188 806 1260 Versussl
828 1188 888 1247 aad
908 1189 1084 1264 pesclriebea
1107 1208 1161 1248 oon
1186 1189 1241 1248 on
1263 1191 1324 1259 auf
1341 1190 1430 1248 mm
1452 1209 1507 1248 voa
1535 1190 1595 1247 ihm
1616 1189 1702 1248 selbst
1722 1189 1814 1248 ὀκνῶ
1836 1188 2020 1263 Eiatrom
2041 1187 2092 1246 des
2116 1185 2213 1245 Hono

668 1313 796 1368 momnis
817 1295 1011 1370 mpestellten
1029 1295 1245 1370 110114νεί.-
1269 1295 1329 1370 Vql.
1346 1295 1387 1354 D.
1405 1297 1454 1354 67.

668 1470 726 1541 (C.)
754 1460 772 1550 ξ
799 1462 838 1526 In
869 1465 999 1527 nomine
1030 1474 1164 1528 sanctae
1195 1476 1228 1527 et
1256 1462 1446 1528 individuae
1476 1464 1640 1528 trinitatis.
1685 1464 1860 1527 Heinricus
1890 1462 2010 1528 divna·
2040 1462 2213 1527 ordinante

560 1569 767 1656 providentia
795 1592 866 1633 rex.
980 1569 1016 1635 Si
1046 1582 1232 1635 sanctorum
1262 1571 1316 1635 dei
1346 1570 1418 1635 loca
1447 1570 1584 1635 alicuius
1614 1570 1692 1634 doni
1720 1572 1921 1635 incremento
1952 1569 2131 1634 sublimare
2161 1568 2215 1633 vel

560 1674 731 1740 meliorare
754 1675 1016 1765 studuerimusff,
1047 1677 1141 1741 nobis
1170 1679 1338 1764 nostrique
1368 1678 1462 1762 regni
1492 1679 1590 1742 statui
1617 1677 1651 1741 id
1674 1676 1833 1763 proficere
1855 1678 1989 1742 minime
2013 1675 2213 1740 dubitamus.
2232 1700 2254 1739 u

560 1782 770 1869 Quapropter
792 1785 935 1848 omnium
955 1783 1076 1848 Christi
1098 1783 1242 1848 fidebam
1266 1784 1466 1871 presentium
1488 1783 1613 1848 scilicet
1631 1806 1671 1848 ac
1689 1784 1871 1849 futurorum
1889 1785 2018 1848 noverit
2040 1783 2213 1859 industria,

559 1888 700 1974 qualiter
722 1913 781 1955 nos
806 1889 907 1954 divini
931 1892 1050 1955 amoris
1073 1892 1229 1955 instinctu
1245 1914 1305 1978 pro
1323 1890 1468 1955 remedio
1486 1892 1594 1977 anime
1613 1902 1742 1955 nostrae
1762 1913 1821 1955 seu
1838 1902 2011 1978 parentum
2028 1901 2215 1955 nostrorum

559 1996 745 2060 interventu
778 2008 811 2060 et
842 1998 998 2083 petitione
1033 1997 1173 2062 dilectae
1207 1999 1356 2083 coniugis
1389 2008 1519 2067 nostrae
1552 1996 1790 2083 Gvnigvndae⁸
1823 1999 1956 2083 reginae
1987 2019 2049 2061 nec
2082 2021 2153 2062 non
2184 2008 2216 2059 et

557 2101 780 2167 Adalberonis
804 2115 937 2168 sanctae
961 2104 1165 2170 Sabiniensis
1195 2104 1355 2169 ccclesiae
1386 2104 1551 2191 episcopib
1575 2116 1691 2190 rogatu
1720 2104 1783 2169 sibi
1813 2126 1956 2191 suaeque
1987 2103 2152 2169 ecclcsiae
2182 2105 2215 2167 in

557 2208 683 2274 honore
708 2221 914 2275 sanctorum·
938 2209 1087 2275 Cassiani
1117 2213 1259 2276 martiris
1289 2222 1322 2276 et
1351 2211 1456 2275 sancti
1483 2210 1702 2296 Ingenuvvini
1732 2211 1926 2276 confessoris
1956 2210 2133 2275 dedicatae
2164 2233 2214 2275 ca·
2231 2232 2254 2271 a

557 2315 709 2381 stellame
723 2316 865 2381 Veldes⁰
885 2329 1038 2382 vocatum
1058 2317 1251 2405 regalesque
1269 2340 1400 2382 mansos
1416 2300 1487 2383 xiix
1507 2319 1541 2381 in
1559 2340 1645 2404 pago
1662 2317 1801 2382 Creina⁰
1820 2319 1855 2382 in
1873 2319 2029 2382 comitatu
2046 2296 2213 2382 dumnoc

557 2425 648 2505 sitos,
672 2422 828 2488 videlicet
851 2425 937 2488 inter
958 2423 1041 2489 duos
1064 2423 1181 2488 fluvios
1204 2425 1336 2488 maioris
1360 2435 1393 2488 et
1415 2426 1548 2488 minoris
1568 2423 1688 2505 Sovva,
1711 2446 1772 2510 per
1788 2423 1873 2488 hanc
1893 2434 2038 2488 nostram
2056 2426 2213 2510 paginam

555 2531 684 2617 potenti
707 2552 807 2594 manu
830 2529 1051 2612 concedimus,
1083 2531 1171 2616 quod
1195 2532 1324 2594 sivero
1348 2530 1389 2595 de
1417 2533 1464 2594 eis
1487 2529 1568 2595 inibi
1591 2531 1740 2612 defuerit,
1764 2532 1798 2594 in
1821 2530 1938 2595 eodem
1961 2531 2122 2595 comitatu
2145 2528 2213 2594 ubi·

556 2659 699 2722 cumque
722 2635 845 2701 habere
860 2638 1026 2701 noscimur
1049 2636 1092 2701 ad
1108 2660 1219 2701 eorum
1235 2636 1471 2723 subpletionem
1488 2649 1644 2723 quantum
1659 2637 1800 2701 sufficiat
1815 2637 1910 2701 simili
1927 2636 2024 2701 modo
2043 2636 2213 2723 largimur,

556 2766 632 2808 cum
656 2741 807 2807 omnibus
829 2744 1034 2829 pertinentiis
1058 2743 1206 2807 ecclesiis
1230 2742 1500 2808 decimationibus
1523 2745 1607 2807 areis
1626 2742 1784 2807 aedificiis
1807 2745 1931 2830 campis
1954 2744 2057 2829 pratis
2082 2743 2214 2830 pascuis
2229 2762 2252 2803 a

556 2848 649 2914 silvis
672 2848 901 2914 venationibus
932 2851 1027 2937 aquis
1057 2872 1258 2936 aquarumve
1281 2848 1474 2914 decursibus
1496 2848 1731 2935 piscationibus
1754 2849 1957 2929 molendinis,
1988 2872 2064 2914 cum
2090 2849 2214 2914 familia

556 2957 727 3041 utriusque
756 2978 854 3019 sexus
885 2956 980 3020 cultis
1011 2968 1067 3021 aut
1096 2955 1228 3020 incultis
1251 2954 1393 3020 exitibus
1418 2968 1450 3019 et
1472 2955 1630 3020 reditibus
1653 2957 1808 3042 quaesitis
1832 2958 1901 3020 sive
1924 2957 2136 3043 inquirendis
2159 2979 2214 3019 seu

557 3085 633 3127 cum
657 3060 808 3126 omnibus
832 3085 916 3149 quac
935 3061 1082 3148 quolibet
1100 3063 1197 3127 modo
1217 3062 1282 3127 dici
1305 3074 1361 3126 aut
1384 3061 1484 3127 scribi
1502 3074 1637 3148 possunt
1659 3061 1862 3143 utilitatibus,
1887 3074 1919 3126 et
1943 3062 1984 3127 de
2007 3076 2123 3128 nostro
2146 3065 2213 3127 iure

557 3190 597 3232 ac
621 3167 765 3232 dominio
789 3169 824 3231 in
848 3170 918 3231 eius
941 3170 992 3232 ius
1016 3182 1048 3232 et
1066 3168 1244 3234 dominium
1263 3171 1393 3233 omnino
1416 3168 1682 3249 transfundimus,
1705 3190 1744 3233 eo
1764 3168 1917 3233 videlicet
1939 3171 2077 3235 rationis
2102 3184 2213 3235 tenore

557 3283 594 3337 ut
616 3273 763 3360 prefatus
788 3276 962 3360 episcopus
986 3277 1101 3361 suique
1126 3298 1331 3340 successores
1361 3275 1402 3339 de
1426 3276 1658 3361 prenominatis
1680 3275 1802 3361 prediis
1826 3285 1994 3340 eteorum
2018 3276 2248 3342 utilitatibus»

558 3379 677 3443 debinc
700 3378 838 3444 liberam
868 3379 1010 3445 habeant
1039 3393 1232 3468 potestatem
1263 3381 1418 3469 quicquid
1449 3383 1496 3445 eis
1526 3381 1686 3467 placuerit
1713 3381 1856 3447 faciendi
1885 3381 1928 3446 ad
1958 3404 2072 3447 eorum
2106 3396 2213 3448 tamen

558 3484 731 3550 utilitatem
755 3486 925 3575 ecclesiae,
950 3489 1093 3552 omnium
1118 3488 1282 3553 hominum
1306 3487 1529 3574 inquietudine
1553 3499 1687 3552 remota.
1732 3489 1777 3552 Et
1806 3500 1842 3552 ut
1870 3487 1932 3575 hec
1955 3503 2090 3554 nostrae
2116 3488 2212 3554 tradi»

558 3593 656 3656 tionis
691 3596 868 3658 auctoritas
900 3594 1023 3659 firmior
1055 3595 1143 3660 omni
1176 3593 1336 3659 habeatur
1368 3606 1527 3679 tempore,
1563 3593 1625 3658 hoc
1657 3606 1847 3680 preceptum
1879 3594 1956 3659 inde
1989 3599 2211 3682 conscriptum

557 3721 659 3763 manu
680 3702 814 3786 propria
836 3700 966 3764 firmare
990 3703 1176 3765 curavimus
1200 3712 1232 3765 et
1255 3700 1360 3786 sigillo
1383 3712 1493 3765 nostro
1517 3701 1665 3786 insigniri
1689 3702 1850 3765 iussimus.

665 3838 682 3929 ξ
706 3841 841 3927 Signum
866 3841 977 3907 domni
1000 3843 1150 3907 Heinrici
1174 3852 1238 3923 (M.)
1261 3843 1349 3929 regis
1372 3839 1628 3930 invictissimi}
2226 3859 2249 3899 ω

664 3981 902 4072 {cantherius
927 3985 1142 4049 cancellarius
1166 3987 1239 4050 vice
1262 3983 1494 4049 Erchambaldi
1518 3982 1791 4069 archicappellani
1814 3986 1949 4048 notavit.
1973 3983 1991 4073 ᾖ
2049 3989 2107 4067 (sl.
2127 3990 2169 4069 2.)

665 4125 754 4190 Data
775 4141 822 4189 xl.
847 4125 913 4190 kal.
938 4127 1018 4191 iunii
1048 4127 1226 4191 indictione
1249 4142 1346 4207 VIIII,
1377 4149 1462 4190 anno
1493 4125 1674 4189 dominicae
1703 4126 1936 4191 incarnationis
1966 4126 2142 4193 millesimo
2165 4141 2209 4205 xl,

557 4254 643 4296 anno
666 4255 745 4297 vero
770 4232 880 4296 domni
904 4232 1039 4297 secundi
1062 4234 1212 4297 Heinrici
1235 4233 1401 4319 regnantis
1417 4246 1512 4313 v11113
1537 4244 1645 4296 actum
1667 4231 1915 4318 Regenesburg3
1940 4232 2081 4298 feliciter
2105 4256 2209 4299 amen.

1337 4531 1430 4619 229.

555 4692 736 4766 Helueticb
774 4690 921 4765 scbculct
957 4691 1036 4764 dem
1078 4690 1224 4765 Kloster
1261 4692 1538 4768 Nicderoltuiob
1579 4692 1665 4765 zelza
1704 4691 1960 4791 Klioipsbusen
1998 4694 2056 4767 bei
2099 4693 2207 4771 Ober-
2224 4719 2247 4759 κ

554 4810 731 4907 Absdorf.
1645 4838 1828 4913 aymare
1849 4868 1893 4877 —
1912 4841 1989 4900 1011
2013 4840 2090 4899 Just
2113 4841 2163 4900 25.

665 5020 911 5096 Oriqiuuldiplom
934 5019 975 5077 im
1000 5019 1222 5078 Germusisclea
1244 5019 1374 5077 Miaseum
1397 5037 1432 5076 zu
1455 5017 1609 5090 Nemaea
1633 5016 1704 5080 (A).

664 5164 782 5224 Gretser
800 5163 875 5222 Divi
894 5164 1118 5236 Bomberqenses
1137 5163 1176 5219 73
1195 5162 1258 5218 72⁰7
1275 5178 1328 5219 uus
1342 5160 1373 5217 B
1389 5180 1429 5205 =
1447 5156 1677 5216 Hetrrd-Gerrold
1696 5156 1819 5231 metrop.
1837 5157 1942 5217 Solisb.
1959 5160 2002 5217 ed.
2020 5160 2103 5220 Mon.
2120 5164 2153 5229 2,
2167 5158 2206 5216 21

660 5275 693 5330 o⁰
713 5274 755 5331 23
783 5292 824 5317 =
854 5271 948 5328 Haud
956 5269 1091 5327 -Gewold
1117 5267 1241 5340 Metrop.
1272 5266 1377 5324 Solisb.
1406 5266 1448 5323 ed.
1473 5264 1543 5322 But.
1572 5266 1604 5329 2,
1628 5264 1667 5320 16
1693 5266 1725 5319 o⁰
1744 5266 1795 5331 23,
1824 5286 1865 5311 =
1895 5265 2034 5341 laudacie
2064 5266 2119 5325 SS.
2148 5284 2203 5323 rer.

661 5378 815 5453 Bomberp.
833 5379 862 5447 1,
879 5378 938 5435 334
961 5377 1028 5433 71⁰7
1047 5395 1089 5421 =
1109 5362 1212 5447 illique⁴
1227 5372 1339 5431 Putrol.
1358 5372 1426 5440 140,
1442 5372 1500 5428 291
1526 5372 1556 5427 72⁰
1571 5370 1621 5437 57,
1641 5389 1682 5414 =
1704 5368 1821 5427 Grelser
1842 5370 1896 5444 Op,
1917 5372 1965 5441 10,
1981 5373 2043 5430 538
2062 5375 2094 5430 n⁰
2113 5373 2141 5431 7.
2164 5398 2205 5408 ·-·
2219 5377 2245 5418 ⁴⁰

661 5484 741 5544 Mon.
766 5485 859 5543 Boico
890 5485 938 5553 11,
963 5484 1021 5543 140
1050 5484 1082 5539 72⁰
1100 5481 1142 5538 27
1168 5498 1221 5537 aus
1247 5478 1286 5536 B.
1317 5506 1358 5515 -
1387 5476 1502 5534 Malles·
1524 5475 1594 5548 Req.
1619 5475 1670 5532 der
1699 5474 1899 5550 Bubeuberpet·
1925 5479 1945 5533 3
1971 5480 2003 5535 π’
2023 5479 2043 5534 7
2066 5479 2139 5553 Rey.
2162 5504 2205 5515 -

661 5591 788 5650 Bdltmer
810 5590 990 5665 Req.1073.
1015 5617 1059 5626 -
1083 5586 1207 5658 Stumps
1225 5585 1296 5659 Rey.
1318 5584 1405 5641 1518.

624 5772 688 5831 228.
715 5775 862 5846 [Bresalau]
899 5775 925 5843 a)
945 5776 970 5826 A
1043 5772 1073 5839 b)
1093 5771 1157 5822 aber
1175 5771 1223 5822 der
1241 5770 1314 5821 Zeile
1331 5769 1523 5833 namuurum
1595 5768 1621 5825 cl
1643 5766 1770 5817 uaccas
1788 5767 1990 5834 nochpaeropcn.
