4760 6512
810 443 1046 500 HEINRICH
1069 445 1107 500 Il.
1150 443 1244 501 1013.
1788 440 1851 502 311

307 634 355 698 Ea
373 634 429 698 tac
445 633 526 698 arach
544 634 579 698 t‘a
598 632 714 697 diesem
734 632 835 696 Jatre
855 629 983 720 [1013]
1003 633 1060 697 der
1077 633 1187 721 Ko’aiy
1209 635 1278 721 auf
1296 633 1349 698 die
1367 633 1511 699 Farbira
1533 636 1637 699 rainer
1661 633 1853 699 Gemellino

202 742 269 805 trad
295 740 485 804 Meinwerci
516 749 649 803 sanctae
678 736 958 803 Paderbornensis
989 738 1147 803 ecclesiae
1178 740 1291 804 eximii
1319 740 1459 826 pastoris
1490 739 1560 805 dem
1582 740 1713 806 Klostcr
1741 739 1852 804 Helm·

200 846 432 912 wardeshusen
464 846 511 929 (so
541 848 576 910 iu
607 845 665 910 der
693 844 782 909 Eira
812 869 921 909 uuam
951 844 1182 935 Scliymaclrers
1214 847 1281 912 aad
1312 847 1368 912 des
1397 848 1470 913 teil.
1494 847 1601 912 Patara
1631 847 1687 912 dea
1716 849 1854 913 oberstm

200 955 347 1042 Apoateds
374 955 521 1042 percellet
549 955 603 1037 rat)
632 953 765 1040 papaten
795 952 863 1016 aad
888 955 1064 1041 acqeeiyaet
1091 956 1198 1018 sciam
1222 954 1318 1018 Forat
1346 954 1414 1019 und
1441 953 1537 1019 Watd
1559 951 1681 1039 Siburg
1707 969 1853 1042 persanat,

169 1089 183 1128 s
201 1064 257 1149 bey
281 1062 350 1126 dem
373 1061 503 1125 Kloater
522 1061 660 1148 pelopea,
683 1058 751 1123 aad
772 1059 882 1123 etliclte
899 1059 990 1146 fflife
1010 1062 1137 1148 pelopea
1159 1064 1195 1125 ia
1218 1060 1278 1125 dea
1299 1060 1447 1148 Ddrfera
1468 1058 1593 1142 Burmi,
1610 1058 1852 1144 Wedeckesen,

201 1167 467 1248 Wermanessen,
492 1167 635 1247 Stamen,
659 1165 760 1229 Humi
783 1165 817 1228 in
841 1186 926 1251 pago
950 1164 1049 1229 Hassi
1073 1167 1107 1230 in
1130 1168 1286 1231 comitatu
1304 1165 1508 1230 Dediconis⁸
1530 1168 1599 1232 aad
1619 1193 1684 1233 was
1707 1170 1773 1233 itm
1796 1169 1853 1234 du-

200 1278 295 1341 retbst
315 1279 420 1340 wec‘ter
443 1275 543 1339 durch
566 1274 623 1339 der
639 1275 760 1361 freyen
777 1272 874 1337 Lecta
892 1273 1281 1362 Abstarbea‘uuqefaltca,
1305 1295 1364 1358 pro
1388 1273 1533 1338 remedio
1552 1274 1640 1339 vitae
1658 1297 1737 1339 suae
1760 1297 1853 1361 prae·

201 1383 302 1446 sentis
332 1404 371 1446 ac
402 1403 460 1469 spe
489 1381 616 1445 futurae
640 1377 863 1444 retributionis
886 1402 1011 1466 proque
1035 1378 1184 1444 omnibus
1209 1382 1328 1467 (iuquit
1350 1380 1510 1445 Henrt‘cus
1532 1384 1602 1467 rec)
1627 1378 1745 1468 quibus
1768 1383 1854 1446 rivis

203 1501 235 1553 et
257 1488 420 1553 defunctis
444 1486 608 1553 debitores
632 1487 812 1551 existimus.

160 1836 186 1875 to
986 1787 1081 1874 267.

204 1951 382 2025 Heinrich
406 1949 610 2023 cataasclst
641 1975 690 2022 aa
723 1949 783 2023 dia
808 1948 1036 2047 biscbbfliclse
1061 1948 1199 2022 Kirclsa
1222 1975 1267 2023 aa
1293 1948 1494 2050 Wiirzbarq
1520 1949 1591 2023 den
1620 1949 1709 2049 Hof
1728 1949 1854 2028 Geron

201 2097 314 2172 papea
348 2070 407 2144 die
441 2096 493 2143 aa
519 2069 700 2169 Bamberq
735 2069 1001 2168 iibertrapenea
1026 2067 1190 2141 Kirclsea
1214 2093 1259 2141 zu
1283 2068 1480 2159 Halatadt,
1509 2069 1754 2170 Amliaqstodt
1776 2071 1857 2145 aad

204 2188 396 2287 Saastinp.
1381 2215 1552 2287 aranfer
1570 2217 1649 2277 1013
1665 2217 1740 2277 June
1758 2219 1808 2276 21.

314 2388 557 2463 Oriqiaatdiplom
579 2388 620 2447 im
641 2389 671 2447 lc.
688 2386 894 2445 Rcicbsarclrio
914 2404 951 2444 zu
973 2384 1116 2445 Mutarim
1140 2385 1211 2452 (A).

311 2531 403 2609 aaa,
419 2531 452 2589 ia
469 2530 608 2605 Mancia
629 2530 749 2589 Wirtzb.
770 2529 993 2589 Gescbiclrtsclrr.
1010 2529 1071 2588 156
1087 2529 1120 2588 ia
1137 2529 1284 2588 ductarier
1303 2528 1505 2604 Uebcrsetzuaq
1523 2549 1566 2575 =
1585 2529 1682 2605 Ia'taiq
1701 2530 1853 2602 RA.17⁶,

310 2639 370 2697 938
392 2640 425 2696 a⁰
440 2640 488 2697 12.
513 2667 557 2675 —
579 2637 712 2711 Weyriclt
733 2636 927 2696 Wettcrmaaa
954 2636 1095 2703 (stela)
1121 2635 1296 2695 Wetterauia
1323 2635 1430 2694 illustr.
1449 2636 1487 2702 (a.
1504 2636 1524 2695 l.
1542 2636 1647 2707 1731),
1672 2636 1734 2696 01).
1760 2639 1780 2695 6
1802 2656 1856 2698 aas

311 2745 472 2816 Abachrist.
496 2774 540 2782 -
562 2744 666 2803 chclc
683 2743 768 2802 Hera.
788 2735 1096 2818 Laudaqatclt.1⁶,4
1116 2744 1185 2801 a⁰2
1207 2760 1261 2801 aas
1278 2742 1432 2814 Abscltrist
1450 2763 1492 2788 =
1516 2742 1724 2803 Oestcrreiclicr
1746 2746 1777 2803 iu
1802 2746 1854 2805 Ge·

311 2853 414 2927 offam
430 2851 555 2911 Archiae
578 2853 625 2921 1⁰,
641 2852 701 2909 356
727 2853 760 2909 πο
776 2852 793 2908 1
817 2850 937 2924 diuam.
957 2877 997 2888 -
1016 2849 1097 2909 Mon.
1117 2849 1211 2909 Boicu
1232 2850 1304 2919 28⁰,
1320 2849 1382 2907 442
1404 2851 1437 2908 n⁰
1451 2849 1515 2908 278
1542 2867 1595 2909 aaa
1612 2850 1649 2909 A.
1666 2880 1711 2889 —
1728 2850 1856 2911 Bdlmer

311 2959 382 3034 Ray.
400 2960 488 3019 1098.
508 2988 552 2997 -
576 2957 700 3032 Stampf
713 2957 784 3032 Ray.
802 2959 890 3016 1583,

310 3100 461 3160 Mundicrt
480 3119 534 3159 voa
551 3101 641 3159 ciuem
657 3099 901 3159 Parteisclrreibcr
918 3100 989 3159 auctr
1008 3100 1097 3158 ductu
1115 3100 1169 3158 mit
1183 3098 1351 3175 Bcautzuaq
1373 3100 1422 3159 des
1444 3098 1512 3159 Do.
1531 3099 1596 3160 ΙΙΙ.
1614 3101 1671 3159 361
1694 3104 1855 3172 versasstaa

311 3207 422 3267 Dictat.
439 3237 482 3246 -
507 3207 570 3266 Zur
594 3206 758 3266 Gcscticlste
780 3207 829 3265 dea
850 3206 947 3279 Hofes
971 3206 1070 3265 Geras
1091 3207 1147 3281 ayt.
1167 3206 1207 3265 N.
1224 3207 1334 3266 Archiv
1356 3209 1409 3277 22,
1426 3208 1485 3266 155
1507 3206 1547 3266 N.
1563 3209 1594 3266 2.

312 3373 473 3464 (01111
496 3376 627 3440 nomine
651 3386 783 3439 sanctae
807 3387 840 3439 et
862 3374 1052 3439 individuae
1076 3376 1240 3439 trinitatis.
1285 3375 1461 3440 Heinrieus
1492 3374 1604 3441 divina
1630 3376 1761 3443 favente
1790 3378 1854 3443 cle·

204 3485 327 3549 mentia
349 3506 419 3548 rex.
528 3497 655 3547 Omnium
674 3502 785 3547 sanctae
804 3496 849 3547 dei
869 3494 1004 3547 ecclesiae
1023 3496 1145 3546 fidelium
1161 3509 1179 3541 a
1199 3502 1256 3547 taur
1278 3489 1487 3567 prebeantiurn
1513 3513 1595 3562 quarn
1620 3504 1649 3549 et
1673 3499 1855 3550 futurorum

204 3592 333 3655 noverit
355 3589 524 3671 industria,
548 3602 667 3668 qualiter
691 3619 742 3654 nos
765 3612 824 3676 pro
850 3604 990 3654 remedio
1021 3601 1054 3654 et
1083 3603 1217 3654 aeterna
1239 3590 1498 3654 remuneratione
1530 3605 1720 3666 ammarum,
1751 3594 1855 3679 primo

160 3723 187 3763 as
204 3698 307 3761 nostri
339 3698 476 3761 senioris
507 3695 624 3761 beatae
657 3697 831 3760 memoriae
864 3698 957 3761 tercii
988 3696 1117 3762 Ottonis
1151 3698 1356 3783 imperatoris
1389 3698 1519 3782 augusti
1552 3710 1585 3762 ct
1615 3709 1745 3763 nostrae
1776 3722 1855 3765 vero

205 3805 333 3869 animae
356 3816 593 3891 parentumque
617 3814 811 3885 nostrorum,
834 3813 902 3867 tum
922 3805 1022 3867 etiam
1040 3824 1152 3884 propter
1170 3804 1368 3891 peticionem
1387 3802 1625 3891 Chunigrmdae
1644 3806 1778 3891 reginae
1797 3807 1855 3872 sed

205 3922 239 3976 et
268 3910 379 3975 domni
408 3908 630 3975 Erchanbaldi
660 3910 869 3996 Mogontinae
901 3909 988 3974 sedis
1018 3910 1249 3999 archipresulis
1278 3932 1340 3975 nec
1372 3933 1438 3975 non
1468 3921 1502 3975 et
1530 3911 1642 3976 domni
1670 3910 1857 3979 Eberhardi

204 4016 490 4104 Babenbergensis
506 4016 686 4082 aecclesiae
704 4031 851 4082 venerandi
868 4031 1005 4098 pontificis
1022 4017 1196 4104 domnique
1209 4017 1658 4083 BurchardiWormaeiensis
1675 4019 1855 4085 aecclesiae

206 4126 352 4211 episcopi
375 4125 507 4211 gloriosi
531 4146 606 4189 cum
624 4124 782 4188 Heinrico
797 4123 1115 4209 Wirziburgensium
1134 4123 1315 4189 venerabili
1339 4126 1493 4211 episcopo
1517 4125 1682 4212 quoddam
1706 4150 1855 4192 concam·

160 4257 187 4297 ao
206 4232 294 4297 bium
324 4233 472 4313 fecimus,
504 4231 628 4296 scilicet
658 4233 708 4296 sui
737 4233 816 4295 iuris
847 4231 1040 4296 aecclesiam
1070 4232 1105 4295 in
1134 4231 1213 4296 villa
1243 4254 1326 4317 quae
1350 4231 1481 4296 Halstst
1511 4232 1630 4297 dicitur
1659 4235 1754 4297 sitam
1781 4258 1856 4299 cum

205 4341 299 4404 terris
323 4340 494 4426 mancipiis
519 4350 552 4403 et
575 4338 845 4403 decimationibus
868 4378 913 4387 —
936 4340 1082 4425 exceptis
1107 4337 1233 4404 duabus
1258 4338 1402 4426 capellis,
1434 4339 1537 4404 altera
1564 4341 1598 4404 in
1621 4340 1855 4425 Druondestat,

205 4445 308 4511 altera
325 4448 359 4510 in
375 4444 646 4531 Biscoffesberge,
667 4468 741 4510 curn
761 4444 1033 4511 decimationibus
1052 4445 1230 4511 earundem
1246 4485 1290 4494 -
1305 4469 1367 4511 nec
1386 4470 1450 4511 non
1470 4447 1551 4512 alias
1568 4447 1649 4512 duas
1668 4448 1855 4532 aecclesias,

205 4576 304 4618 unam
322 4554 357 4617 in
374 4552 631 4638 Amalungestat,
656 4552 792 4617 alteram
811 4553 843 4617 in
864 4552 1073 4639 Siuselingun
1093 4576 1166 4618 cum
1186 4554 1252 4618 suis
1272 4552 1543 4619 decimationibus
1562 4566 1595 4619 et
1614 4578 1672 4619 sex
1691 4554 1856 4641 regalibus

206 4662 327 4725 mansis
355 4671 388 4725 et
417 4661 588 4746 mancipiis
619 4660 662 4724 ad
692 4659 825 4724 easdem
855 4659 1032 4724 aecclesias
1062 4658 1298 4747 pertinentibus
1329 4672 1462 4726 sanctae
1492 4661 1563 4727 sedi
1586 4661 1856 4749 Babenbcrgensi

160 4792 187 4833 ss
205 4770 238 4833 in
262 4778 427 4856 posterum
451 4765 615 4831 subiectas
638 4768 851 4853 propriasque
881 4766 1017 4831 firmiter
1044 4778 1232 4849 statuentes,
1263 4780 1374 4832 mutuo
1405 4778 1512 4833 autem
1541 4785 1629 4835 nostri
1656 4785 1723 4834 iuris
1751 4800 1855 4835 errem

206 4875 340 4941 Geraha
363 4890 464 4940 dicam
490 4894 616 4939 sanetae
643 4873 834 4955 aecclesiae,
866 4888 925 4937 eui
951 4874 1096 4960 prefatus
1126 4887 1320 4939 venerabilis
1351 4891 1465 4940 antistes
1497 4876 1673 4941 Heinricus
1703 4876 1857 4942 videlicet

206 4983 361 5048 decenter
386 5012 494 5065 prqesse
514 4997 674 5055 dinoscitur,
700 4996 734 5046 ad
753 4997 883 5046 honorem
900 5009 917 5040 a
938 4994 1084 5046 salvatoris
1111 4996 1203 5046 mundi
1223 4997 1560 5062 preciosissimorumque
1586 5004 1732 5063 martyrum
1752 4997 1856 5050 Killani

206 5103 335 5156 t'otonati
353 5117 370 5149 a
385 5104 503 5154 Totnani
522 5090 556 5153 in
576 5089 708 5152 civitate
720 5087 908 5152 wirziburc
928 5110 1085 5169 constructa
1106 5100 1204 5175 atque
1226 5104 1370 5153 dedicatae
1390 5106 1516 5155 slantes
1537 5104 1718 5169 largientes
1736 5104 1854 5156 firmissi-

206 5228 317 5276 maque
338 5212 485 5262 traditione
505 5212 672 5260 donantes.
704 5210 903 5260 Illernoratam
926 5197 1035 5282 itaque
1060 5218 1164 5261 curtem
1185 5195 1317 5261 Getullu
1339 5213 1367 5261 in
1387 5228 1458 5278 pago
1478 5199 1644 5286 superiore
1663 5198 1856 5284 Riniggowo

159 5328 188 5366 to
206 5322 234 5370 iu
260 5321 392 5370 consitatu
418 5302 588 5368 Adelberti
613 5318 721 5367 comitis
747 5320 847 5367 sitam
874 5318 1056 5383 proprietario
1083 5319 1142 5369 iure
1170 5334 1233 5369 cum
1261 5319 1386 5369 omnibus
1416 5306 1483 5369 suis
1513 5321 1685 5384 pertinentiis
1713 5318 1855 5372 aecclesiis

206 5410 477 5477 decimationibus
501 5409 584 5474 villis
608 5412 690 5474 vicis
717 5426 788 5474 areis
812 5426 914 5491 eampis
941 5426 1026 5491 pratis
1052 5427 1161 5491 pascuis
1186 5424 1263 5475 silvis
1286 5439 1303 5470 a
1331 5427 1524 5476 venationibus
1540 5440 1558 5472 a
1579 5428 1656 5491 aquis
1676 5443 1855 5492 aquarumve

206 5535 367 5585 decursibus
393 5533 592 5598 piscationibus
617 5530 789 5591 molendinis,
813 5542 887 5582 eum
916 5531 1041 5582 familia
1065 5534 1207 5599 utriusque
1233 5549 1315 5584 sexus
1338 5518 1432 5583 cultis
1463 5531 1496 5584 et
1524 5518 1655 5584 incultis
1684 5535 1801 5585 exitibus
1824 5534 1857 5586 et

206 5641 339 5691 reditibus
359 5640 473 5707 quesitis
493 5626 562 5688 sive
581 5640 749 5704 inquirendis
770 5640 940 5703 eaeterisque
960 5638 1086 5689 omuibus
1106 5655 1176 5704 quae
1196 5640 1285 5690 adhuc
1305 5623 1404 5689 scribi
1428 5648 1477 5690 sut
1499 5641 1614 5691 inveniri
1638 5648 1754 5707 possunt
1771 5627 1855 5692 utili·

277 5820 342 5875 266.
368 5820 473 5891 [Bloch]
510 5824 537 5891 a)
557 5820 594 5888 K,
614 5821 682 5873 wohl
699 5822 821 5890 masaa,
839 5819 1018 5874 aratrum
1037 5821 1099 5872 oder
1118 5823 1259 5873 arditate
1277 5824 1327 5888 sair
1344 5820 1500 5875 Ilodieonis.
