4800 6516
819 485 1055 543 HEINRICH
1079 487 1117 541 ΙΙ.
1159 486 1254 544 1003.
1819 487 1861 549 55

316 689 369 747 uae
390 687 533 761 derjmipe
551 688 602 745 der
621 686 818 755 bbeldllim
838 685 974 744 Urlcaade
996 685 1165 756 iveramus,-
1187 690 1307 743 ersteres
1323 685 1415 743 belant
1434 686 1481 744 die
1502 687 1650 761 eipeotlicb
1672 689 1862 765 reebtspiltiye

320 794 500 868 l'erler'busy,
530 794 642 852 lelztere
663 792 792 852 erwttbot
815 791 862 850 die
883 796 957 849 erste
981 789 1155 865 Seleucum.
1203 790 1338 865 Daoepen
1360 792 1399 850 ist
1422 792 1468 852 dle
1490 794 1611 853 Arusielrt
1633 794 1764 865 Herre’8‚
1794 796 1862 855 dass

316 902 363 959 dle
381 919 435 959 vos
453 900 520 959 Otto
537 898 601 957 ΙΙΙ.
625 899 786 974 peschealcte
801 898 885 972 Bury
907 916 960 955 zur
977 896 1154 968 Grafselurft
1175 898 1274 972 pellit
1296 899 1355 957 aad
1369 900 1437 958 dass
1452 906 1509 958 erst
1525 900 1667 960 Heinrich
1690 903 1742 960 den
1765 902 1860 978 lunip-

318 1007 408 1065 lichen
431 1006 531 1065 Besitz
560 1005 642 1064 dabei
672 1005 811 1063 uerlieben
840 1004 927 1073 batte,
959 1004 1130 1075 urrltaltbur;
1159 1004 1227 1063 dress
1249 1005 1296 1062 die
1319 1004 1472 1081 Ilseaburp
1500 1007 1642 1082 lto'nipliclt
1666 1027 1739 1078 arur,
1769 1009 1863 1081 daft'tr

317 1113 428 1186 spricltt
446 1113 518 1170 uucls
533 1112 585 1170 der
600 1111 748 1179 Uirrstaod,
763 1110 831 1169 dass
849 1109 916 1168 Otto
927 1108 992 1168 ΠΙ.
1013 1111 1072 1168 995
1089 1111 1152 1168 bier
1166 1110 1304 1186 Quartier
1317 1130 1477 1186 yenommea
1494 1114 1571 1172 butte
1587 1113 1670 1180 (ΒΟ.
1688 1113 1753 1174 ΙΙΙ.
1771 1116 1844 1182 167)
1851 1140 1862 1189 ;

318 1220 377 1278 aad
404 1218 452 1277 dic
478 1218 530 1276 der
554 1217 735 1277 Gemolmloeit
762 1217 810 1274 des
837 1216 1056 1275 Urluodeastils
1085 1217 1300 1290 eratspreebeade
1322 1220 1448 1292 Αηραὺε,
1478 1220 1546 1278 dass
1569 1220 1721 1296 llsertbarp
1750 1222 1781 1280 in
1811 1223 1862 1281 der

320 1326 498 1395 &abetost
516 1324 671 1399 Riebperts
693 1324 733 1381 im
752 1323 912 1398 Hordeoou
935 1323 1043 1397 belepeo
1061 1324 1112 1392 sei,
1135 1324 1212 1382 lorea
1237 1324 1324 1394 ariell,
1348 1326 1401 1383 trie
1420 1325 1516 1384 Herse
1538 1327 1726 1387 oszuneltmeu
1744 1329 1861 1400 selant,

317 1432 406 1491 dallo
428 1432 597 1490 oerstuodeu
621 1430 741 1497 werden,
764 1429 832 1488 dass
853 1448 882 1488 es
904 1430 1065 1503 prulliclter
1087 1431 1186 1489 Basa’tz
1207 1450 1329 1505 perresen
1350 1433 1401 1491 sei.

319 1608 376 1679 (C.)
406 1597 424 1687 ᾖ
453 1598 492 1662 ln
515 1599 645 1662 nomine
674 1610 806 1662 sanctae
830 1609 862 1661 ct
886 1597 1075 1662 individuae
1099 1600 1262 1662 trinitatis,
1309 1599 1485 1664 Heinricus
1509 1600 1621 1665 divina
1643 1603 1774 1667 favente
1799 1603 1862 1668 cle·

168 1732 193 1768 ro
212 1708 333 1770 mentia
363 1728 431 1769 rex.
542 1705 578 1770 Si
606 1703 813 1769 rationabiles
836 1704 980 1768 fidelium
1004 1706 1188 1791 petitiones,
1213 1729 1294 1792 quas
1318 1706 1411 1770 nobis
1435 1707 1477 1771 ad
1501 1708 1736 1773 incrementum
1759 1709 1862 1774 divini

211 1814 335 1877 servitii
366 1814 528 1898 ingerunt,
560 1812 602 1876 ad
633 1812 784 1875 effectum
815 1809 832 1899 ξ
861 1809 1081 1897 perducimus,
1112 1826 1265 1876 aeternae
1295 1813 1516 1878 retributionis
1540 1817 1573 1878 in
1598 1814 1688 1879 caclo
1712 1818 1862 1881 meritum

211 1934 242 1983 et
272 1921 452 2007 praesentis
484 1917 632 2005 obsequii
665 1919 698 1981 in
732 1918 863 1982 saeculo
894 1917 1018 1981 lucrum
1052 1916 1146 1982 nobis
1179 1919 1255 1983 iude
1286 1923 1471 2006 comparari
1503 1920 1627 2008 liquido
1658 1922 1861 1987 confidimus.

210 2026 352 2091 Proinde
383 2038 494 2090 notum
526 2027 567 2089 sit
597 2024 748 2089 omnibus
773 2023 924 2088 fidelibus
955 2026 1073 2088 nostn's
1104 2025 1330 2111 praesentibus
1362 2027 1487 2091 seilicet
1511 2039 1543 2091 et
1566 2028 1692 2109 futuris,
1724 2030 1864 2115 qualiter

211 2156 269 2197 nos
300 2156 360 2218 per
386 2135 604 2197 interventum
628 2131 837 2196 familiarium
868 2143 1049 2195 nostrorum
1073 2132 1276 2196 Berenbardi
1299 2133 1455 2197 videlicet
1478 2134 1581 2216 ducis,
1612 2135 1760 2200 Heinrici
1785 2159 1863 2224 quo·

75 2301 80 2311 ,
168 2263 193 2301 ra
212 2263 275 2326 que
300 2241 426 2304 comitis
451 2251 483 2303 et
501 2238 685 2303 Barchardi
710 2240 836 2302 comitis
860 2239 1006 2325 palatini,
1030 2240 1084 2324 pic
1108 2240 1255 2324 petitioni
1281 2238 1478 2304 venerabilis
1500 2243 1562 2304 viri
1581 2242 1705 2306 Arnolfi
1725 2243 1863 2307 Haluer·

213 2348 363 2411 statensis
387 2346 568 2411 aecclesiae
593 2347 739 2431 episcopi
764 2368 933 2409 assensum
958 2343 1162 2431 praebentes
1188 2345 1231 2409 ad
1254 2346 1355 2410 altare
1379 2349 1483 2411 sancti
1504 2348 1663 2434 Stephani
1686 2362 1864 2435 protomar·

213 2455 292 2539 tyris
308 2466 433 2540 partem
450 2453 614 2539 quandam
632 2452 673 2516 de
693 2453 828 2539 praedio
852 2453 953 2515 nostri
977 2453 1057 2515 iuris
1080 2475 1140 2538 per
1164 2452 1225 2516 hoc
1248 2453 1358 2537 regale
1381 2468 1594 2541 praeceptum
1617 2454 1724 2519 stabili
1749 2479 1863 2542 peren·

212 2562 296 2623 niter
319 2559 403 2623 dono
428 2560 637 2624 tradidimus:
669 2560 701 2623 id
727 2572 775 2623 est
800 2559 957 2645 quicquid
980 2561 1013 2622 in
1037 2560 1170 2622 cim'tate
1193 2559 1422 2646 Elisenaburg‚
1454 2584 1538 2647 quae
1563 2563 1625 2626 sita
1649 2565 1754 2626 estin
1777 2585 1863 2649 pago

213 2666 432 2750 Hardegouue
462 2679 494 2730 et
524 2668 557 2729 in
586 2668 740 2730 comitatu
764 2665 941 2751 Riclrperti,
971 2677 1080 2729 nostro
1103 2679 1249 2752 ternpore
1280 2667 1381 2753 regali
1412 2670 1568 2753 pertinuit
1597 2671 1749 2755 potestati
1780 2671 1864 2733 intra

168 2797 195 2834 ao
213 2796 321 2837 muros
344 2772 397 2836 vel
421 2784 524 2854 extra,
549 2796 623 2837 cum
648 2771 796 2837 omnibus
821 2773 1025 2858 appendiciis
1048 2772 1309 2857 possessionibus
1334 2784 1366 2837 ct
1389 2774 1581 2839 utilitatibus
1602 2775 1707 2839 eidem
1729 2776 1863 2862 praedio

213 2881 295 2944 iuste
320 2892 352 2943 ct
375 2879 524 2964 legaliter
550 2879 788 2966 pcrtinentibus
818 2877 993 2943 mobilibus
1018 2891 1048 2942 et
1072 2878 1291 2943 immobilibus
1322 2882 1425 2944 servis
1449 2892 1482 2944 et
1505 2882 1630 2946 ancillis
1661 2884 1745 2946 areis
1777 2882 1864 2947 acdi-

213 2987 294 3050 ficiis
318 2988 411 3050 terris
436 2986 530 3050 cultis
554 3000 586 3050 et
617 2986 746 3050 incultis
777 2987 879 3072 pratis
910 2987 1040 3071 pascuis
1071 2988 1141 3049 sive
1166 2988 1369 3072 compascuis
1401 2987 1491 3051 silvis
1515 2990 1608 3074 aquis
1632 2999 1861 3075 aquarumve⁸

213 3092 404 3157 decursibus
435 3092 628 3156 molendinis
658 3092 894 3179 piscationibus
918 3094 980 3155 viis
1006 3104 1038 3155 et
1067 3093 1164 3156 inviis
1189 3093 1331 3157 exitibus
1355 3106 1387 3158 et
1416 3093 1574 3158 reditibus
1599 3097 1734 3181 quesitis
1759 3110 1791 3160 et
1818 3097 1864 3159 in-

214 3200 380 3286 quirendis
405 3224 443 3264 ac
468 3202 585 3287 ceteris
610 3225 674 3289 que
698 3199 844 3286 quolibet
866 3199 963 3263 modo
988 3202 1048 3264 rite
1073 3201 1183 3263 vocari
1211 3214 1267 3264 urit
1295 3202 1435 3264 inveniri
1458 3213 1595 3287 possunt
1618 3202 1810 3266 utilitatibus
1834 3215 1866 3266 et

170 3329 195 3367 a
213 3308 427 3392 pertinentiis,
461 3330 499 3371 eo
530 3320 642 3371 tenore
676 3308 828 3393 quatinus
861 3300 1028 3393 praefatus
1061 3307 1233 3392 episcopus
1261 3306 1425 3371 Arnoldus
1458 3309 1573 3394 suique
1606 3309 1639 3371 in
1672 3321 1866 3395 perpetuum

214 3436 419 3477 successores
452 3412 589 3478 liberam
613 3414 769 3499 deinceps
799 3413 876 3477 indo
900 3413 1043 3477 habeant
1066 3424 1258 3499 potestatem
1283 3413 1439 3500 quicquid
1470 3413 1533 3477 sibi
1562 3416 1596 3478 in
1626 3438 1704 3479 usus
1735 3439 1810 3480 suos
1834 3430 1866 3479 et

213 3519 380 3606 praedicte
405 3521 586 3585 aecclesiae
610 3519 711 3584 libeat
730 3520 883 3599 faciendi,
909 3521 1051 3584 omnium
1075 3543 1288 3606 personarum
1312 3520 1568 3585 contradictione
1591 3534 1725 3586 remota.
1765 3523 1808 3586 Et
1830 3535 1866 3586 ut

215 3626 296 3691 baec
320 3639 450 3691 nostrae
474 3626 658 3692 traditionis
682 3629 858 3691 auctoritas
882 3624 1006 3691 stabilis
1031 3637 1063 3689 et
1085 3627 1278 3691 inconvulsa
1301 3641 1501 3713 permaneat,
1533 3628 1617 3691 hanc
1647 3630 1750 3692 nostri
1772 3651 1864 3714 prae-

215 3735 301 3819 cepti
332 3736 485 3820 paginam
517 3734 593 3798 inde
618 3735 836 3820 conscriptam
867 3758 966 3797 manu
996 3735 1128 3819 propriu
1158 3733 1348 3798 roborantes
1379 3733 1476 3819 sigilli
1506 3732 1634 3800 nostrib
1662 3736 1864 3821 inpressione

168 3864 195 3901 ao
214 3842 362 3926 insigniri
386 3842 547 3904 iussimus.

320 3982 337 4070 ξ
361 3984 497 4068 Signum
521 3983 630 4047 donmi
656 3984 803 4047 Heinrici
828 3994 891 4061 ill.)
917 3984 1002 4067 regis
1026 3983 1241 4046 invictissimi.
1265 3981 1283 4071 ξ

320 4123 337 4213 ξ
361 4125 548 4210 Egilbertus
572 4125 786 4189 cancellarius
809 4127 882 4189 vice
907 4124 1072 4209 L'uilligisi
1096 4123 1349 4210 archicapellani
1372 4148 1481 4210 recog,
1505 4124 1522 4214 ᾖ
1749 4135 1867 4195 (81.2.)

322 4267 410 4331 Data
433 4282 519 4331 xvn.
543 4268 609 4331 kal.
634 4270 709 4330 mai.
734 4291 818 4331 anno
843 4268 1026 4331 dominicae
1054 4267 1287 4330 incarnationis
1311 4281 1391 4343 sun,
1423 4267 1601 4333 indictione
1626 4283 1648 4347 1,
1680 4292 1765 4332 anno
1789 4292 1867 4333 vcro

214 4372 325 4437 domni
348 4375 497 4438 Heinrici
521 4376 607 4459 regis
632 4389 660 4453 13
686 4387 794 4439 actum
818 4374 969 4438 Altstedi.

172 4724 196 4762 s
1008 4691 1075 4775 47.

216 4863 395 4936 Heinrich
420 4864 548 4935 nirnrnt
570 4863 638 4935 dos
655 4862 803 4936 Kloster
820 4863 1128 4937 Helorarsbausen
1155 4864 1194 4935 in
1220 4864 1342 4935 scinco
1361 4863 1499 4954 Sebutz,
1526 4866 1690 4965 bestd'tipt
1714 4865 1785 4937 ibor
1809 4866 1868 4939 dic

216 4982 377 5055 Freibeit
408 5008 479 5053 oon
513 4978 642 5055 Coraci
674 4984 780 5055 socole
811 4985 933 5055 seioen
964 4982 1184 5057 Gir'terbesitz
1217 4981 1298 5055 uod
1330 4983 1406 5054 sein
1434 4982 1561 5073 Recte,
1597 4982 1667 5057 deo
1702 4983 1792 5083 l⁷opt
1823 5010 1868 5057 zu

217 5101 367 5191 erdbleo,
394 5100 476 5173 aad
500 5101 647 5174 verleio
672 5101 742 5174 ihm
773 5102 831 5175 die
857 5101 1082 5175 Immonitc‘t't.
1416 5129 1583 5204 arerseuary
1607 5132 1685 5189 1003
1708 5131 1774 5189 lsai
1793 5133 1821 5188 7,

329 5309 433 5368 tt'eoca
456 5309 541 5366 Hess.
565 5308 769 5383 Loudespesrb.
794 5303 839 5379 2⁶,
858 5312 899 5368 42
923 5314 954 5368 u⁰
973 5314 1011 5367 33
1039 5328 1092 5368 aas
1120 5309 1331 5368 rersrleollesem
1358 5306 1529 5381 Copinlburlt
1555 5309 1612 5375 (A)
1644 5329 1685 5354 =
1716 5309 1866 5366 Wilmuns·

175 5418 200 5452 ⁴⁰
323 5417 457 5490 Philippi
488 5416 587 5485 Westf.
613 5417 683 5474 ΚΓ.
708 5424 739 5483 2,
759 5420 816 5475 145
841 5419 957 5476 110127.
982 5447 1026 5454 -
1049 5417 1175 5475 Bdbmer
1197 5415 1267 5489 Rep.
1288 5418 1355 5472 935.
1380 5445 1423 5451 -
1448 5416 1571 5486 Stunrps
1589 5414 1660 5487 Rep.
1683 5417 1768 5473 1357.

328 5568 460 5638 Versusst
484 5585 534 5623 ron
559 5567 623 5624 ΕΑ.
671 5568 726 5625 Bri
749 5569 800 5626 der
823 5570 989 5641 Absussuny
1011 5569 1050 5625 ist
1071 5568 1172 5641 perriss
1194 5567 1247 5625 dus
1275 5585 1327 5624 rum
1348 5568 1419 5639 jetzt
1449 5584 1504 5622 suo
1528 5566 1565 5622 im
1589 5566 1704 5639 Auszuy
1726 5566 1868 5624 erlaltene

305 5779 348 5834 46.
375 5779 521 5849 [Bresslaul
576 5782 602 5839 a)
620 5797 666 5829 ror
684 5797 850 5847 siluarumve
867 5784 925 5833 cine
943 5781 1104 5846 t'nrerlaaye
1123 5782 1226 5831 radicet
1298 5780 1326 5831 bl
1344 5780 1433 5830 hister
1451 5776 1535 5828 nostri
1555 5776 1626 5829 Loca
1645 5780 1682 5828 im
1699 5778 1867 5843 Pes-pomam,

378 5853 481 5904 welches
499 5852 579 5903 ason
599 5868 644 5901 vor
661 5852 709 5902 der
727 5853 831 5916 Sebrift
849 5851 1000 5903 verbanden
1020 5868 1085 5904 war.
