4766 6604
832 442 1069 501 HEINRICH
1090 443 1131 499 Π.
1172 442 1270 500 1014.
1816 438 1879 500 411

332 643 615 718 Hamburq.1,375
634 659 687 701 aes
709 640 760 702 Ga.
776 670 821 680 -
841 640 1029 716 Leppenberg
1042 640 1152 715 Hamb.
1173 641 1237 701 ΠΒ.
1255 644 1283 711 1,
1296 642 1335 700 64
1359 643 1392 699 n⁰
1404 641 1441 699 61
1460 658 1513 700 ees
1531 641 1558 698 A
1580 662 1622 687 =
1643 639 1743 715 Migrare
1764 639 1879 701 Petrei.

332 751 402 820 140,
414 751 473 810 309
492 751 525 808 n⁰
536 750 584 809 74.
603 777 646 788 -
665 748 782 807 Ebmclc
801 748 901 807 Brem.
922 747 986 806 ΠΒ,
1005 748 1033 817 l,
1050 748 1089 806 16
1105 750 1139 806 e⁰
1154 749 1193 806 16
1212 747 1301 807 Este.
1318 765 1372 807 ces
1385 747 1423 806 A.
1440 776 1484 785 -
1505 747 1631 806 Bb'lsmer
1646 746 1718 822 Req.
1732 747 1818 806 1130.
1836 776 1881 785 -

333 855 457 930 Stampf
470 855 541 932 Req.
559 856 646 915 1637.
972 847 974 850 ’

337 1033 528 1094 Uumittelbor
548 1032 622 1109 auch
643 1030 685 1092 D.
702 1033 743 1092 50
764 1033 892 1102 vnfuast
914 1031 973 1090 aad
994 1032 1169 1106 qescbiieben
1195 1050 1251 1091 voa
1273 1032 1374 1092 neos.
1421 1031 1481 1091 Die
1502 1032 1588 1091 sebon
1609 1032 1642 1091 in
1664 1031 1716 1091 der
1735 1031 1796 1091 VU.
1822 1032 1879 1090 ein

331 1139 514 1215 qescbrdnlcle
532 1139 729 1213 Beslimmeeq
751 1139 822 1197 aber
843 1138 890 1197 die
912 1138 987 1209 freis
1007 1137 1093 1197 Wadi
1114 1138 1164 1197 des
1182 1138 1371 1209 Ενιὶιίεθιοῖε
1392 1139 1432 1197 iat
1454 1138 1518 1197 bier
1538 1155 1612 1214 qaus
1635 1139 1832 1213 fortgelaaseu.

328 1357 389 1435 (C.)
411 1351 428 1440 ξ
450 1353 489 1417 In
512 1353 643 1416 nomine
667 1360 800 1415 sanctae
825 1361 857 1415 et
880 1349 1071 1414 individuae
1093 1350 1257 1414 trinitatis.
1303 1349 1480 1414 Heinricus
1511 1349 1624 1414 divina
1652 1350 1783 1415 favente
1814 1349 1878 1415 cle·

223 1460 346 1524 mentia
368 1459 588 1523 Romanorum
611 1459 789 1543 imperator
812 1454 1014 1545 augustus}
1121 1470 1151 1521 Si
1169 1472 1318 1537 petitiones
1344 1471 1517 1521 sacerdotum
1541 1472 1601 1536 pies
1627 1487 1714 1537 prone
1732 1472 1879 1522 devotione

223 1582 258 1631 ad
278 1581 404 1631 effectum
424 1580 590 1639 duxerimus,
616 1578 645 1628 id
670 1576 767 1644 procul
794 1577 878 1628 dubio
905 1577 939 1626 ed
965 1581 1066 1626 statum
1091 1578 1337 1643 praesentientes
1362 1584 1390 1627 et
1412 1584 1541 1628 aeternae
1561 1578 1738 1628 beatitudinis
1757 1580 1880 1642 praemia

224 1687 395 1753 capessenda
412 1686 492 1736 nobis
511 1686 685 1752 profuturum
704 1684 848 1734 credimus.
887 1684 1063 1749 Quapropter
1087 1685 1208 1735 omniurn
1232 1682 1354 1735 fidelium
1380 1689 1536 1734 nostrorum
1554 1686 1738 1749 praesentium
1759 1690 1787 1735 et
1805 1684 1878 1735 iutu-

179 1803 206 1843 ιο
224 1810 314 1845 rorum
333 1793 441 1844 noverit
459 1793 602 1852 industria,
622 1789 741 1856 qualiter
759 1792 821 1840 eir⁸
840 1788 1006 1840 venerabilis
1026 1775 1141 1841 Unaco
1158 1804 1175 1836 e
1192 1792 1453 1856 Hammaburgeneis
1473 1788 1626 1858 aecclesiae
1645 1776 1878 1865 archipraesul,

224 1910 319 1974 quem
335 1909 395 1950 nos
411 1884 518 1949 eidem
534 1883 762 1970 praefecimus,
781 1898 882 1948 nostrie
898 1897 1040 1948 obtutibus
1058 1899 1229 1961 praesentari
1250 1898 1316 1949 fecit
1332 1904 1480 1964 praecepta
1497 1899 1578 1948 beate
1597 1899 1742 1949 memoriae
1761 1900 1878 1951 senioris

224 2013 252 2057 et
270 2008 451 2057 antecessoris
470 2007 556 2057 nostri
575 2005 684 2055 Ottonis
703 2004 783 2054 tercii
802 2004 974 2069 imperatorie
994 2005 1113 2068 augusti,
1132 2005 1162 2054 in
1181 2005 1281 2069 quibus
1301 2005 1500 2065 continebatur,
1519 2004 1658 2070 quomodo
1677 2006 1736 2071 ipse
1754 2021 1804 2072 pro
1824 1990 1878 2055 dei

224 2130 314 2165 aurore
334 2113 506 2165 monasteriis
524 2113 552 2161 iu
572 2112 630 2161 eius
650 2111 792 2175 episcopio
819 2110 1031 2160 consistentibus
1057 2109 1192 2175 imperiali
1219 2112 1384 2161 auctoritato
1411 2109 1564 2161 libertatem
1590 2116 1618 2161 ct
1643 2112 1787 2162 tuitionem
1814 2128 1878 2163 con-

224 2221 360 2279 cessisset,
386 2219 549 2283 rogavitque
575 2216 766 2267 celsitudinem
792 2221 921 2274 nostram,
948 2221 979 2265 ut
1004 2232 1053 2266 noe
1079 2216 1170 2267 denuo
1197 2224 1290 2267 nostra
1316 2218 1511 2283 praeceptione
1537 2218 1633 2268 eadem
1658 2220 1824 2269 monasteria
1850 2226 1878 2269 et

180 2334 206 2375 rs
223 2329 314 2378 omnia
332 2325 399 2377 illuc
416 2311 613 2398 pertinentia
630 2323 860 2374 confirmaremus.
897 2323 954 2372 Nos
974 2318 1059 2373 verlib
1079 2323 1139 2373 eius
1159 2325 1247 2374 iustae
1271 2330 1298 2375 et
1316 2304 1475 2375 rationabili
1494 2326 1621 2391 petitioni
1641 2340 1780 2376 assensum
1799 2341 1877 2391 prae·

224 2435 318 2485 bentes
338 2431 477 2483 dilectae
497 2415 686 2481 contectalis
706 2435 835 2480 nostrae
852 2442 870 2474 e
891 2429 1102 2495 chunigundae
1121 2414 1277 2481 Videlicet
1299 2417 1516 2502 imperatricis
1537 2427 1695 2502 augustae
1713 2418 1877 2482 interven·

223 2528 309 2590 tione
329 2540 364 2589 ed
382 2541 513 2589 bonorem
531 2543 643 2587 sanctae
663 2537 707 2587 dei
725 2538 867 2602 genitricis
879 2536 992 2595 Mariae,
1012 2538 1059 2586 cui
1078 2535 1154 2587 locus
1174 2535 1221 2587 ille
1235 2537 1424 2603 Hammaburg
1443 2543 1485 2587 est
1501 2544 1688 2598 consecratus,
1708 2539 1796 2590 eidem
1813 2536 1876 2589 loco

222 2630 519 2717 flammaburgcnsi
539 2643 715 2694 concedimus
734 2612 907 2708 coeterieque
926 2644 1098 2694 monasteriis
1117 2643 1153 2694 ad
1171 2644 1242 2694 hanc
1262 2644 1394 2694 diocesim
1412 2645 1621 2710 pertinentibus,
1641 2645 1670 2695 id
1689 2650 1731 2695 est
1747 2646 1876 2705 Bremun,

224 2754 358 2813 Buckiun,
374 2749 549 2809 Remesiana,
568 2751 738 2810 Birchsinun,
758 2748 918 2815 Haeelinga,
937 2748 1089 2815 Ripesholt,
1108 2735 1266 2822 quicquid
1283 2751 1377 2801 senior
1393 2747 1425 2800 et
1437 2747 1624 2801 antecessor
1635 2736 1748 2801 meusl'
1760 2739 1876 2824 suique

178 2868 206 2908 se
223 2856 445 2909 antecessores
469 2865 563 2929 reges
587 2841 743 2906 videlicet
766 2854 798 2906 et
821 2843 1034 2927 imperatores
1061 2841 1185 2906 eisdem
1208 2843 1414 2907 monasteriis
1437 2841 1589 2907 donando
1613 2854 1670 2908 aut
1691 2843 1876 2909 roborando

224 2972 448 3023 concesserant,
468 2980 502 3016 ea
519 2961 650 3014 videlicet
669 2962 827 3013 conditione
848 2968 877 3012 ut
895 2977 1002 3028 semper
1020 2963 1071 3012 sub
1090 2964 1210 3013 tuitione
1229 2970 1324 3014 nostra
1340 2965 1396 3014 sint
1414 2962 1614 3030 perpetualiter
1633 2973 1707 3015 cum
1726 2949 1878 3015 omnibus

222 3059 426 3145 pertinentiis
450 3058 517 3121 suis
541 3056 676 3143 quesitis
699 3055 753 3120 vel
776 3054 987 3141 inquirendis,
1030 3068 1215 3120 concedimus
1240 3071 1353 3136 insuper
1378 3070 1501 3137 praelato
1527 3071 1735 3138 archiepiscopo
1762 3072 1878 3136 eiusque

223 3179 429 3230 successoribus
449 3177 589 3228 licentiam
607 3177 783 3227 construendi
809 3182 959 3226 mercatum
984 3178 1012 3226 in
1039 3176 1101 3227 loco
1122 3178 1241 3228 Bremun
1266 3183 1434 3245 nuncupato,
1460 3165 1495 3227 in
1518 3186 1583 3250 qno
1606 3187 1694 3229 nunc
1716 3164 1876 3250 archiepi-

223 3281 375 3359 scopatus
398 3271 555 3351 consistit,
579 3292 653 3334 cum
678 3284 788 3334 banno
814 3289 842 3333 et
865 3281 1014 3333 theloneo
1039 3280 1138 3355 atque
1166 3291 1297 3335 moneta
1324 3282 1430 3352 publici
1458 3285 1588 3352 ponderis
1617 3292 1644 3336 et
1671 3288 1734 3352 puri
1760 3289 1876 3353 argenti,

177 3399 206 3441 sb
224 3400 375 3458 totumque,
401 3392 475 3457 quod
496 3390 559 3441 inde
584 3375 628 3440 ad
652 3390 768 3440 fiscum
793 3387 938 3440 nostrum
955 3403 973 3435 e
994 3391 1130 3456 pertinere
1155 3375 1345 3460 dinoscitur,
1369 3391 1519 3463 praelibate
1546 3393 1687 3443 Bremensi
1712 3393 1877 3444 conferimus

223 3501 290 3551 sedi.
327 3500 401 3562 Quin
420 3500 502 3549 etiam
522 3498 714 3563 negociatores
733 3497 854 3547 eiusdem
873 3495 978 3548 incolas
1004 3496 1060 3547 loci
1085 3504 1196 3549 nostrae
1221 3500 1346 3550 tuitionis
1371 3501 1526 3565 patrocinio
1553 3500 1772 3560 condonamus,
1798 3518 1876 3567 prae·

223 3609 356 3673 cipientee
375 3607 428 3657 hoc
447 3588 624 3677 imperialis
644 3604 817 3653 auctoritatis
835 3609 993 3669 praecepto,
1019 3620 1075 3668 quo
1095 3606 1124 3654 in
1144 3606 1270 3656 omnibus
1288 3604 1338 3657 tali
1355 3619 1373 3651 e
1393 3605 1482 3657 tutela
1501 3613 1529 3657 et
1547 3608 1607 3657 iure
1627 3609 1774 3673 potiantur,
1801 3607 1876 3672 quali

224 3700 381 3764 maiorum
399 3697 553 3762 videlicet
571 3697 739 3761 civitatum
757 3711 897 3760 institores
915 3726 965 3777 per
983 3716 1106 3761 nostrum
1120 3727 1235 3777 regnum
1248 3714 1332 3779 potiri
1344 3719 1503 3772 noscuntur,
1523 3730 1658 3779 nemoque
1671 3714 1740 3764 inibi
1756 3713 1876 3779 aliquam

224 3821 277 3870 sibi
295 3820 423 3871 vendicet
440 3823 613 3885 potestatem,
638 3818 692 3867 uisi
717 3817 839 3886 praefate
863 3816 937 3867 sedis
962 3818 1187 3885 archiepiscopus
1213 3826 1241 3869 et
1266 3820 1427 3879 advocatus,
1453 3835 1535 3884 quem
1560 3821 1618 3886 ipse
1644 3806 1789 3891 elegerit.
1835 3824 1878 3872 nd

177 3937 207 3979 to
224 3928 291 3978 haec
310 3910 471 3998 imperiali
494 3910 600 3975 edicto
623 3907 784 3992 iubemus,
808 3931 839 3974 ut
862 3923 954 3974 nullus
980 3926 1036 3976 dux
1055 3942 1145 3991 neque
1164 3927 1285 3978 marchio
1304 3925 1348 3977 vel
1369 3943 1461 3978 comes
1480 3933 1529 3977 aut
1547 3926 1603 3978 alia
1622 3926 1761 3992 quaelibet
1779 3929 1876 3978 iudici-

224 4036 283 4085 aria
298 4038 421 4099 potestas
437 4034 465 4083 in
481 4048 566 4098 supra
582 4031 718 4082 dictorum
734 4033 961 4083 monasteriorum
978 4033 1134 4082 bominibus
1150 4033 1340 4099 Hammaburg
1356 4046 1383 4094 e,
1404 4035 1530 4093 Brcmun,
1547 4034 1684 4093 Buckiun,
1701 4034 1878 4094 Rameelaun,

224 4142 396 4200 Birchsinun,
415 4137 576 4204 Haeslinga,
595 4137 739 4204 Ripeebolt
762 4124 816 4188 vel
838 4125 873 4188 in
896 4126 1035 4189 coeteris
1058 4126 1261 4211 pertinentiis
1285 4125 1463 4190 eorundem
1487 4139 1608 4205 aliquam
1633 4144 1797 4206 potestatem
1823 4143 1875 4191 sibi

224 4255 337 4315 usurpet
355 4256 414 4298 seu
433 4234 467 4297 in
488 4246 544 4297 litis
560 4260 577 4291 a
599 4244 705 4297 colonis
724 4251 808 4309 atque
828 4244 1033 4310 ismundlingis,
1058 4244 1102 4297 vel
1123 4261 1170 4297 eos
1190 4244 1291 4311 aliquis
1311 4248 1409 4313 capitis
1428 4247 1518 4297 benno
1538 4247 1573 4298 ob
1593 4247 1691 4313 cepitis
1710 4247 1813 4297 furtum
1831 4247 1875 4298 vel

224 4354 279 4407 alio
299 4353 534 4421 quolibetbanno
554 4354 724 4419 constringat
744 4351 931 4417 autaliquem
950 4353 1089 4403 iusticiam
1108 4359 1191 4418 cogat
1212 4354 1312 4413 iacere,
1339 4354 1392 4404 nisi
1417 4354 1547 4405 advocati
1572 4354 1774 4420 archiepiscopi
1798 4371 1876 4421 prae·

177 4467 207 4510 as
224 4464 365 4522 nominati,
385 4478 454 4528 quos
471 4474 488 4506 e
508 4462 566 4527 ipse
586 4459 654 4511 velit
673 4466 701 4510 et
717 4459 867 4509 constituat
882 4458 1047 4521 advocatos;
1066 4460 1120 4524 ipsi
1133 4475 1199 4510 vero
1212 4459 1340 4510 advocati
1353 4461 1477 4511 homines
1492 4446 1658 4534 praefatos
1675 4462 1766 4513 benno
1783 4468 1876 4513 nostro

224 4572 414 4636 constringant
432 4570 468 4620 ad
487 4584 595 4619 omnem
607 4567 746 4617 iusticiam
765 4565 963 4616 faciendumst
983 4567 1019 4616 Et
1038 4572 1070 4616 ut
1088 4565 1176 4617 haec
1196 4572 1310 4618 nostra
1328 4552 1459 4618 donatio
1479 4584 1496 4618 a
1512 4568 1556 4618 dei
1573 4570 1733 4634 nostrique
1750 4567 1877 4620 fidelibus

224 4678 334 4728 verior
360 4685 432 4727 esse
458 4675 586 4726 credatur
610 4690 644 4724 ac
669 4688 719 4739 per
743 4687 907 4723 successura
931 4679 1056 4741 tempora
1081 4673 1263 4724 inconvulsa
1289 4672 1449 4740 diligentius
1474 4676 1644 4737 observetur,
1670 4675 1741 4727 hanc
1773 4682 1877 4727 canam

225 4785 360 4835 conscribi
380 4797 516 4848 manuque
535 4788 629 4832 nostra
647 4781 805 4832 roboratam
823 4778 909 4846 sigilli
929 4782 1015 4831 nostri
1033 4781 1210 4847 impressione
1229 4782 1356 4847 insigniri
1374 4783 1513 4832 iussimus.

331 4936 349 5027 ξ
372 4937 510 5024 Signum
534 4935 645 5000 domni
667 4935 818 5000 Heinrici
840 4934 977 5000 secundi
1001 4942 1065 5016 (M.)
1089 4934 1314 5022 gloriosissimi
1336 4936 1540 5022 imperatoris
1564 4935 1737 5025 augusti}

178 5149 209 5188 ω
331 5114 349 5204 ᾗ
373 5114 573 5180 Gvntherius
596 5112 810 5178 cancellarius
832 5114 907 5179 vice
929 5112 1132 5179 Ercanbaldi
1155 5112 1432 5200 archicappellani
1455 5112 1677 5203 recognovi}
1719 5122 1775 5195 (sl.
1790 5122 1832 5192 3.)

331 5294 421 5359 Data
442 5307 504 5357 xn.
523 5291 590 5357 kal.
610 5290 774 5356 decemb.e
798 5290 976 5355 indictione
995 5304 1057 5371 ΧΠ,
1081 5312 1166 5354 anno
1190 5290 1374 5355 dominicae
1397 5291 1769 5374 incarnationem,
1793 5314 1877 5355 anno

226 5411 334 5466 autem
357 5400 470 5465 domni
491 5399 640 5464 Heinrici
664 5396 799 5463 secundi
822 5398 989 5483 regnantis
1012 5411 1088 5479 xm,
1112 5397 1240 5484 imperii
1263 5411 1388 5481 ver013
1413 5396 1555 5461 Altstedi
1578 5408 1701 5483 actum3
1728 5398 1877 5464 feliciter.

297 5719 361 5776 825.
387 5719 531 5791 [Breeeleu]
568 5720 595 5786 e)
615 5716 659 5771 vir
674 5718 803 5770 mixtae
822 5714 940 5785 qualiter
957 5716 1015 5767 sed
1032 5714 1197 5768 venerabilis
1213 5714 1399 5782 matrueles
1414 5714 1597 5783 amendabat
1656 5716 1686 5786 b)
1705 5720 1731 5771 A
1785 5722 1811 5787 c)
1829 5719 1881 5773 due

386 5799 453 5845 crete
471 5809 486 5845 e
503 5791 633 5844 nomm
651 5787 670 5841 d
687 5791 745 5841 end
763 5805 778 5842 c
796 5787 981 5854 „astrapen
999 5786 1141 5853 degerent

1612 5900 1665 5951 bt*
