4766 6604
805 460 1042 517 HEINRICH
1066 463 1103 518 Π.
1138 462 1235 519 1015.
1795 458 1858 519 427

205 664 370 717 venerabilis
393 661 425 714 ct
447 661 558 714 noster
580 648 718 713 dilectus
744 664 890 730 episeopus
909 670 1001 715 nostre
1022 665 1132 730 pietatis
1151 665 1343 716 celsitudinem
1365 650 1447 716 adiit
1470 651 1659 737 suppliciter
1681 650 1859 738 postulans,

205 780 234 822 ut
252 787 302 839 pro
321 772 498 838 sempiternie
520 763 713 821 retributoris‘¹
731 785 824 821 amore
843 778 871 820 et
889 768 978 820 salute
998 771 1086 822 anime
1105 779 1198 822 nostre
1221 758 1356 843 eiusque
1379 756 1495 822 colluto
1516 770 1549 822 ct
1572 756 1770 822 conferendo
1794 780 1858 822 scr·

204 866 282 930 vitio
314 876 490 951 nostroque
524 864 660 949 imperio
693 861 899 927 sublimando
932 861 1039 927 eidem
1071 876 1183 928 sancte
1216 865 1343 928 matrici
1377 863 1515 928 ecclesie
1546 863 1589 928 ad
1619 864 1774 929 honorem
1805 864 1859 929 dei

204 972 390 1058 genitricis⁰
414 984 446 1035 et
469 970 607 1055 uirginis
631 969 735 1033 Marie
754 967 861 1034 dicate
882 969 1045 1056 quandam
1066 981 1191 1035 curtem
1213 994 1286 1035 cum
1307 968 1457 1034 munibus
1477 971 1543 1035 suis
1564 971 1775 1056 pertinenciis
1794 993 1858 1057 que

172 1078 323 1144 sdicitur
345 1077 433 1142 Uilla
455 1076 687 1158 Romanorum,
719 1098 782 1163 quc
812 1076 874 1140 tuit
903 1075 1068 1141 hereditas
1099 1088 1132 1140 et
1161 1077 1346 1164 proprietas
1376 1076 1515 1142 liliorum
1546 1077 1673 1142 comitis
1704 1077 1858 1163 Sigilredi

203 1184 413 1269 Berengariis
438 1197 470 1248 et
485 1184 622 1270 igonis,
647 1197 799 1248 concedere
825 1195 858 1248 et
881 1182 1003 1247 donare
1027 1198 1209 1263 dignarentur.
1257 1183 1414 1265 Quorum,
1446 1185 1599 1270 quoniam
1623 1185 1657 1247 in
1680 1207 1739 1248 nos
1762 1185 1858 1248 nimis

202 1289 403 1356 offendentes
428 1301 542 1355 contra
565 1300 709 1354 nostrum
733 1290 905 1376 imperium
928 1289 1012 1354 male
1036 1300 1259 1355 tractaverunt
1280 1302 1312 1354 et
1333 1291 1455 1377 periuri
1476 1302 1574 1376 atque
1595 1291 1642 1354 rei
1662 1291 1696 1354 in
1714 1302 1857 1355 nostram

203 1399 404 1462 maiestatem
435 1396 565 1484 publice
596 1398 790 1473 extiterunt,
823 1398 894 1461 iure
926 1418 966 1461 ac
999 1395 1148 1482 legaliter
1178 1420 1243 1462 non
1276 1396 1378 1461 solum
1411 1396 1472 1461 hec
1504 1395 1562 1461 scd
1593 1407 1625 1461 et
1655 1397 1763 1461 omnia
1794 1419 1857 1483 que

202 1503 405 1569 habuerunt&
428 1505 470 1569 ad
493 1515 640 1569 nostrum
662 1501 830 1590 publicum
853 1502 1065 1585 devenerunt,
1096 1504 1183 1568 unde
1207 1526 1267 1568 sua
1289 1504 1398 1567 omnia
1421 1504 1536 1567 merito
1560 1503 1710 1590 perdunt,
1742 1505 1856 1590 quise

158 1640 184 1677 10
203 1613 290 1698 ipsos
320 1613 420 1698 gratis
450 1610 679 1699 perdiderunt,
715 1610 792 1675 dum
821 1609 899 1674 fidei
929 1609 1039 1675 debite
1070 1608 1301 1675 obliviscentes
1332 1611 1367 1675 in
1395 1623 1507 1674 nostra
1536 1609 1693 1675 fidelitate
1725 1610 1856 1674 tmnime

203 1719 402 1784 duraverunt
425 1730 457 1782 et
480 1730 589 1783 nostro
613 1718 745 1783 inimico
768 1719 911 1782 iurantes
937 1715 1144 1781 adheserunt.
1191 1717 1286 1782 Hanc
1310 1717 1410 1803 igitur
1432 1729 1645 1797 postulationem
1669 1716 1802 1802 dignam
1826 1728 1858 1782 ct

204 1848 288 1891 ratam
313 1841 528 1907 perspicientes
552 1837 585 1890 ct
603 1824 714 1889 nulloh
732 1823 829 1889 modo
852 1845 973 1909 negare
996 1822 1144 1889 valentes
1162 1825 1264 1911 ipsius
1290 1839 1417 1903 precibus
1438 1837 1554 1890 libenter
1573 1840 1768 1904 acquievimus,
1793 1856 1856 1889 con·

202 1948 331 1997 cedentes
350 1953 432 2012 utque
452 1945 644 1997 continuantes
668 1930 774 1996 eidem
798 1929 946 1995 Cumano
969 1929 1149 1995 venerabili
1174 1941 1206 1995 et
1230 1930 1348 1995 dilecto
1372 1932 1526 2018 episcopo
1551 1930 1766 2017 omnibusque
1790 1933 1856 1995 suis

202 2037 445 2103 successoribus
476 2062 575 2125 supra
605 2038 726 2103 dictam
756 2048 879 2102 cortem
901 2035 1022 2102 Uillam
1044 2037 1267 2102 Barzanorum
1298 2039 1495 2102 nominatam
1520 2060 1595 2102 cunr
1618 2036 1767 2102 omnibus
1790 2040 1857 2103 suis

158 2174 182 2212 ts
201 2145 415 2233 appendiciis,
436 2176 498 2210 euru
521 2161 666 2210 omuibus
696 2159 875 2210 redditibus
899 2166 926 2208 et
952 2158 1192 2209 exhibitionibus
1215 2142 1471 2231 impensionibus
1484 2157 1516 2208 et
1532 2142 1762 2225 functionibus,
1782 2167 1856 2211 cum

202 2254 305 2316 servis
336 2264 368 2317 et
398 2252 525 2317 ancillis
555 2251 650 2317 aldiis
680 2263 713 2316 et
743 2250 892 2316 aldiabus
921 2262 988 2315 tam
1018 2250 1052 2314 in
1082 2248 1246 2315 montibus
1269 2272 1433 2337 quamque
1456 2251 1490 2314 in
1514 2250 1619 2337 planis
1642 2251 1738 2315 tertis
1762 2250 1856 2316 cultis

202 2372 234 2424 et
256 2358 386 2424 incultis
409 2360 515 2423 vineis
539 2360 662 2446 campis
686 2359 818 2445 pascuis
841 2357 932 2421 silvis
949 2357 1071 2421 mansis
1091 2357 1287 2422 massariciis
1306 2358 1401 2443 aquis
1420 2379 1645 2444 aquarumque
1664 2356 1856 2422 decursibus

202 2465 394 2531 molendinis
419 2468 503 2530 casis
527 2464 625 2530 rebus
647 2463 798 2530 omnibus
821 2462 996 2529 mobilibus
1026 2475 1059 2528 ct
1088 2461 1298 2528 inmobilibus
1328 2473 1361 2527 et
1391 2486 1466 2528 cum
1488 2462 1639 2528 omnibus
1663 2487 1726 2551 que
1750 2464 1856 2529 adhuc

202 2574 267 2638 dici
290 2572 343 2637 vel
366 2573 527 2638 nominari
549 2584 685 2658 possunt
706 2570 749 2636 ad
772 2571 910 2635 eandem
941 2582 1064 2635 curtem
1094 2568 1343 2657 pertinentibus,
1374 2580 1472 2657 atque
1503 2572 1634 2635 omnino
1666 2586 1695 2635 iu
1722 2587 1857 2651 integrum

157 2707 185 2746 so
202 2680 359 2767 largimur
388 2692 421 2744 et
450 2702 471 2744 a
499 2692 609 2744 nostro
640 2680 709 2743 iure
741 2689 773 2743 et
802 2676 945 2742 dominio
975 2678 1010 2741 in
1040 2678 1090 2741 ius
1121 2676 1169 2741 et¹
1203 2676 1383 2742 dominium
1413 2687 1446 2741 et
1474 2678 1708 2764 proprietatem
1731 2678 1856 2764 prefate

203 2798 313 2852 sancte
337 2785 476 2851 ecclesie
500 2784 776 2851 transfundimusk
801 2795 833 2849 et
855 2783 1054 2871 delegamus,
1079 2805 1109 2848 ut
1136 2784 1192 2871 qui
1222 2806 1309 2848 nune
1339 2794 1449 2871 preest
1479 2784 1653 2871 episcopus
1680 2807 1856 2871 omnesque

203 2910 246 2958 sui
265 2924 439 2959 successores
459 2913 624 2974 potestatem
643 2907 763 2957 habeant
780 2891 845 2955 iam
865 2890 987 2955 dictam
1005 2900 1131 2955 curtem
1149 2913 1224 2955 cum
1248 2888 1408 2971 oninibUS,
1434 2912 1497 2977 que
1521 2889 1564 2954 ati
1587 2913 1659 2955 eam
1683 2892 1857 2979 pertinent,

202 3026 295 3067 tenere
315 3016 455 3082 possidere
475 3010 684 3080 commutare,
704 3014 776 3064 sieut
795 3014 927 3063 hactenus
946 2995 1114 3084 prelibatis
1133 2998 1272 3084 periuris
1295 3012 1355 3061 viss
1378 3018 1442 3061 sunt
1464 3012 1601 3077 pertincte
1625 3008 1658 3063 ct
1680 2999 1742 3085 ipsi
1765 2997 1857 3062 herc·

203 3107 359 3173 ditantes¹
386 3106 611 3195 possederunt.
657 3106 701 3170 Et
727 3120 877 3170 fuciuntm
906 3103 993 3168 idem
1023 3104 1168 3190 episcopi
1199 3102 1240 3168 de
1270 3103 1385 3168 eadem
1416 3115 1507 3168 curte
1538 3115 1571 3169 et
1602 3120 1738 3178 omuibus,
1766 3136 1820 3184 que
1838 3133 1855 3165 s

157 3241 184 3281 sb
202 3230 265 3280 inde
291 3228 362 3280 solvi
387 3236 516 3296 possunt,
542 3227 673 3293 quicquid
694 3210 757 3276 sibi
777 3212 945 3298 placuerit,
967 3226 1002 3276 ad
1022 3224 1130 3275 laudem
1150 3225 1327 3276 othonorum
1347 3226 1391 3276 dei
1411 3211 1691 3277 essanctclllaric
1711 3243 1744 3275 ex
1764 3234 1858 3278 nostra

202 3337 359 3404 plenissima
389 3338 562 3387 auctoritate.
601 3335 731 3385 lubentes
763 3339 848 3399 ergon
878 3334 1043 3391 sanctinus,
1071 3338 1102 3383 ut
1131 3333 1232 3383 nostris
1261 3316 1314 3381 vcl
1345 3332 1445 3382 tuturis
1476 3333 1645 3399 temporibus
1677 3331 1769 3383 nullus
1802 3333 1857 3384 dux

202 3430 347 3494 marchio
367 3460 458 3495 eomes
477 3431 661 3493 vicecomes
680 3426 833 3513 nulleque
852 3456 951 3505 magna
966 3424 1019 3489 vel
1039 3456 1125 3507 parva
1144 3455 1261 3506 persona
1280 3440 1469 3505 cuiuscunque
1489 3439 1611 3490 ordinis⁰
1629 3445 1678 3489 aut
1694 3439 1856 3505 diguitatis⁰

203 3560 302 3623 supra
323 3546 537 3600 memoratum
559 3532 749 3599 Albericum
773 3534 963 3620 episcopum
987 3555 1127 3619 suosque
1152 3554 1359 3597 successores
1382 3531 1424 3597 de
1447 3530 1575 3619 prefata
1599 3544 1689 3596 curte
1714 3545 1746 3596 et
1770 3535 1857 3597 omni

203 3667 262 3709 sua
284 3644 487 3731 pertinencia
511 3641 682 3706 disvestire
706 3641 887 3727 inquietare
912 3638 1083 3704 molestare
1107 3638 1160 3703 vel
1178 3640 1213 3702 in
1232 3638 1340 3725 aliquo
1360 3640 1521 3703 minorare
1541 3660 1687 3721 presumat,
1707 3654 1756 3704 sed
1775 3652 1857 3705 liceat

159 3775 185 3815 σο
203 3750 265 3816 iliis
289 3767 383 3830 quiete
403 3773 430 3815 et
448 3764 563 3829 pacifice
584 3760 696 3813 tenere
719 3747 920 3833 firmiterque
943 3745 1076 3828 habere,
1100 3768 1205 3811 remota
1230 3761 1304 3810 omui
1328 3745 1596 3810 contradictione.
1634 3761 1663 3809 Si
1682 3776 1757 3819 uero,
1783 3761 1857 3825 quod

203 3874 313 3923 minime
330 3872 474 3930 eredimus,
494 3877 591 3920 contra
607 3868 689 3919 buius
705 3869 792 3919 nostri
809 3867 932 3933 precepti
949 3872 1053 3917 statuta
1070 3851 1187 3939 aliquis
1203 3867 1384 3917 temerarium
1401 3850 1540 3916 violator
1559 3874 1712 3938 umquam
1729 3868 1857 3926 extiterit,

203 3982 272 4030 sciet
297 3996 327 4030 se
354 3964 533 4029 certissime
559 3977 773 4043 compositurum
799 3975 860 4024 ouri
882 3987 899 4019 s
928 3972 1011 4024 libres
1038 3971 1121 4032 mitte,
1147 3981 1245 4023 unam
1269 3969 1395 4044 partem
1419 3979 1547 4022 camere
1571 3969 1691 4039 nostre,
1722 3957 1857 4023 alteram

202 4074 426 4160 prenominato
456 4072 610 4157 episcopo
640 4070 770 4133 suisveq
794 4064 1047 4133 successoribus.
1099 4064 1144 4129 Et
1172 4086 1202 4129 ut
1232 4063 1293 4128 hoc
1324 4079 1417 4129 verius
1446 4079 1574 4129 credetur
1598 4063 1786 4151 firmiusque
1817 4088 1856 4130 ac

203 4179 428 4244 inconvulsum
458 4193 493 4242 ab
521 4191 647 4241 omnibus
675 4190 850 4247 observetur,
879 4202 960 4237 menn
990 4187 1099 4253 propriu
1130 4171 1358 4236 confirmantes
1391 4172 1491 4234 nostri
1526 4171 1665 4235 nominis
1699 4172 1856 4258 inscripto

311 4464 446 4551 Signum
481 4462 591 4527 domni
625 4459 774 4524 Heinrici
812 4458 1057 4543 gloriosissimi¹¹
1100 4467 1197 4544 atque
1236 4457 1442 4521 invictissimi
1481 4457 1685 4543 imperatoris
1726 4479 1856 4544 semper

203 4573 342 4657 augusti.
378 4579 442 4649 (M.)

310 4750 486 4814 Heinricus
501 4746 688 4813 Parmensis
712 4745 885 4832 episcopus
910 4754 943 4808 et
966 4741 1198 4808 cancellarius‘
1224 4742 1297 4808 rice
1314 4741 1476 4807 Euerardi
1500 4743 1647 4829 episcopi
1672 4741 1725 4831 [et]
1751 4742 1856 4807 archi·

205 4856 410 4923 cancellarii¹¹
434 4854 633 4940 recognovit.

159 5069 186 5108 40
310 5036 399 5100 Data
423 5048 488 5098 1111.
513 5055 615 5098 nonas
639 5028 780 5096 octubr.v
804 5051 889 5094 anno
910 5028 1072 5094 dominice
1088 5029 1321 5093 incarnationis
1341 5042 1429 5111 Mxv,
1452 5027 1630 5092 indictione
1648 5041 1738 5110 xlm,
1762 5028 1855 5113 regni

205 5166 282 5209 vero
306 5143 418 5208 domni
434 5140 583 5206 Heinrici
602 5138 806 5227 imperatoris
827 5136 957 5222 augusti
975 5150 1065 5217 xnn,
1090 5136 1217 5223 imperii
1237 5146 1345 5200 autem
1365 5136 1435 5200 eius
1454 5149 1495 5216 113
1520 5144 1628 5199 actum
1648 5131 1854 5218 bleresburg3

203 5251 342 5316 feliciter
364 5272 469 5314 amen.

274 5482 339 5540 uuo.
364 5494 390 5550 c)
411 5479 614 5550 sempiteriniC
685 5477 714 5545 d)
735 5476 932 5532 retributores
1006 5480 1033 5539 c)
1054 5473 1183 5544 genitrici
1196 5475 1221 5527 B
1290 5474 1316 5541 l)
1337 5471 1538 5543 BencngcriiC
1612 5484 1642 5542 g)
1664 5474 1715 5525 dos
1732 5476 1819 5526 mette
1838 5490 1855 5524 u

363 5569 432 5607 ectr.
450 5570 502 5605 oss
521 5551 530 5603 i
548 5552 587 5613 B,·
604 5549 786 5605 habuerintC
867 5548 897 5614 b)
918 5546 1012 5599 ulloC
1096 5544 1116 5613 i)
1137 5546 1204 5609 fehlt
1223 5548 1251 5597 in
1271 5546 1311 5607 B,·
1328 5546 1379 5612 ecl.
1390 5546 1426 5599 D.
1445 5549 1498 5597 337
1578 5543 1608 5613 lt)
1628 5543 1860 5598 mmudimusc

364 5624 384 5693 l)
405 5622 613 5677 hereditatesC
663 5626 702 5689 m)
723 5620 866 5674 iacientC
917 5622 946 5685 n)
966 5619 1037 5683 l'U.,·
1059 5633 1109 5686 erg
1128 5618 1162 5677 0,·
1185 5616 1276 5686 itaque
1296 5618 1321 5669 B
1374 5620 1403 5684 o)
1423 5614 1497 5685 dign.
1516 5620 1564 5669 aut
1582 5614 1678 5671 orde*
1736 5616 1765 5684 p)
1788 5615 1857 5681 fehlt

364 5695 435 5747 t'ttC
496 5698 526 5762 q)
547 5692 692 5767 suisqueC
749 5695 773 5759 r)
794 5689 890 5761 signiri
907 5688 1034 5743 iussimus
1051 5688 1118 5754 fehlt
1136 5691 1166 5741 t'tt
1182 5689 1236 5756 Bc,
1255 5706 1294 5741 teo
1310 5688 1399 5751 dufer
1414 5688 1503 5741 Lttclrt
1518 5688 1638 5754 celasset·
1656 5690 1691 5739 ist
1753 5690 1776 5753 s)
1797 5685 1857 5756 glo·

364 5764 517 5820 riomiseirni
536 5766 585 5818 Bc
662 5767 684 5831 t)
706 5762 883 5818 cancellarius
902 5762 951 5815 BC
1030 5764 1058 5819 u)
1083 5758 1204 5829 episcopi
1229 5758 1459 5813 archicauzellarii
1479 5759 1526 5811 BC
1605 5762 1634 5825 v)
1660 5760 1771 5814 B=1t
1791 5763 1858 5823 337,·

364 5838 469 5893 octobr.
486 5838 514 5893 C.

1590 5943 1641 5993 tt*
