4800 6516
524 429 567 491 38
1119 430 1586 489 KAISERURKUNDEN.

522 622 631 708 cipum
656 616 922 699 dissensionibus,
952 616 1039 705 nulle
1062 639 1123 681 nec
1148 617 1235 704 mine
1266 640 1327 681 nec
1351 616 1510 705 blanditie
1535 617 1575 683 de
1600 630 1686 683 statu
1709 620 1759 683 sui
1790 620 1910 705 rigoris
1940 620 2082 684 avellere
2106 642 2184 706 pos

521 740 597 792 sunt
625 737 682 791 aut
711 725 875 813 pellicere,
900 706 1079 810 'quominus
1104 735 1291 810 contempta
1320 747 1429 788 rerum
1459 746 1594 789 suarum
1624 725 1770 790 funditus
1801 726 1927 791 iactura
1954 724 2067 791 subter
2089 727 2183 812 ipsas

520 832 658 921 perfidie
688 832 800 897 fauces
828 831 906 895 fidei
930 842 1055 895 certent
1086 853 1151 895 non
1181 830 1320 916 perdere
1350 832 1432 895 iura.
1478 831 1623 896 Proinde
1646 832 1776 896 noverit
1797 843 1867 896 tota
1889 843 2002 897 sancta
2026 832 2079 897 dei
2103 854 2180 897 aec-

521 939 622 1005 clesia
645 950 678 1003 et
700 940 735 1002 in
759 938 847 1002 omni
869 936 990 1024 populo
1013 948 1144 1000 nostrae
1163 936 1329 1001 fidelitatis
1354 939 1524 1023 integritas
1543 941 1765 1025 praesentium
1785 938 1911 1004 scilicet
1933 950 1967 1003 et
1984 938 2178 1019 futurorum,

521 1046 660 1133 qualiter
683 1046 779 1110 divae
809 1045 985 1109 memoriae
1016 1045 1125 1108 senior
1155 1054 1267 1108 noster
1290 1055 1323 1108 et
1353 1056 1542 1109 antecessor
1570 1046 1692 1109 tercius
1717 1045 1794 1111 Otto
1817 1045 1973 1110 videlicet
1999 1046 2217 1131 imperatore

520 1164 676 1238 augustus
699 1150 922 1216 venerabilem
946 1152 1052 1214 virum
1076 1149 1340 1231 Uuerinharium,
1371 1151 1448 1236 iuge
1472 1152 1542 1215 eins
1570 1153 1739 1216 servitium
1762 1137 1795 1216 et
1818 1152 1895 1216 fidei
1918 1150 2004 1242 bone
2028 1161 2177 1216 constan·

520 1261 600 1324 tiam
623 1258 805 1339 attendens,
837 1257 950 1321 divina
973 1257 1183 1343 dispensante
1214 1259 1320 1342 gratia
1352 1268 1485 1321 sanctae
1509 1257 1780 1343 Argentoratensi
1807 1258 1988 1323 aecclesiae
2012 1257 2176 1322 ordinavit

518 1376 552 1430 et
580 1364 740 1452 praefecit
769 1365 970 1450 episcopum.
1016 1363 1096 1426 Post
1124 1364 1208 1427 tanti
1237 1364 1347 1449 itaque
1381 1364 1585 1449 imperatoris
1617 1362 1659 1428 ab
1691 1364 1753 1428 hac
1780 1366 1849 1429 vita
1877 1364 2057 1430 discessum
2080 1374 2174 1428 vetus

518 1472 604 1536 inter
624 1470 707 1559 [nlos
731 1493 752 1534 a
774 1472 884 1556 pueris
908 1480 1090 1556 propagata
1108 1469 1312 1533 familiaritas
1332 1481 1365 1534 et
1384 1491 1425 1533 ea
1444 1492 1508 1558 que
1532 1493 1607 1534 cum
1629 1471 1687 1535 tali
1711 1493 1825 1557 cesare
1848 1470 1942 1536 nobis
1965 1483 2036 1535 erat
2057 1493 2173 1557 paren·

517 1577 582 1667 telo
606 1588 638 1642 et
662 1577 954 1662 consanguinitatis
986 1576 1127 1640 affinitas
1158 1576 1305 1661 praefato
1335 1578 1499 1662 persuasit
1530 1578 1667 1641 antistiti
1697 1600 1772 1642 cum
1799 1579 1927 1666 ceteris,
1958 1600 2095 1663 quorum
2124 1578 2172 1642 in-
2194 1602 2223 1641 ro

517 1684 627 1748 finitus
651 1696 701 1748 est
724 1705 889 1763 numerus,
919 1694 1050 1747 nostrae
1073 1706 1189 1747 manus
1213 1682 1292 1747 dare
1315 1682 1474 1764 fidelitati,
1499 1694 1535 1747 ut
1558 1683 1620 1748 deo
1647 1683 1798 1770 praeside
1822 1706 1958 1749 concors
1980 1682 2172 1770 populorum

518 1800 550 1855 et
573 1791 757 1876 principum
781 1788 875 1854 nobis
899 1788 1135 1854 concederetur
1155 1789 1271 1854 electio
1295 1802 1328 1854 et
1351 1789 1550 1877 hereditaria
1572 1791 1608 1853 in
1630 1812 1768 1875 regnum
1792 1791 1862 1854 sine
1885 1789 1995 1876 aliqua
2010 1789 2171 1854 divisione

517 1898 691 1961 successio.
737 1896 831 1960 Fecit
861 1898 972 1982 itaque
1003 1898 1189 1961 misericors
1219 1896 1301 1961 deus
1331 1919 1390 1983 pro
1419 1908 1494 1961 voto
1524 1908 1635 1961 nostro
1666 1896 1755 1984 qnod
1786 1919 1880 1960 snum
1911 1908 1990 1977 erat,
2023 1895 2171 1961 diabolus

516 2013 625 2067 autem
655 2013 800 2068 nostram
832 2003 945 2066 sitiens
976 2001 1193 2067 interturbare
1222 2002 1358 2092 letitiam
1382 2005 1592 2067 seminarium
1616 2002 1782 2090 quoddam
1805 2005 1924 2067 erroris
1947 2003 2082 2084 invenit,
2113 2002 2173 2067 sed

515 2111 638 2195 gratias
668 2108 729 2174 deo
762 2110 797 2171 in
827 2111 898 2194 ipso
930 2120 1050 2173 conatu
1081 2120 1262 2195 prostratus
1295 2121 1327 2173 et
1359 2120 1394 2173 ut
1429 2132 1559 2195 semper
1591 2109 1748 2174 inefficax
1781 2120 1814 2174 et
1846 2109 2000 2174 confusus
2032 2106 2170 2173 erubuit
2191 2133 2221 2175 u

515 2214 600 2279 Nam
624 2215 828 2301 quorundam
857 2226 935 2279 tunc
967 2216 1122 2301 temporis
1145 2215 1308 2280 dissidens
1338 2239 1359 2280 a
1388 2228 1499 2280 nostra
1527 2214 1731 2281 subiectione
1756 2215 1938 2302 collegium,
1969 2215 2172 2302 praedictam

516 2321 695 2386 venerandi
725 2321 885 2408 praesulis
916 2320 1028 2386 sedem
1056 2321 1216 2385 hostiliter
1245 2324 1415 2387 incurrens
1440 2334 1472 2386 et
1502 2324 1536 2386 in
1564 2324 1666 2387 nostri
1699 2323 1838 2386 nominis
1868 2323 2021 2387 iniuriam
2044 2344 2084 2386 ea
2106 2346 2171 2408 que

516 2430 550 2493 in
573 2440 641 2493 tota
668 2428 750 2493 urbe
775 2439 807 2492 et
831 2428 979 2517 ecclesiis
1009 2429 1097 2492 intus
1121 2440 1214 2492 erant
1237 2429 1342 2515 spolia
1364 2430 1526 2511 auferens,
1558 2430 1660 2493 nostri
1683 2427 1858 2494 videbatur
1880 2442 2054 2514 provectus
2078 2428 2170 2493 deso-

514 2535 575 2599 lari
604 2537 774 2620 primitias.
824 2534 891 2601 Sed
913 2537 969 2622 pia
999 2557 1114 2599 manus
1143 2535 1207 2617 dei,
1238 2558 1302 2623 que
1331 2558 1509 2622 numquam
1541 2538 1575 2599 in
1603 2559 1638 2599 se
1663 2536 1864 2600 confidentes
1888 2535 2019 2617 deserit,
2051 2536 2114 2599 cito
2137 2548 2171 2599 et

515 2654 694 2728 cumpace
719 2641 806 2706 bona
829 2641 943 2706 talium
972 2641 1183 2706 rebellionem
1211 2641 1340 2707 sedavit
1363 2654 1395 2706 et
1418 2654 1549 2706 nostrae
1574 2642 1787 2706 dominationi
1810 2641 1951 2706 fideliter
1973 2639 2169 2726 subiugavit.
2189 2666 2219 2704 ss

514 2747 564 2813 Ne
587 2749 688 2834 igitur
711 2760 802 2812 tanta
825 2748 903 2813 urbs
928 2750 1026 2812 immo
1052 2759 1184 2813 sanctae
1210 2748 1263 2812 dei
1287 2750 1455 2834 genitricis
1479 2748 1650 2829 aecclesia,
1682 2750 1760 2835 quia
1784 2771 1843 2812 sua
1866 2771 1909 2812 ex
1933 2759 2000 2812 toto
2023 2748 2170 2834 recipere

513 2876 580 2918 non
603 2856 718 2941 potuit,
742 2866 853 2919 nostro
877 2877 942 2919 non
967 2853 1195 2919 sublevaretur
1217 2855 1350 2937 auxilio,
1376 2857 1629 2920 communitam
1654 2856 1882 2942 episcoporum
1906 2878 2004 2942 quarn
2028 2864 2061 2918 et
2082 2855 2169 2940 prin-

515 2962 624 3046 cipum
655 2973 838 3026 nostrorum
862 2961 997 3026 consilio
1026 2974 1058 3025 et
1087 2962 1122 3024 in
1153 2964 1266 3048 primis
1290 2962 1485 3026 Herimanni
1509 2962 1602 3027 ducis
1633 2984 1771 3026 assensu
1800 2962 2046 3048 praenominato
2076 2981 2168 3046 prae

515 3066 576 3130 suli
593 3067 811 3132 chrinbario
835 3069 967 3154 suisque
991 3069 1241 3154 inperpetuum
1265 3068 1509 3133 successoribus
1535 3070 1568 3131 in
1591 3080 1735 3133 nostram
1759 3080 1791 3132 et
1813 3080 1997 3132 nostrorum
2021 3088 2168 3153 praeces-

514 3195 623 3237 sorum
648 3175 717 3238 sive
742 3197 967 3239 successorum
990 3176 1180 3238 memoriam
1200 3174 1393 3239 tradidimus
1418 3186 1450 3239 et
1473 3198 1533 3261 per
1552 3175 1614 3239 hoc
1639 3174 1749 3261 regale
1768 3185 1980 3262 praeceptum
2000 3172 2168 3239 confirma-
2188 3196 2216 3235 ss

512 3280 618 3343 vimus
642 3280 807 3367 quandam
839 3279 1005 3345 abbatiam
1036 3281 1228 3345 ancillarum
1252 3282 1305 3346 dci
1337 3282 1423 3345 intus
1454 3284 1488 3345 in
1511 3280 1593 3345 urbe
1617 3280 1836 3366 Argentorato
1860 3282 1894 3344 in
1918 3281 2040 3345 bonore
2064 3281 2168 3343 sancti

513 3385 671 3473 Stephani
696 3389 942 3474 protomartyris
967 3386 1089 3452 Christi
1113 3388 1303 3463 institutam,
1331 3411 1405 3452 cum
1429 3387 1578 3452 omnibus
1602 3387 1710 3451 eidem
1734 3385 1887 3451 abbatiae
1917 3387 2001 3450 iuste
2026 3396 2058 3449 et
2081 3384 2169 3470 lega-

513 3492 586 3557 liter
616 3493 853 3580 pcrtinentibus
885 3496 919 3557 in
944 3493 1203 3581 quibuscumque
1234 3496 1328 3579 pagis
1353 3492 1560 3558 comitatibus
1585 3506 1618 3558 et
1641 3496 1806 3574 tentoriis,
1837 3493 1898 3557 hoc
1922 3504 1973 3557 est
1995 3490 2168 3556 mobilibus

512 3612 544 3663 et
572 3598 792 3664 immobilibus
823 3602 908 3664 areis
940 3601 1100 3665 aedificiis
1131 3603 1234 3664 servis
1259 3612 1291 3664 et
1322 3599 1449 3664 ancillis
1473 3603 1568 3663 terris
1593 3600 1688 3664 cultis
1712 3612 1744 3663 et
1774 3599 1903 3663 incultis
1932 3600 2020 3683 agris
2044 3598 2168 3683 campis

511 3707 613 3792 pratis
642 3708 774 3792 pascuis
805 3707 875 3771 sive
908 3706 1113 3793 compascuis
1144 3708 1249 3770 vineis
1277 3706 1329 3770 vel
1357 3707 1500 3770 vinetisc
1534 3706 1624 3769 silvis
1655 3707 1784 3770 forestis
1811 3703 2041 3769 venationibus
2073 3704 2167 3789 aquis
2187 3729 2216 3768 so

512 3835 737 3899 aquarumque
768 3812 960 3877 decursibus
993 3813 1188 3878 molendinis
1221 3812 1455 3899 piseationibus
1486 3814 1548 3876 viis
1578 3824 1612 3877 et
1642 3814 1739 3876 inviis
1771 3810 1913 3876 exitibus
1945 3824 1977 3874 et
2008 3806 2167 3873 reditibus

510 3920 579 3983 sive
604 3921 721 4007 ceteris
742 3943 805 4008 que
826 3920 971 4006 quolibet
994 3920 1090 3984 modo
1113 3922 1173 3984 rite
1190 3922 1302 3983 vocari
1325 3930 1461 4006 possunt
1484 3918 1677 3983 utensilibus
1702 3932 1734 3982 et
1756 3916 1970 4004 appendiciis,
1995 3939 2034 3981 eo
2053 3927 2167 3980 tenore

510 4029 662 4111 quatinus
686 4026 852 4112 praefatus
877 4028 1051 4112 episcopus
1067 4026 1305 4091 Uuerinharius
1329 4027 1444 4111 suique
1468 4027 1715 4111 inperpetuum
1739 4046 1944 4088 successores
1967 4020 2104 4086 liberam
2125 4021 2167 4086 de

510 4132 626 4197 eadem
656 4131 791 4196 abbatia
815 4133 970 4218 deinceps
1002 4131 1145 4196 habeant
1174 4144 1368 4217 potestatem
1399 4131 1524 4218 absque
1553 4133 1641 4195 omni
1672 4153 1885 4218 personarum
1908 4128 2166 4193 contradictione

508 4248 541 4302 et
573 4238 801 4302 molestatione
838 4236 1081 4326 [possidlendi‘¹
1120 4249 1153 4301 et
1186 4241 1221 4301 in
1255 4262 1334 4302 usus
1370 4238 1549 4302 aecclesiae
1585 4237 1743 4323 quicquid
1777 4236 1853 4301 inde
1889 4233 1991 4323 sli]b[i
2024 4233 2160 4320 libeat]⁰
2186 4258 2214 4297 ss

508 4344 658 4408 omnibus
690 4343 795 4406 modis
826 4341 1031 4431 qaeiopdis.
1077 4343 1122 4406 Et
1151 4355 1187 4406 ut
1216 4344 1298 4407 haec
1329 4357 1459 4408 nostrae
1489 4344 1673 4408 traditionis
1704 4344 1880 4407 auctoritas
1911 4340 2036 4405 stabilis
2060 4352 2094 4403 et
2116 4340 2165 4403 in-

510 4450 667 4514 convulsa
697 4462 899 4535 permaneat,
931 4448 1015 4512 ha'nc
1045 4451 1147 4512 nostri
1178 4452 1345 4535 praecepti
1377 4452 1530 4535 paginam
1560 4462 1634 4537 post
1658 4451 1877 4535 conscriptum
1908 4469 2007 4510 manu
2029 4447 2166 4532 propria

508 4553 700 4620 roborantes
725 4554 822 4640 sigilli
846 4557 948 4618 nostri
972 4556 1173 4640 inpressione
1196 4556 1345 4640 insigniri
1369 4558 1530 4620 iussimus

613 4713 631 4803 ξ
655 4714 792 4799 Signum
817 4713 927 4777 domni
950 4715 1099 4778 Heinrici
1123 4724 1187 4793 (Μ.)
1211 4716 1298 4799 regis
1322 4716 1536 4780 invictissimi.
1561 4714 1578 4804 ᾔ

614 4872 631 4962 ᾔ
654 4872 845 4959 Egilbertus
870 4873 1083 4937 cancellarius
1106 4874 1179 4938 vice
1203 4874 1369 4959 Uuilligisi
1392 4872 1646 4959 archicapellani
1669 4895 1777 4958 recog.
1802 4871 1819 4961 ᾔ
2184 4908 2212 4945 40

612 5033 702 5097 Data
733 5046 842 5095 XVIII.
870 5031 936 5095 hal.
968 5031 1078 5096 febrss
1109 5056 1194 5097 anno
1218 5033 1402 5097 dominicae
1433 5034 1664 5096 incarnationis
1693 5047 1785 5113 IIIII,
1815 5032 1991 5096 indictione
2014 5045 2043 5105 I,
2075 5053 2164 5094 anno

506 5162 585 5202 vero
609 5139 720 5203 domni
744 5138 893 5202 Heinrici
917 5140 1004 5224 regis
1026 5154 1057 5221 13
1083 5151 1192 5204 actum
1214 5142 1248 5203 in
1272 5139 1498 5204 Diedenhoua.

1273 5292 1319 5360 (B·
1344 5290 1394 5355 Β.)

592 5508 639 5564 34.
663 5512 687 5577 c)
708 5511 836 5563 munchen
862 5510 872 5562 i
895 5512 952 5562 und
973 5530 992 5563 n
1011 5513 1104 5564 Rcaur
1193 5512 1223 5575 (1)
1245 5509 1338 5578 possid
1362 5511 1428 5563 noch
1454 5509 1612 5571 crkmnbor,
1637 5507 1701 5559 cher
1723 5510 1809 5559 durch
1828 5510 1921 5561 assur
1942 5507 1999 5559 und
2016 5507 2164 5559 sorrow

664 5597 714 5633 oon
733 5584 865 5647 janqerer
883 5583 968 5634 Hand
992 5585 1132 5636 maome
1157 5587 1186 5634 in
1211 5582 1308 5634 restitu
1399 5584 1424 5645 e)
1450 5579 1501 5632 sibi
1525 5579 1611 5631 libeat
1635 5581 1721 5631 durch
1746 5581 1840 5632 Rcsnr
1863 5581 1920 5631 aad
1944 5579 2087 5631 Conmur
2110 5595 2162 5630 oon
2181 5596 2210 5635 m

658 5656 790 5719 jungerer
808 5654 893 5705 Hand
919 5657 1058 5706 verdndert
1083 5658 1112 5706 in
1138 5654 1277 5706 sublatum
1303 5656 1362 5704 erat
1452 5650 1475 5718 f)
1501 5650 1587 5701 durch
1605 5651 1700 5702 Raeur
1716 5652 1774 5702 und
1792 5652 1935 5703 Correctw
1959 5666 2007 5701 von
2025 5652 2163 5715 ΜΝ

664 5724 749 5775 Hand
767 5725 907 5777 venundat
929 5743 963 5776 ru
987 5725 1156 5778 reformandi
1239 5724 1268 5792 g)
1288 5720 1532 5776 mirrhatum.
1552 5721 1897 5788 mmuhtnmdpetrnqeu.
