4836 6504
492 399 502 447 l
512 392 576 456 180
1105 400 1571 461 s-Arssrtmtsuunsu.

574 600 577 608 ’
618 595 933 695 (sti'st'ht'uontiue
956 617 1090 671 sanctae
1107 598 1154 671 ¹et
1180 596 1350 671 individue
1379 606 1542 672 tiinitatia
1588 592 1908 672 Heinriour‘divina
1937 594 2086 671 favente'
2103 605 2170 671 ele·

501 705 634 777 ’1116111111
656 706 745 776 reiks
773 722 801 732 ”
832 706 1128 795 Siliberrimis‘l'gilur
1145 703 1217 779 sacri
1238 704 1342 793 eloquii
1361 703 1740 780 institutionibns'erudimur
1758 735 1786 780 et
1804 728 1989 788 admonemur,
2009 735 2042 778 ut
2060 734 2169 794 tempo·

496 828 581 884 'ralla
604 827 789 899 relinquentes
813 830 889 885 lione
913 838 953 885 et'
966 810 1075 887 terrena
1092 827 1107 901 Ε
1123 824 1512 902 postponentescommoda·
1537 826 1658 888 aeterna*
1674 841 1703 887 et
1727 828 1787 887 sine
1812 820 1877 887 firie·
1890 852 2019 887 mansura
2044 837 2076 886 iu
2101 834 2170 887 celis

497 922 669 991 'studeamus
689 919 812 1007 ampuri*
825 917 999 996 consistoria.
1025 940 1211 1009 'Quapropter
1228 923 1442 993 110111511111111111ι
1465 948 1526 994 uon*
1544 916 1659 994 s'urdum
1675 940 1798 994 auditum
1817 945 1962 1009 prebentes
1979 944 2122 1010 preceptis
2142 950 2170 994 et

512 1041 617 1097 deificis
635 1040 1236 1112 obtemperando*intendentessuasionibus
1260 1036 1396 1114 quendam
1411 1040 1530 1101 'botuae
1553 1057 1684 1116 paternae
1707 1051 1868 1102 hereditatis
1891 1048 1982 1101 locum
2002 1044 2168 1102 Babebercl’
2190 1065 2210 1105 e

498 1144 664 1204 ‘dicttrmin
682 1154 782 1205 sedem'
796 1161 825 1205 et
841 1153 951 1206 culmen
970 1144 1146 1222 episcopatus
1154 1148 1332 1207 'sublimeris
1345 1152 1519 1222 proveximus
1533 1156 1562 1207 et
1573 1156 1702 1209 Rbmant'
1714 1157 1880 1208 auctoritate
1897 1163 1980 1222 atque
1998 1155 2170 1208 venerabilis

497 1248 894 1327 -Heiiri'crvvlrcrbnrgsnru
920 1262 1050 1328 episcopi*
1070 1264 1207 1314 consensu
1230 1274 1263 1313 ac
1288 1264 1360 1329 pari‘
1373 1264 1565 1328 communique
1590 1265 1719 1315 omnium*
1736 1262 1823 1314 u'ostri
1847 1262 1970 1314 fidelium
1994 1271 2052 1314 tarn
2078 1263 2169 1315 archi·

498 1369 705 1434 r'episcoporum
719 1358 813 1433 'quarnv
826 1370 1017 1435 episcoporum
1034 1369 1220 1434 abbatumque
1237 1386 1296 1421 nec
1307 1385 1367 1420 non*
1375 1353 1477 1421 ducum
1489 1377 1519 1422 et
1530 1370 1660 1421 'comitum
1671 1354 1801 1421 consultu
1812 1356 1979 1437 decretoque
1991 1370 2021 1421 iu
2034 1370 2171 1421 honorem

497 1480 624 1526 ‘stasne
643 1473 688 1526 dei
706 1475 849 1542 genitricis
861 1475 966 1526 Mariae
985 1469 1406 1542 sauctorumqne'apostolorum
1417 1477 1493 1527 Petri
1512 1482 1540 1527 et
1551 1475 1633 1528 Pauli
1651 1493 1702 1528 nec
1721 1464 1777 1529 nou
1788 1462 1943 1543 ‘martyrum
1960 1476 2066 1527 Kiliani
2083 1484 2168 1541 atque

512 1581 607 1632 Georil
625 1581 813 1633 stabilivimus
829 1586 862 1633 et
886 1583 1130 1643 corroboravimus,
1155 1588 1188 1633 ut
1212 1589 1241 1634 et
1264 1583 1332 1634 inibi
1357 1566 1481 1634 nereum
1506 1585 1704 1650 parentumque
1729 1584 1884 1636 nostrorum
1910 1584 1938 1635 et
1955 1584 2068 1635 Ottouis
2087 1583 2170 1634 tercii
2190 1589 2219 1631 to

513 1687 645 1739 videlicet
662 1689 834 1755 imperatorie
854 1690 1036 1741 antecessoris
1055 1705 1088 1739 ac
1108 1690 1224 1741 senioris
1242 1676 1330 1743 nostri
1348 1674 1457 1742 celebre
1475 1674 1621 1742 biberetur
1644 1676 1801 1742 memoriale
1827 1698 1855 1743 et
1877 1692 1950 1757 iugis
1969 1707 2019 1757 pro
2040 1691 2168 1742 omnibns

512 1795 652 1847 ortodoxis
670 1796 763 1847 hostia
781 1801 947 1849 mactaretur
964 1796 1101 1868 salutaris.
1137 1796 1261 1849 Proinde
1275 1798 1384 1849 noverit
1401 1798 1521 1849 omnium
1539 1800 1626 1848 nostri
1651 1797 1773 1862 fidelium
1794 1799 1862 1849 tam?
1873 1814 1986 1865 presens
2005 1804 2064 1848 etas
2084 1813 2170 1862 quam

513 1908 542 1954 et
559 1918 721 1955 successura
738 1904 896 1969 posteritas,
922 1904 987 1970 quia
1011 1920 1062 1955 nos
1087 1909 1198 1980 nostrae
1224 1905 1359 1969 quendam
1384 1906 1560 1971 proprietatis
1586 1904 1676 1956 locum
1701 1891 1882 1979 Pferlngun
1909 1905 2013 1956 dictum
2038 1906 2068 1954 in
2093 1920 2168 1970 pago

512 1994 738 2081 Clielegriunee
758 2016 786 2061 et
804 2011 834 2061 in
852 1980 985 2062 comitatu
1003 1994 1193 2083 Nortgduire
1208 1996 1411 2083 Berengeril
1430 2012 1538 2063 comitis
1560 2013 1642 2063 situm
1661 2012 1695 2063 ad
1715 1980 1912 2083 stipendium
1926 1997 2168 2062 kanonicorum

500 2104 547 2169 fin
573 2116 689 2168 eadem
714 2132 799 2184 snpra
823 2118 918 2169 dicta
942 2110 1115 2185 episcopali
1140 2118 1220 2170 sede
1243 2102 1413 2169 coenobita
1437 2104 1499 2170 deo
1523 2105 1753 2169 servientium⁰
1779 2134 1835 2169 nna
1861 2134 1923 2169 cum
1950 2114 2078 2169 omnibus
2107 2117 2168 2168 eius
2190 2124 2222 2164 15

512 2226 687 2291 pertinentiis
704 2227 764 2276 sire
783 2225 957 2286 adherentfis,
976 2225 1109 2277 videlicet
1124 2226 1194 2276 vicis
1210 2223 1284 2277 villis
1300 2224 1427 2277 aeclesiis
1445 2228 1531 2277 servis
1551 2233 1579 2277 et
1596 2225 1704 2276 ancillis
1722 2227 1794 2276 areis
1813 2220 1966 2277 aedificiisf
1985 2227 2066 2276 terris
2085 2224 2189 2275 cultis-

514 2338 543 2383 et
560 2330 672 2384 incultis
690 2333 743 2383 riis
761 2333 845 2383 inviis
863 2334 984 2384 exitibus
1002 2343 1031 2386 et
1048 2334 1183 2385 reditibus
1202 2334 1333 2399 quaesitis
1347 2332 1390 2384 vel
1407 2334 1576 2400 inquirendis
1593 2332 1670 2384 silvis
1688 2317 1863 2383 forestibus
1879 2319 2024 2404 saginis⁸
2042 2333 2169 2382 venatio·

513 2441 594 2490 uibus
613 2441 694 2507 aquis
712 2441 912 2506 piseatiom'bus
929 2441 1010 2493 molis
1028 2440 1193 2493 molendinis
1211 2442 1293 2492 rebus
1308 2440 1456 2492 mobilibus
1475 2446 1504 2491 et
1520 2439 1698 2491 inmobilibus
1718 2456 1751 2490 ac
1768 2441 1867 2490 ceteris
1883 2440 2010 2490 omnibns
2027 2454 2100 2503 quae
2115 2439 2170 2489 rite

512 2547 595 2597 scribi
614 2553 663 2597 aut
682 2546 817 2614 appellari
835 2555 951 2615 possunt
969 2547 1152 2614 quoquolibet
1174 2548 1256 2599 modo
1275 2547 1451 2608 utilitatibus,
1476 2548 1528 2599 lrac
1553 2553 1663 2599 nostrae
1689 2547 1861 2597 auctoritatis
1884 2545 2038 2612 preceptali
2056 2546 2170 2613 pagina,

512 2661 595 2719 prout
609 2653 713 2704 firmius
728 2669 883 2720 possumus,
902 2655 1036 2707 donamus
1052 2662 1136 2721 atque
1151 2657 1360 2723 proprietamus,
1380 2655 1500 2706 omnium
1513 2655 1729 2705 contradictione
1743 2659 1856 2713 remota,
1875 2654 2060 2718 precipientes
2074 2654 2169 2718 igitur,
2188 2664 2223 2704 so

513 2751 545 2810 ut
568 2748 785 2817 meruerint·
799 2749 835 2811 in'
855 2745 984 2814 &bristo
1013 2747 1308 2835 Babenbergenses
1337 2745 1455 2812 fratres
1483 2748 1585 2812 nostri
1615 2770 1658 2811 ex
1687 2756 1796 2811 nostro
1826 2741 1899 2810 iure
1927 2759 2041 2810 uberem
2068 2760 2170 2811 denuc

513 2869 634 2920 babeant
651 2874 818 2935 potestatem
836 2866 952 2923 eundem
971 2868 1062 2922 locum
1081 2855 1262 2942 Pseringun
1281 2870 1384 2923 dictum
1397 2862 1598 2952 cumomnibus
1611 2861 1802 2934 appendiciisll
1813 2864 1871 2917 suis
1883 2869 1995 2918 tenendi
2008 2867 2170 2932 possidendi

512 2961 567 3027 vel
590 2963 689 3026 etiam
712 2960 777 3026 sibi
799 2961 1006 3027 commodum
1029 2962 1225 3028 advocatum
1248 2963 1311 3049 ipsi
1340 2961 1413 3027 loco
1442 2983 1549 3047 nuper
1572 2960 1659 3025 dicto
1690 2958 1934 3046 supereligendi
1958 2986 2009 3024 seu
2035 2975 2170 3040 quiequid

512 3068 577 3133 illis
596 3082 682 3134 libeat
699 3083 788 3134 modis
807 3083 934 3134 omuibus
959 3085 989 3133 in
1007 3099 1086 3134 usum
1110 3068 1340 3134 coenobitalis¹
1366 3068 1577 3133 fraternitatis
1602 3082 1666 3132 inde
1684 3081 1813 3132 faciendi.
1850 3081 1879 3133 Si
1899 3064 1960 3147 quis
1979 3083 2073 3148 igitur,
2094 3083 2171 3147 quod

515 3191 594 3251 absit,
613 3190 693 3242 huius
711 3197 822 3241 nostrae
841 3185 1020 3242 donationis¹¹
1038 3190 1251 3242 munificentiam
1277 3190 1418 3241 destruere
1443 3190 1505 3240 eive
1528 3188 1631 3239 violare
1656 3194 1803 3254 presumat,
1827 3190 1857 3239 iri
1882 3190 1927 3239 die
1952 3189 2049 3240 iudicii
2075 3205 2170 3241 coram
2191 3197 2220 3237 tt

515 3296 602 3348 oculis
621 3297 666 3348 dei
690 3302 826 3349 tormento
851 3297 1057 3363 inextinguibili
1083 3297 1261 3349 aeternaliter
1286 3296 1351 3348 lunt
1396 3296 1477 3358 Quod
1502 3312 1537 3346 ne
1563 3296 1681 3355 eveniat,
1706 3296 1755 3345 sed
1780 3295 1848 3346 haec
1874 3295 1986 3346 traditio
2014 3304 2108 3348 nostra
2134 3299 2170 3349 ab

514 3405 641 3456 omnibus
659 3374 857 3472 perpetualiter
875 3403 1044 3455 inviolabilis
1062 3410 1229 3471 permaneat,
1253 3405 1323 3456 hanc
1343 3411 1446 3455 cartam
1471 3405 1535 3454 inde
1555 3405 1738 3470 conscriptam
1762 3421 1845 3456 manu
1870 3406 1981 3471 propria
2008 3405 2171 3454 roborantes

511 3490 598 3579 'sigilli
617 3515 704 3565 nostri
721 3496 911 3579 inpressionel
934 3514 1062 3563 iussimus
1084 3513 1220 3578 insigniri.
1259 3497 1399 3584 Insuper
1421 3497 1598 3583 Ratispone
1622 3506 1687 3560 tres
1710 3519 1805 3561 areas
1827 3497 1913 3561 infra
1936 3495 2053 3561 urbem
2076 3498 2173 3561 iuxta

512 3606 714 3689 Danubium,
731 3606 814 3671 duas
829 3605 1053 3687 Brunuelaire,
1070 3604 1152 3669 duas
1163 3604 1374 3691 Regiuhusen
1391 3603 1540 3668 dedimus
1556 3614 1588 3667 et
1603 3603 1831 3668 confirmamus
1846 3604 1881 3668 in
1896 3626 1992 3668 usum
2005 3604 2168 3696 fratrum.¹

620 3747 638 3838 ξ
662 3748 800 3835 Signum
823 3748 934 3813 domni
958 3748 1108 3813 Heinrici
1132 3754 1198 3827 (M.)
1222 3747 1309 3833 regis
1332 3747 1548 3810 invictissimi.
1571 3743 1589 3834 ξ
2193 3777 2224 3817 ω

620 3881 872 3972 ξΕδθτὴατᾶιιε
897 3881 1112 3948 cancellarius
1136 3883 1208 3945 vice
1232 3880 1399 3966 Uuilligisi
1423 3879 1677 3966 archicapellani
1700 3880 1888 3965 recognovi.
1912 3877 1929 3967 ξ
1994 3878 2125 3968 (81.2.)

620 4016 740 4081 Datam
758 4015 824 4082 kal.
842 4038 919 4081 nov.
938 4014 1117 4079 indictione
1133 4030 1168 4097 v,
1192 4037 1278 4079 anuo
1297 4013 1459 4079 dominice
1483 4013 1716 4078 iucarnationis
1738 4027 1831 4096 MVII,
1855 4035 1941 4077 anno
1959 4012 2175 4079 verodomni

514 4123 665 4192 Heinrici
687 4121 824 4187 secundi
846 4122 1015 4206 regnantis
1030 4136 1084 4204 VI3
1113 4132 1221 4185 actum
1245 4120 1502 4204 Frankonofurt;
1531 4119 1670 4184 feliciter
1692 4131 1822 4184 samen.1¹¹

1292 4420 1381 4507 152.

515 4565 695 4641 Heinrich
719 4563 866 4640 schmitt
890 4563 969 4638 dem
996 4564 1230 4684 Domcupitel
1251 4592 1297 4638 su
1320 4564 1504 4683 Bomberp
1530 4564 1601 4639 den
1630 4563 1698 4641 Ort
1723 4564 1851 4640 Fr'irtls.
2193 4611 2222 4651 ,1

1630 4712 1900 4784 Frankfurt1007
1916 4712 2079 4774 November
2096 4717 2124 4775 1.

586 4900 650 4957 151.
677 4897 824 4970 [Bresslau]
862 4899 888 4965 a)
904 4899 956 4950 des
972 4899 1060 4950 moeste
1077 4912 1094 4948 o
1112 4913 1183 4952 corr.
1201 4914 1254 4950 aas
1272 4914 1289 4949 a
1363 4897 1393 4963 b)
1414 4900 1455 4959 A,·
1477 4905 1556 4951 artur
1573 4899 1632 4951 dem
1648 4901 1754 4950 erudies
1773 4914 1788 4951 e
1807 4900 1862 4950 eine
1885 4898 2047 4966 Ueterldrtpe
2064 4902 2174 4953 redte-t

676 4971 702 5040 c)
720 4986 771 5023 eoa
789 4971 843 5022 ΕΙ)
859 4973 890 5021 in
907 4969 996 5033 dasdr
1013 4969 1144 5033 pelassere
1162 4969 1251 5020 Leiclce
1268 4969 1472 5035 naobpdroper,
1497 4969 1561 5021 aber
1578 4970 1635 5033 auf
1650 4970 1751 5035 Rceur,
1777 4985 1807 5021 se
1829 4971 1894 5022 dass
1910 4971 2108 5037 ursprsnptrct
2127 4975 2171 5024 eia

674 5044 791 5094 undeet
810 5043 951 5093 Gannante
968 5040 1108 5104 (nnlkicht
1125 5039 1301 5108 Nortgduue)
1320 5041 1513 5106 mbpetrapen
1536 5043 1592 5092 sein
1616 5056 1688 5091 mres
1777 5038 1806 5107 d)
1832 5039 1993 5110 Nortgbuue
2017 5040 2171 5112 Berengeri

674 5130 725 5166 eon
743 5113 798 5165 ΕΙ)
815 5116 845 5165 s'n
863 5114 951 5176 dufer
967 5112 1098 5178 paleamne
1116 5111 1205 5163 sacre
1221 5112 1424 5177 nodrpetrupen,
1449 5113 1514 5163 eder
1535 5113 1591 5176 auf
1606 5112 1708 5165 Rosur.
1745 5113 1842 5163 Zaerst
1859 5128 1920 5164 soar
1935 5129 1993 5163 aar
2009 5115 2054 5165 ein
2071 5115 2170 5179 Nemo,
2190 5128 2220 5166 so

674 5186 744 5238 wohl
760 5186 808 5236 der
826 5184 871 5237 des
890 5184 1005 5246 Grafen,
1024 5182 1220 5249 rraclspetrapen
1292 5186 1318 5249 e)
1341 5200 1387 5235 um
1407 5183 1463 5246 auf
1476 5184 1571 5235 Rosrrr
1650 5182 1675 5249 f)
1696 5181 1825 5236 aedificiis
1843 5200 1888 5234 am
1907 5182 1983 5235 snas
2001 5184 2050 5236 der
2069 5189 2094 5239 7.
2113 5187 2173 5237 arrd

675 5276 720 5309 am
731 5257 847 5321 Ansanp
862 5256 911 5307 der
922 5259 947 5308 8.
961 5254 1131 5317 Schriftzet'le
1146 5270 1194 5304 eon
1208 5254 1261 5305 ΕΙ)
1273 5255 1474 5319 nschpstrupen,
1488 5254 1637 5319 jedenfalle
1652 5260 1706 5306 erat
1722 5256 1849 5307 ncebdem
1860 5254 1894 5308 D.
1908 5256 1960 5305 152
1975 5256 2040 5321 (va.
2053 5257 2173 5309 duseldet

674 5330 741 5382 Note
758 5332 794 5393 p)
813 5344 864 5380 aus
882 5327 917 5380 D.
930 5329 980 5377 151
998 5325 1197 5391 adpesclsrr'eden
1215 5341 1280 5375 rear*
1346 5327 1374 5393 gl
1396 5327 1439 5376 dte
1457 5328 1486 5376 r'n
1504 5328 1556 5377 der‘
1568 5326 1626 5378 VU.
1642 5326 1782 5390 feblendea
1800 5326 1888 5379 Worts
1903 5324 2051 5380 forestibus
2069 5327 2173 5397 saginis

673 5401 721 5452 aar
740 5399 794 5450 ΕΙ)
812 5399 872 5452 hier
890 5399 986 5450 rsieder
1003 5397 1142 5461 necessat
1229 5395 1257 5463 h)
1276 5396 1341 5447 eder
1358 5398 1417 5448 dem
1434 5403 1520 5449 neten
1538 5415 1557 5465 p
1576 5400 1632 5448 eine
1651 5397 1797 5463 Oberldnpe
1813 5396 1976 5463 arrepsldaclst
2060 5397 2082 5463 i)
2098 5414 2172 5454 corr.

674 5488 726 5523 aas
748 5469 918 5534 coenobitae,
942 5469 1012 5519 roobl
1029 5483 1079 5519 von
1098 5468 1148 5520 Ba.
1162 5467 1185 5521 Ι.
1216 5468 1268 5519 Die
1287 5469 1428 5520 (domemur
1446 5471 1481 5519 iat
1498 5476 1560 5533 erat,
1579 5468 1765 5521 suadendis
1783 5468 2053 5523 [tamassanus
2070 5471 2106 5525 D.
2119 5475 2172 5523 151
2191 5480 2219 5523 tt

674 5542 872 5609 adpesclrrr'ebea
895 5557 998 5601 waren,
1021 5554 1221 5604 vorpenemmcs
1245 5539 1350 5590 worden
1443 5538 1471 5606 k)
1496 5541 1546 5591 doe
1569 5541 1641 5592 letzte
1663 5539 1673 5592 i
1695 5556 1764 5594 coru.
1784 5556 1835 5591 cue
1857 5555 1880 5603 e,
1904 5540 1954 5604 npl.
1972 5539 2006 5593 D.
2025 5543 2079 5591 152
2102 5541 2173 5597 N.lr

674 5614 695 5679 1)
713 5612 802 5665 ssione
821 5614 864 5665 bis
879 5615 935 5663 tres
954 5611 1010 5673 auf
1024 5611 1120 5661 Raesrr
1136 5625 1185 5660 een
1208 5611 1322 5660 audetur
1340 5611 1432 5677 Hand,
1457 5611 1548 5664 arebba
1570 5612 1640 5662 caeli
1657 5611 1700 5662 dis
1717 5611 1857 5677 folpesden
1875 5611 1963 5663 wore
1981 5608 2022 5661 bis
2040 5611 2071 5663 iu
2088 5628 2173 5666 usum

674 5683 792 5737 stanam
808 5683 975 5749 praebriebarr
992 5682 1048 5733 but.
1082 5681 1278 5746 Ureprslnplr'rlr
1296 5683 1378 5733 eund
1395 5681 1563 5750 inpressione
1585 5681 1710 5752 insigniri
1728 5681 1861 5749 iussimus,
1883 5682 1972 5733 uomit
1989 5682 2039 5735 der
2058 5681 2175 5738 Gom

674 5755 772 5809 xbloee
843 5754 881 5823 m)
900 5755 943 5805 die
959 5769 1044 5819 ponec
1062 5752 1290 5816 Datierunpszeile
1308 5768 1356 5804 corr
1376 5754 1427 5808 Bc.
1439 5753 1459 5804 I
1473 5754 1675 5821 ruotpertum.
