4828 6520
889 422 1181 480 KUNIGUNDE
1214 421 1310 479 1025.
1860 419 1925 483 695

271 608 465 699 augustet
482 608 524 675 ob
543 631 688 675 amorem
707 610 837 698 celestis
860 610 1016 676 desiderii
1039 620 1137 698 atque
1160 609 1203 675 ob
1225 609 1486 676 recordationem
1510 610 1586 701 dive
1608 614 1765 699 memorie
1788 615 1925 679 senioris

271 720 322 783 sui
345 717 495 783 Heinrici
523 717 730 804 imperatoris
764 716 894 803 augusti
922 740 985 782 nec
1014 739 1081 782 non
1110 715 1153 782 ob
1184 716 1348 803 quoddam
1371 719 1439 806 vite
1462 718 1649 804 temporalis
1673 719 1925 785 emolumentum

271 848 346 890 cum
369 823 503 889 consilio
527 822 660 910 gloriosi
684 822 777 888 ducis
800 823 1026 888 Baioariorum
1048 823 1198 888 Heinrici
1221 823 1347 889 scilicet
1368 824 1477 889 fratris
1501 826 1552 889 sui
1575 835 1829 913 cunctorumque
1853 851 1926 914 pro-

271 952 383 996 cemm
415 939 448 995 et
480 931 671 1016 optimatum
704 932 924 1017 comitumque
950 930 1124 1018 Baioarice
1156 932 1319 1030 proqintie
1351 953 1390 996 ac
1419 930 1566 996 iudicum
1595 931 1737 1020 quedam
1766 934 1816 997 sui
1846 934 1926 999 iuris

238 1069 252 1110 ι
271 1036 387 1124 predia
409 1036 612 1101 Rantesdorf
631 1037 700 1100 sive
719 1036 938 1120 Ranteshova,
962 1035 1195 1123 Hohperchab,
1220 1031 1498 1123 Ostermuntinga,
1514 1037 1738 1103 Veltchiricha
1759 1041 1927 1105 nominata

270 1143 415 1208 traderet
444 1144 479 1206 in
501 1165 617 1207 manus
640 1142 821 1207 venerandi
843 1142 1005 1230 Egilberti
1028 1143 1284 1230 Frigisingensis
1312 1142 1451 1231 ecclesie
1475 1145 1621 1232 episcopi
1645 1155 1677 1208 ct
1700 1145 1853 1211 advocati
1875 1148 1927 1211 sui

271 1227 483 1315 (ldalscalchi
506 1272 581 1314 cum
605 1249 752 1336 ecclesiis
776 1271 815 1315 ac
839 1249 985 1332 decimis,
1017 1272 1090 1315 cum
1113 1250 1234 1314 foresto
1250 1249 1426 1313 Vvillihart
1452 1272 1491 1314 ao
1514 1251 1703 1333 forestariis,
1735 1275 1809 1317 cum
1832 1254 1926 1317 terris

271 1355 366 1421 cultis
389 1367 423 1421 et
444 1355 575 1420 incultis
599 1356 772 1442 mancipiis
794 1357 965 1443 utriusque
988 1378 1087 1420 sexus
1110 1356 1216 1420 vineis
1240 1354 1435 1420 molendinis
1459 1367 1492 1421 et
1515 1378 1590 1421 cum
1613 1356 1763 1423 omnibus
1787 1365 1870 1423 iuste
1894 1369 1927 1424 et

269 1461 418 1549 legaliter
436 1461 479 1527 ad
500 1484 540 1526 ea
561 1460 811 1548 pertinentibus,
835 1462 983 1548 exceptis
1002 1472 1127 1527 tantum
1142 1477 1168 1526 V
1184 1460 1358 1526 servilibus
1377 1462 1499 1526 mansis
1518 1485 1592 1527 curn
1611 1465 1712 1549 pratis
1731 1464 1775 1528 ad
1793 1465 1925 1531 eosdem

226 1602 253 1641 ιο
269 1570 331 1634 rite
361 1566 598 1656 pertinentibus
628 1569 662 1632 in
692 1567 853 1633 beneficio
882 1567 1021 1633 Besilini
1053 1569 1123 1633 sitis
1153 1568 1241 1655 quod
1270 1580 1499 1655 nuncupatur⁰
1719 1582 1752 1635 et
1781 1573 1925 1659 quinque

271 1677 375 1740 servis
399 1699 473 1741 cum
495 1664 553 1741 llll
576 1674 713 1758 ancillis,
738 1673 856 1762 quibus
879 1676 986 1762 ipsum
1009 1673 1206 1740 beneficium
1230 1686 1307 1739 tunc
1331 1677 1486 1761 temporis
1507 1687 1577 1740 erat
1596 1699 1792 1763 possessum.
1829 1678 1926 1758 Quod

269 1782 425 1847 videlicet
447 1781 644 1848 beneficium
668 1805 708 1847 ea
731 1782 814 1869 lege,
838 1792 874 1846 ut
896 1782 1020 1846 dictum
1044 1793 1103 1864 est,
1127 1783 1200 1869 ipsa
1222 1781 1342 1846 domna
1364 1783 1557 1869 imperatrix
1580 1796 1719 1870 augusta
1736 1784 1872 1850 tradidit
1892 1788 1926 1850 in

270 1891 437 1975 proprium
460 1891 556 1956 uxori
578 1890 698 1975 prefati
720 1888 860 1954 Bezilini
883 1888 1007 1975 absque
1026 1888 1256 1953 venationibus
1276 1900 1308 1952 et
1326 1888 1585 1974 saginationibus
1608 1913 1647 1955 ac
1672 1892 1741 1955 sine
1764 1890 1926 1978 lignorum

270 1995 483 2062 incisionibus
506 1998 541 2061 in
563 1997 684 2061 foresto
708 1997 773 2061 iam
793 1995 890 2061 dicto.
929 1995 1072 2082 Excepit
1092 1995 1189 2059 etiam
1209 1994 1427 2059 memorabilis
1446 1997 1638 2083 imperatrix
1656 1999 1927 2064 camerariumdl

227 2133 253 2173 η
270 2100 356 2166 Atili
380 2103 603 2167 nominatum(1
626 2101 751 2189 absque
774 2100 935 2169 beneficio
960 2103 1010 2165 sui
1034 2113 1068 2167 et
1089 2101 1228 2166 famulas
1247 2101 1382 2166 11Peza
1401 2102 1541 2166 etRssa
1558 2104 1751 2168 nominatas.
1787 2105 1926 2193 Insuper

271 2210 370 2273 etiam
393 2210 585 2296 imperatrix
608 2218 747 2295 augusta
769 2208 904 2273 tradidit
926 2207 1033 2273 eidem
1053 2210 1218 2294 episcopo,
1242 2208 1399 2295 quicquid
1417 2210 1491 2273 visa
1509 2219 1558 2272 est
1576 2209 1697 2275 habere
1716 2212 1751 2275 in
1770 2211 1841 2276 loco
1860 2212 1926 2277 Hal

271 2314 358 2380 dicto
389 2338 463 2381 cum
492 2317 660 2403 utriusque
691 2337 791 2379 sexus
820 2315 993 2401 mancipiis
1024 2314 1161 2401 edificiis
1191 2316 1285 2379 terris
1314 2314 1410 2379 cultis
1434 2326 1467 2380 et
1489 2316 1619 2381 incultis
1642 2317 1861 2403 sartaginibus
1885 2341 1925 2384 ao

271 2420 351 2486 locis
381 2423 582 2508 sartaginum
612 2445 652 2487 ac
681 2421 761 2487 locis
792 2422 966 2486 onustariis
995 2421 1195 2485 witevendin
1228 2419 1412 2486 censalibus
1443 2432 1475 2487 et
1508 2445 1581 2487 cum
1612 2423 1762 2488 omnibus
1792 2426 1862 2489 iure
1893 2438 1926 2491 et

271 2527 419 2614 legaliter
450 2529 492 2593 ad
524 2529 629 2615 ipsam
662 2527 799 2593 salinam
831 2526 1082 2614 respicientibus
1115 2539 1213 2614 atque
1247 2550 1321 2592 cum
1351 2526 1501 2593 omnibus
1533 2528 1641 2611 rebus,
1675 2553 1756 2617 quas
1780 2532 1852 2596 visa
1875 2544 1925 2597 est

226 2667 253 2707 ω
271 2634 392 2699 habere
416 2658 515 2723 supra
533 2634 669 2701 fluvium
689 2634 766 2701 Sala
783 2636 995 2717 nominatum,
1020 2656 1059 2698 ea
1081 2633 1236 2699 videlicet
1258 2635 1383 2698 ratione
1408 2644 1444 2699 ut
1465 2636 1538 2720 ipsa
1559 2635 1757 2700 venerabilis
1782 2637 1924 2722 domina,

271 2742 427 2827 quamdiu
456 2741 518 2806 deo
542 2741 712 2806 ordinante
736 2739 904 2830 v[iveret]⁰
929 2789 1093 2805 .......
1117 2763 1169 2804 res
1200 2762 1312 2805 omnes
1342 2763 1443 2827 supra
1472 2754 1667 2807 memoratas
1697 2743 1731 2806 in
1760 2745 1923 2830 integrum

270 2849 461 2934 possideret,
491 2862 565 2936 post
588 2849 758 2913 decessum
782 2871 860 2912 vero
884 2848 951 2931 vite
981 2847 1126 2911 mortalis
1155 2870 1215 2933 pro
1246 2847 1422 2912 elemosina
1449 2848 1503 2937 pie
1534 2850 1689 2939 memorie
1720 2850 1843 2915 domini
1873 2854 1923 2917 sui

269 2955 419 3020 Heinrici
448 2957 664 3042 imperatoris,
695 2955 849 3042 adoptato
872 2976 1002 3042 quoque
1026 2955 1156 3041 proprie
1180 2955 1288 3042 anime
1310 2954 1466 3036 remedio,
1491 2954 1534 3019 ad
1557 2955 1658 3020 altare
1682 2969 1795 3047 sancte
1818 2958 1923 3046 Marie

270 3084 399 3150 semper
425 3063 562 3149 virginis
592 3064 762 3149 sanctique
793 3062 989 3126 confessoris
1018 3059 1139 3125 Christi
1163 3059 1355 3126 Corbiniani
1377 3061 1563 3148 Frigisinge
1591 3064 1804 3150 corporaliter
1834 3067 1923 3152 qnie-

225 3199 252 3239 ee
270 3170 390 3233 scentia
419 3170 454 3233 in
483 3170 534 3234 ius
564 3169 718 3234 videlicet
749 3180 847 3256 atque
883 3167 1061 3232 dominium
1096 3168 1221 3254 egregii
1255 3169 1408 3232 antistitis
1439 3167 1601 3256 Egilberti
1633 3193 1922 3259 successorumque

270 3297 401 3341 suorum
418 3275 490 3361 lege
506 3277 657 3361 precaria
672 3275 930 3339 refunderentur.
959 3274 1091 3338 Testes:
1109 3272 1224 3339 Gerolt
1238 3297 1358 3359 comes,
1374 3275 1517 3339 Fridirih
1534 3299 1653 3359 comes,
1669 3277 1787 3342 Amolt
1802 3301 1922 3361 comes,

268 3383 429 3448 Hartvuic
447 3382 611 3470 palatinus
632 3405 752 3464 comes,
771 3381 938 3468 Adalpero
957 3405 1077 3464 comes,
1098 3382 1211 3445 Tiemo
1229 3404 1348 3464 comcs,
1368 3382 1483 3468 Poppo
1500 3406 1619 3465 comes,
1639 3384 1786 3470 Piligrim
1803 3408 1922 3471 comes,

269 3490 402 3555 Altman
432 3512 551 3571 comes,
581 3490 659 3554 item
690 3488 804 3557 Gerolt
834 3511 953 3571 comes,
984 3486 1144 3575 Guntpolt
1167 3510 1287 3571 comes,
1316 3488 1456 3552 Heinrih
1486 3489 1571 3553 filius
1595 3490 1760 3555 Tiemonis
1784 3494 1922 3576 comitia,

269 3596 436 3661 Pcrahtolt
457 3595 542 3660 filius
565 3595 719 3661 Fridirici
742 3597 879 3678 comitis,
909 3594 1024 3659 Gerolt
1045 3595 1131 3659 filius
1156 3594 1291 3660 Geroldi
1315 3596 1452 3677 comitis,
1484 3595 1610 3661 Sarbilo
1634 3596 1719 3661 filius
1744 3597 1923 3663 Sarbilonis

225 3732 251 3773 ro
270 3705 406 3785 comitis,
438 3702 561 3785 Gerolt,
592 3702 763 3789 Maganus,
795 3700 980 3783 Gamanolf,
1010 3701 1137 3784 Albrih,
1168 3702 1246 3766 item
1278 3701 1463 3785 Gamanolf,
1493 3702 1719 3789 Helmpreht‘,
1749 3703 1922 3787 Hartvvic,

267 3809 443 3892 sannas,
465 3809 597 3874 aaron.

374 3934 519 3999 Econtra
541 3956 620 3999 vero
644 3932 824 4020 prelibatus
847 3933 996 4020 pontifex
1020 3955 1094 3996 cum
1118 3932 1252 3996 consilio
1276 3942 1373 4018 atque
1401 3954 1562 3996 consensu
1586 3955 1716 3997 suorum
1739 3943 1807 3997 tam
1830 3934 1921 3998 cleri-

269 4064 379 4106 corum
411 4064 508 4127 quarn
539 4040 695 4106 laicorum
726 4041 934 4126 maximeque
961 4040 1008 4125 pii
1031 4039 1124 4103 ducis
1147 4038 1296 4102 Heinrici
1320 4061 1359 4102 ao
1383 4039 1574 4125 optimatum
1598 4061 1728 4103 suorum
1752 4039 1922 4105 retradidit

269 4147 329 4213 deo
354 4147 472 4235 devote
498 4148 699 4234 imperatrici
723 4145 941 4235 Obunigundq
971 4144 1061 4232 lege,
1096 4154 1132 4209 ut
1161 4168 1261 4231 supra
1290 4144 1413 4210 dictum
1444 4158 1509 4228 est,
1540 4146 1690 4231 precaria
1720 4169 1793 4211 cum
1822 4170 1921 4211 manu

224 4283 250 4323 u
268 4253 420 4319 advocati
450 4255 500 4317 sui
524 4232 732 4320 (ldalscalchi
763 4253 803 4317 de
840 4251 938 4317 rcbus
969 4251 1148 4316 aecclesiae
1184 4273 1262 4315 suae
1299 4262 1423 4316 curtem
1453 4252 1552 4316 Isona
1588 4262 1755 4335 vocatam,
1795 4264 1919 4318 curtem

268 4361 451 4447 Purgreina
474 4383 513 4425 ac
537 4372 661 4425 curtem
685 4382 769 4447 quae
794 4359 913 4424 dicitur
931 4358 1045 4439 Dorfa,
1070 4357 1221 4447 c[urte]m
1239 4360 1337 4423 etiam
1357 4358 1587 4445 Tegrinvvach
1611 4381 1685 4423 cunr
1707 4361 1802 4424 terris
1826 4360 1920 4425 cultis

268 4478 301 4531 et
324 4467 464 4549 incultis,
493 4490 567 4531 cum
591 4469 662 4554 ipso
686 4468 881 4531 monasterio
905 4477 938 4531 et
960 4466 1213 4551 congregatione
1238 4466 1342 4530 sancti
1366 4465 1509 4530 Zenonis
1532 4488 1571 4531 ac
1594 4465 1728 4552 reliquis
1751 4467 1920 4532 aecclesiis

268 4585 301 4636 et
330 4575 475 4655 decimis,
506 4597 581 4639 curn
611 4574 783 4660 mancipiis
812 4574 981 4660 utriusque
1011 4595 1110 4637 sexus
1139 4571 1334 4637 molendinis
1365 4572 1456 4637 silvis
1486 4573 1690 4659 compascuis
1720 4572 1920 4639 zidalweirlis

268 4682 420 4767 omnique
450 4683 600 4767 poenitus
631 4680 768 4744 utilitate
800 4680 843 4744 ad
872 4679 1056 4765 predictum
1086 4677 1307 4744 venerabilem
1342 4679 1449 4744 locum
1479 4678 1717 4766 pertinentibus
1747 4703 1920 4766 rerumque

223 4817 250 4857 ro
267 4787 489 4873 predictarum
512 4789 714 4868 vestituram,
746 4810 784 4851 eo
814 4797 926 4851 tenore
956 4798 992 4851 ut
1020 4786 1170 4873 predicta
1200 4785 1332 4851 domina
1362 4797 1395 4850 et
1424 4785 1537 4851 datum
1566 4798 1600 4850 et
1622 4798 1793 4872 acceptum
1816 4809 1920 4873 usque

268 4894 310 4959 ad
334 4893 463 4958 felicem
486 4895 573 4958 vitae
598 4905 677 4958 sue⁸
698 4892 893 4981 [terminum]
914 4894 1110 4979 potestative
1129 4892 1306 4980 possideat,
1330 4905 1446 4979 postea
1463 4915 1542 4958 vero
1560 4894 1732 4979 integritas
1751 4892 1919 4957 ambarum

267 5002 419 5086 partium,
448 5000 516 5065 dati
540 5000 665 5065 scilicet
688 5012 721 5064 et
743 5000 881 5086 accepti,
912 5001 1000 5064 omni
1027 4999 1285 5064 contradictione
1309 5010 1444 5082 remota,
1467 4999 1511 5064 ad
1533 4999 1635 5064 altare
1659 5012 1791 5064 sanctae
1815 5000 1920 5087 Maris

267 5109 436 5194 sanctique
466 5106 657 5173 Corbiniani
688 5107 731 5171 ad
762 5105 938 5193 specialem
967 5129 1061 5170 usum
1085 5106 1340 5192 Frigisingensis
1371 5105 1509 5192 presulis
1531 5105 1693 5192 Egilberti
1722 5129 1920 5191 suorumque

372 5355 401 5411 2.
428 5360 454 5423 c)
474 5356 602 5410 dodim
619 5356 815 5422 uacuaqefrtllto
833 5356 922 5408 Lache
939 5356 990 5418 srtr
1007 5357 1058 5407 dm
1076 5356 1180 5408 Nomen
1234 5352 1263 5421 d)
1279 5354 1324 5407 riri
1342 5352 1357 5407 1
1376 5371 1421 5405 om
1437 5356 1548 5408 &blara
1564 5356 1613 5409 der
1631 5356 1740 5420 [defien
1752 5355 1921 5419 Schriftzrile

222 5447 249 5486 rs
426 5428 653 5489 roahrscbeialr'ch,
672 5427 746 5479 Azih'
762 5443 807 5479 am
823 5427 939 5493 Aafony
954 5427 1002 5477 der
1017 5426 1131 5479 maen
1148 5427 1315 5490 Schriftzeilc
1330 5426 1417 5479 molter
1430 5427 1639 5493 caducarum,-
1656 5426 1729 5479 Azili
1748 5425 1920 5480 nominatum

426 5499 526 5551 xleint
551 5499 607 5563 aas
627 5500 721 5551 Raeur
744 5515 779 5549 su
804 5499 891 5551 richen
963 5500 989 5563 e)
1016 5499 1107 5549 hintes·
1128 5498 1186 5550 dan
1208 5504 1294 5551 ersten
1316 5515 1334 5549 u
1359 5514 1408 5549 oon
1433 5497 1539 5551 viveret
1564 5501 1598 5551 fat
1623 5501 1652 5549 in
1671 5500 1696 5551 A
1721 5501 1763 5550 ein
1782 5498 1869 5559 Iacob,¹
1893 5515 1921 5551 cr

427 5571 530 5622 Manen
549 5577 613 5621 aaa
632 5574 667 5621 17
685 5569 851 5621 Bachataben
868 5569 1035 5635 amqefallca
1052 5571 1123 5633 seim
1147 5567 1261 5635 viveret,
1286 5570 1338 5621 dae
1355 5571 1385 5621 tn
1404 5570 1429 5621 B
1446 5570 1521 5635 aoht,
1547 5570 1661 5634 wmaf
1675 5569 1750 5622 duan
1771 5570 1840 5622 auch
1861 5570 1921 5622 brer

427 5644 484 5692 eine
502 5642 591 5692 nacae
615 5641 691 5705 solut,
713 5646 791 5707 pacat
809 5642 867 5691 m
883 5640 966 5692 Sinna
990 5640 1059 5691 nach
1084 5641 1142 5690 aad
1166 5640 1236 5690 auch
1262 5642 1395 5705 torosam,
1418 5641 1461 5692 als
1485 5642 1534 5694 der
1550 5642 1631 5694 dorm
1653 5641 1717 5694 oder
1733 5644 1813 5694 rimu
1831 5641 1921 5694 Buca-

426 5712 499 5764 aare
516 5712 585 5763 nach
603 5728 621 5763 v
639 5713 695 5762 aare
718 5711 875 5777 Unterldaqe
899 5710 994 5776 pelta&
1018 5726 1053 5761 zu
1076 5710 1161 5762 buben
1184 5711 1284 5763 sobriat
1365 5710 1392 5779 f)
1421 5710 1557 5780 Helmpltt
1574 5716 1598 5765 A
1679 5717 1709 5782 g)
1737 5714 1769 5766 ob
1786 5731 1834 5766 sue
1857 5715 1921 5767 oder·

426 5798 483 5852 sog,
502 5785 536 5834 ist
554 5784 583 5832 in
603 5784 628 5834 A
648 5782 720 5833 aiom
737 5798 773 5833 ra
791 5783 938 5842 ortuum
955 5797 1004 5834 sne
1017 5782 1042 5833 B
