<?xml version="1.0" encoding="UTF-8"?>
<!DOCTYPE html PUBLIC "-//W3C//DTD XHTML 1.0 Transitional//EN"
    "http://www.w3.org/TR/xhtml1/DTD/xhtml1-transitional.dtd">
<html xmlns="http://www.w3.org/1999/xhtml" xml:lang="en" lang="en">
 <head>
  <title>
</title>
<meta http-equiv="Content-Type" content="text/html;charset=utf-8" />
  <meta name='ocr-system' content='tesseract 3.04.00' />
  <meta name='ocr-capabilities' content='ocr_page ocr_carea ocr_par ocr_line ocrx_word'/>
</head>
<body>
  <div class='ocr_page' id='page_1' title='image "./monumentagerman01gescgoog/monumentagerman01gescgoog_0634.png"; bbox 0 0 4836 6492; ppageno 0'>
   <div class='ocr_carea' id='block_1_1' title="bbox 869 420 1917 485">
    <p class='ocr_par' dir='ltr' id='par_1_1' title="bbox 869 420 1917 485">
     <span class='ocr_line' id='line_1_1' title="bbox 869 420 1917 485; baseline 0.001 -1"><span class='ocrx_word' id='word_1_1' title='bbox 869 428 1107 484; x_wconf 83' lang='lat' dir='ltr'>HEINRICH</span> <span class='ocrx_word' id='word_1_2' title='bbox 1129 429 1168 484; x_wconf 89' lang='lat'>11.</span> <span class='ocrx_word' id='word_1_3' title='bbox 1210 426 1304 483; x_wconf 83' lang='lat'>1022.</span> <span class='ocrx_word' id='word_1_4' title='bbox 1853 420 1917 485; x_wconf 79' lang='grc'>599</span> 
     </span>
    </p>
   </div>
   <div class='ocr_carea' id='block_1_2' title="bbox 368 612 1919 704">
    <p class='ocr_par' dir='ltr' id='par_1_2' title="bbox 368 612 1919 704">
     <span class='ocr_line' id='line_1_2' title="bbox 368 612 1919 704; baseline -0.002 -24"><span class='ocrx_word' id='word_1_5' title='bbox 368 612 386 704; x_wconf 67' lang='grc' dir='ltr'><strong>ξ</strong></span> <span class='ocrx_word' id='word_1_6' title='bbox 410 614 547 700; x_wconf 88' lang='lat' dir='ltr'>Signum</span> <span class='ocrx_word' id='word_1_7' title='bbox 571 614 682 679; x_wconf 91' lang='lat' dir='ltr'>domni</span> <span class='ocrx_word' id='word_1_8' title='bbox 704 615 854 679; x_wconf 87' lang='lat' dir='ltr'>Heinrici</span> <span class='ocrx_word' id='word_1_9' title='bbox 877 616 1097 680; x_wconf 76' lang='lat' dir='ltr'>Romanorum</span> <span class='ocrx_word' id='word_1_10' title='bbox 1120 615 1326 701; x_wconf 85' lang='lat' dir='ltr'>imperatoris</span> <span class='ocrx_word' id='word_1_11' title='bbox 1350 622 1415 696; x_wconf 78' lang='lat' dir='ltr'>(M.)</span> <span class='ocrx_word' id='word_1_12' title='bbox 1441 616 1583 678; x_wconf 86' lang='lat' dir='ltr'>caesaris</span> <span class='ocrx_word' id='word_1_13' title='bbox 1607 636 1736 701; x_wconf 88' lang='lat' dir='ltr'>semper</span> <span class='ocrx_word' id='word_1_14' title='bbox 1758 616 1881 678; x_wconf 87' lang='lat' dir='ltr'>invicti.</span> <span class='ocrx_word' id='word_1_15' title='bbox 1901 612 1919 704; x_wconf 66' lang='grc' dir='ltr'><strong>ξ</strong></span> 
     </span>
    </p>
   </div>
   <div class='ocr_carea' id='block_1_3' title="bbox 261 754 1919 951">
    <p class='ocr_par' dir='ltr' id='par_1_3' title="bbox 261 754 1919 951">
     <span class='ocr_line' id='line_1_3' title="bbox 368 754 1919 846; baseline 0 -26"><span class='ocrx_word' id='word_1_16' title='bbox 368 754 633 845; x_wconf 63' lang='lat' dir='ltr'>{Theodericus</span> <span class='ocrx_word' id='word_1_17' title='bbox 669 756 883 822; x_wconf 90' lang='lat' dir='ltr'>cancellarius</span> <span class='ocrx_word' id='word_1_18' title='bbox 918 769 957 822; x_wconf 77' lang='lat' dir='ltr'>a⁸</span> <span class='ocrx_word' id='word_1_19' title='bbox 991 759 1099 822; x_wconf 88' lang='lat' dir='ltr'>vicern</span> <span class='ocrx_word' id='word_1_20' title='bbox 1133 756 1347 846; x_wconf 80' lang='lat' dir='ltr'>Eu[er]andi²</span> <span class='ocrx_word' id='word_1_21' title='bbox 1383 758 1529 844; x_wconf 84' lang='lat' dir='ltr'>episcopi</span> <span class='ocrx_word' id='word_1_22' title='bbox 1567 768 1599 821; x_wconf 88' lang='lat' dir='ltr'>et</span> <span class='ocrx_word' id='word_1_23' title='bbox 1638 754 1919 821; x_wconf 80' lang='lat' dir='ltr'>archicancellarii</span> 
     </span>
     <span class='ocr_line' id='line_1_4' title="bbox 261 861 523 951; baseline 0 -24"><span class='ocrx_word' id='word_1_24' title='bbox 261 864 486 949; x_wconf 70' lang='lat' dir='ltr'>recognovita.</span> <span class='ocrx_word' id='word_1_25' title='bbox 506 861 523 951; x_wconf 55' lang='grc' dir='ltr'>ᾗ</span> 
     </span>
    </p>
   </div>
   <div class='ocr_carea' id='block_1_4' title="bbox 225 1005 1919 1200">
    <p class='ocr_par' dir='ltr' id='par_1_4' title="bbox 225 1005 1919 1200">
     <span class='ocr_line' id='line_1_5' title="bbox 369 1005 1919 1093; baseline -0.001 -22"><span class='ocrx_word' id='word_1_26' title='bbox 369 1006 458 1071; x_wconf 90' lang='lat' dir='ltr'>Data</span> <span class='ocrx_word' id='word_1_27' title='bbox 481 1029 566 1070; x_wconf 92' lang='lat' dir='ltr'>anno</span> <span class='ocrx_word' id='word_1_28' title='bbox 592 1005 753 1070; x_wconf 89' lang='lat' dir='ltr'>dominice</span> <span class='ocrx_word' id='word_1_29' title='bbox 778 1008 1010 1071; x_wconf 80' lang='lat' dir='ltr'>incarnationis</span> <span class='ocrx_word' id='word_1_30' title='bbox 1034 1006 1205 1072; x_wconf 89' lang='lat' dir='ltr'>millesimo</span> <span class='ocrx_word' id='word_1_31' title='bbox 1224 1021 1309 1089; x_wconf 79' lang='lat' dir='ltr'>XXII,</span> <span class='ocrx_word' id='word_1_32' title='bbox 1334 1007 1511 1071; x_wconf 86' lang='lat' dir='ltr'>indictione</span> <span class='ocrx_word' id='word_1_33' title='bbox 1530 1022 1565 1091; x_wconf 83' lang='lat' dir='ltr'>V,</span> <span class='ocrx_word' id='word_1_34' title='bbox 1589 1008 1683 1093; x_wconf 84' lang='lat' dir='ltr'>regni</span> <span class='ocrx_word' id='word_1_35' title='bbox 1706 1029 1784 1071; x_wconf 86' lang='lat' dir='ltr'>vero</span> <span class='ocrx_word' id='word_1_36' title='bbox 1808 1006 1919 1071; x_wconf 89' lang='lat' dir='ltr'>domni</span> 
     </span>
     <span class='ocr_line' id='line_1_6' title="bbox 225 1112 1919 1200; baseline 0 -23"><span class='ocrx_word' id='word_1_37' title='bbox 225 1113 413 1177; x_wconf 85' lang='lat' dir='ltr'>sHeinrici</span> <span class='ocrx_word' id='word_1_38' title='bbox 444 1112 505 1176; x_wconf 91' lang='lat' dir='ltr'>deo</span> <span class='ocrx_word' id='word_1_39' title='bbox 536 1114 677 1199; x_wconf 87' lang='lat' dir='ltr'>propitio</span> <span class='ocrx_word' id='word_1_40' title='bbox 697 1127 768 1195; x_wconf 82' lang='lat' dir='ltr'>XXI,</span> <span class='ocrx_word' id='word_1_41' title='bbox 799 1114 927 1200; x_wconf 89' lang='lat' dir='ltr'>imperii</span> <span class='ocrx_word' id='word_1_42' title='bbox 953 1128 1148 1197; x_wconf 78' lang='lat' dir='ltr'>veroV11113</span> <span class='ocrx_word' id='word_1_43' title='bbox 1177 1125 1284 1178; x_wconf 89' lang='lat' dir='ltr'>actum</span> <span class='ocrx_word' id='word_1_44' title='bbox 1312 1136 1390 1178; x_wconf 85' lang='lat' dir='ltr'>vero</span> <span class='ocrx_word' id='word_1_45' title='bbox 1415 1113 1618 1197; x_wconf 82' lang='lat' dir='ltr'>Beneuent03</span> <span class='ocrx_word' id='word_1_46' title='bbox 1647 1113 1786 1179; x_wconf 85' lang='lat' dir='ltr'>feliciter</span> <span class='ocrx_word' id='word_1_47' title='bbox 1813 1136 1919 1178; x_wconf 88' lang='lat' dir='ltr'>amen.</span> 
     </span>
    </p>
   </div>
   <div class='ocr_carea' id='block_1_5' title="bbox 1032 1244 1149 1321">
    <p class='ocr_par' dir='ltr' id='par_1_5' title="bbox 1032 1244 1149 1321">
     <span class='ocr_line' id='line_1_7' title="bbox 1032 1244 1149 1321; baseline 0.017 -2"><span class='ocrx_word' id='word_1_48' title='bbox 1032 1244 1080 1319; x_wconf 84' lang='lat' dir='ltr'>(B·</span> <span class='ocrx_word' id='word_1_49' title='bbox 1098 1244 1149 1321; x_wconf 86' lang='lat' dir='ltr'>D.)</span> 
     </span>
    </p>
   </div>
   <div class='ocr_carea' id='block_1_6' title="bbox 1044 1538 1139 1625">
    <p class='ocr_par' dir='ltr' id='par_1_6' title="bbox 1044 1538 1139 1625">
     <span class='ocr_line' id='line_1_8' title="bbox 1044 1538 1139 1625; baseline -0.021 -1"><span class='ocrx_word' id='word_1_50' title='bbox 1044 1538 1139 1625; x_wconf 80' lang='lat'><strong>470.</strong></span> 
     </span>
    </p>
   </div>
   <div class='ocr_carea' id='block_1_7' title="bbox 262 1697 1919 1919">
    <p class='ocr_par' dir='ltr' id='par_1_7' title="bbox 262 1697 1919 1919">
     <span class='ocr_line' id='line_1_9' title="bbox 263 1697 1919 1801; baseline 0.001 -27"><span class='ocrx_word' id='word_1_51' title='bbox 263 1700 442 1775; x_wconf 62' lang='lat' dir='ltr'>{lubricis</span> <span class='ocrx_word' id='word_1_52' title='bbox 477 1701 643 1801; x_wconf 68' lang='lat' dir='ltr'>bestdnpt</span> <span class='ocrx_word' id='word_1_53' title='bbox 676 1700 756 1775; x_wconf 88' lang='lat' dir='ltr'>dem</span> <span class='ocrx_word' id='word_1_54' title='bbox 790 1700 937 1775; x_wconf 83' lang='lat' dir='ltr'>Kloster</span> <span class='ocrx_word' id='word_1_55' title='bbox 963 1697 1043 1776; x_wconf 83' lang='lat' dir='ltr'>San</span> <span class='ocrx_word' id='word_1_56' title='bbox 1068 1697 1241 1798; x_wconf 81' lang='lat' dir='ltr'>Sepulcro</span> <span class='ocrx_word' id='word_1_57' title='bbox 1277 1702 1318 1775; x_wconf 81' lang='lat' dir='ltr'>iu</span> <span class='ocrx_word' id='word_1_58' title='bbox 1351 1700 1509 1776; x_wconf 78' lang='lat' dir='ltr'>Noceoti</span> <span class='ocrx_word' id='word_1_59' title='bbox 1541 1702 1638 1776; x_wconf 82' lang='lat' dir='ltr'>scine</span> <span class='ocrx_word' id='word_1_60' title='bbox 1671 1700 1919 1801; x_wconf 72' lang='lat' dir='ltr'>Ben&#39;tzanpea7</span> 
     </span>
     <span class='ocr_line' id='line_1_10' title="bbox 262 1817 1872 1919; baseline -0.004 -24"><span class='ocrx_word' id='word_1_61' title='bbox 262 1820 516 1895; x_wconf 81' lang='lat' dir='ltr'>insbesoadere</span> <span class='ocrx_word' id='word_1_62' title='bbox 542 1819 601 1893; x_wconf 85' lang='lat' dir='ltr'>die</span> <span class='ocrx_word' id='word_1_63' title='bbox 625 1820 846 1893; x_wconf 82' lang='lat' dir='ltr'>nementlicb</span> <span class='ocrx_word' id='word_1_64' title='bbox 872 1817 1146 1919; x_wconf 80' lang='lat' dir='ltr'>auspesb‘brtcn.</span> <span class='ocrx_word' id='word_1_65' title='bbox 1483 1848 1625 1907; x_wconf 73' lang='lat' dir='ltr'>Benesnr</span> <span class='ocrx_word' id='word_1_66' title='bbox 1649 1850 1730 1907; x_wconf 81' lang='lat'><em>1022</em></span> <span class='ocrx_word' id='word_1_67' title='bbox 1753 1878 1796 1886; x_wconf 86' lang='grc'>.-</span> <span class='ocrx_word' id='word_1_68' title='bbox 1820 1878 1872 1907; x_wconf 53' lang='grc'>-,</span> 
     </span>
    </p>
   </div>
   <div class='ocr_carea' id='block_1_8' title="bbox 219 2025 1804 2390">
    <p class='ocr_par' dir='ltr' id='par_1_8' title="bbox 219 2025 1804 2390">
     <span class='ocr_line' id='line_1_11' title="bbox 219 2025 1670 2103; baseline -0.001 -17"><span class='ocrx_word' id='word_1_69' title='bbox 219 2047 247 2086; x_wconf 85' lang='lat' dir='ltr'>ro</span> <span class='ocrx_word' id='word_1_70' title='bbox 375 2028 621 2103; x_wconf 63' lang='lat' dir='ltr'>Osipinaffliplom</span> <span class='ocrx_word' id='word_1_71' title='bbox 642 2028 684 2086; x_wconf 81' lang='lat' dir='ltr'>im</span> <span class='ocrx_word' id='word_1_72' title='bbox 706 2028 815 2086; x_wconf 76' lang='lat' dir='ltr'>Archiv</span> <span class='ocrx_word' id='word_1_73' title='bbox 837 2028 889 2087; x_wconf 83' lang='lat' dir='ltr'>der</span> <span class='ocrx_word' id='word_1_74' title='bbox 912 2028 995 2087; x_wconf 86' lang='lat' dir='ltr'>curia</span> <span class='ocrx_word' id='word_1_75' title='bbox 1017 2027 1152 2088; x_wconf 68' lang='lat' dir='ltr'>esame</span> <span class='ocrx_word' id='word_1_76' title='bbox 1174 2046 1209 2087; x_wconf 77' lang='lat' dir='ltr'>sn</span> <span class='ocrx_word' id='word_1_77' title='bbox 1231 2027 1331 2103; x_wconf 76' lang='lat' dir='ltr'>Borpo</span> <span class='ocrx_word' id='word_1_78' title='bbox 1354 2025 1415 2085; x_wconf 81' lang='lat' dir='ltr'>San</span> <span class='ocrx_word' id='word_1_79' title='bbox 1439 2025 1573 2101; x_wconf 77' lang='lat' dir='ltr'>Scpolrro</span> <span class='ocrx_word' id='word_1_80' title='bbox 1598 2026 1670 2094; x_wconf 74' lang='lat' dir='ltr'><strong><em>(A).</em></strong></span> 
     </span>
     <span class='ocr_line' id='line_1_12' title="bbox 370 2160 1804 2247; baseline -0.001 -17"><span class='ocrx_word' id='word_1_81' title='bbox 370 2170 542 2231; x_wconf 76' lang='lat' dir='ltr'>Mazzatiati</span> <span class='ocrx_word' id='word_1_82' title='bbox 567 2168 618 2230; x_wconf 76' lang='lat' dir='ltr'>Gli</span> <span class='ocrx_word' id='word_1_83' title='bbox 640 2170 753 2229; x_wconf 79' lang='lat' dir='ltr'>archisi</span> <span class='ocrx_word' id='word_1_84' title='bbox 774 2171 851 2229; x_wconf 81' lang='lat' dir='ltr'>della</span> <span class='ocrx_word' id='word_1_85' title='bbox 872 2171 964 2230; x_wconf 66' lang='lat' dir='ltr'>uena</span> <span class='ocrx_word' id='word_1_86' title='bbox 986 2170 1110 2231; x_wconf 67' lang='lat' dir='ltr'>altura</span> <span class='ocrx_word' id='word_1_87' title='bbox 1134 2170 1245 2237; x_wconf 76' lang='lat' dir='ltr'>(Rosea</span> <span class='ocrx_word' id='word_1_88' title='bbox 1269 2168 1299 2229; x_wconf 79' lang='lat' dir='ltr'>S.</span> <span class='ocrx_word' id='word_1_89' title='bbox 1319 2168 1458 2229; x_wconf 69' lang='lat' dir='ltr'>anenno</span> <span class='ocrx_word' id='word_1_90' title='bbox 1482 2160 1630 2247; x_wconf 56' lang='lat' dir='ltr'>laevas)</span> <span class='ocrx_word' id='word_1_91' title='bbox 1651 2171 1679 2237; x_wconf 84' lang='lat'>1,</span> <span class='ocrx_word' id='word_1_92' title='bbox 1695 2172 1738 2228; x_wconf 83' lang='lat'>88</span> <span class='ocrx_word' id='word_1_93' title='bbox 1757 2171 1804 2229; x_wconf 82' lang='lat' dir='ltr'>cit.</span> 
     </span>
     <span class='ocr_line' id='line_1_13' title="bbox 375 2313 955 2390; baseline -0.003 -17"><span class='ocrx_word' id='word_1_94' title='bbox 375 2314 436 2390; x_wconf 65' lang='lat' dir='ltr'>Vqr.</span> <span class='ocrx_word' id='word_1_95' title='bbox 456 2315 503 2373; x_wconf 83' lang='lat' dir='ltr'>die</span> <span class='ocrx_word' id='word_1_96' title='bbox 522 2313 750 2388; x_wconf 74' lang='lat' dir='ltr'>Vorbemerlnraq</span> <span class='ocrx_word' id='word_1_97' title='bbox 772 2333 806 2372; x_wconf 80' lang='lat' dir='ltr'>zu</span> <span class='ocrx_word' id='word_1_98' title='bbox 829 2313 869 2371; x_wconf 86' lang='lat' dir='ltr'>D.</span> <span class='ocrx_word' id='word_1_99' title='bbox 886 2314 955 2372; x_wconf 85' lang='grc'><strong><em>469.</em></strong></span> 
     </span>
    </p>
   </div>
   <div class='ocr_carea' id='block_1_9' title="bbox 217 2480 1921 5245">
    <p class='ocr_par' dir='ltr' id='par_1_9' title="bbox 217 2480 1921 5245">
     <span class='ocr_line' id='line_1_14' title="bbox 372 2480 1918 2571; baseline 0.001 -25"><span class='ocrx_word' id='word_1_100' title='bbox 372 2490 429 2563; x_wconf 84' lang='lat' dir='ltr'><strong>(C.)</strong></span> <span class='ocrx_word' id='word_1_101' title='bbox 454 2481 472 2571; x_wconf 59' lang='grc' dir='ltr'><strong><em>ξ</em></strong></span> <span class='ocrx_word' id='word_1_102' title='bbox 494 2482 533 2546; x_wconf 91' lang='lat' dir='ltr'>Iu</span> <span class='ocrx_word' id='word_1_103' title='bbox 556 2483 687 2546; x_wconf 90' lang='lat' dir='ltr'>nomine</span> <span class='ocrx_word' id='word_1_104' title='bbox 711 2492 823 2546; x_wconf 84' lang='lat' dir='ltr'>sancte</span> <span class='ocrx_word' id='word_1_105' title='bbox 848 2492 881 2546; x_wconf 93' lang='lat' dir='ltr'>et</span> <span class='ocrx_word' id='word_1_106' title='bbox 903 2480 1071 2546; x_wconf 88' lang='lat' dir='ltr'>individue</span> <span class='ocrx_word' id='word_1_107' title='bbox 1095 2482 1258 2546; x_wconf 84' lang='lat' dir='ltr'>trinitatis.</span> <span class='ocrx_word' id='word_1_108' title='bbox 1296 2481 1473 2545; x_wconf 89' lang='lat' dir='ltr'>Heinricus</span> <span class='ocrx_word' id='word_1_109' title='bbox 1497 2481 1549 2545; x_wconf 91' lang='lat' dir='ltr'>dei</span> <span class='ocrx_word' id='word_1_110' title='bbox 1574 2482 1680 2567; x_wconf 84' lang='lat' dir='ltr'>gratia</span> <span class='ocrx_word' id='word_1_111' title='bbox 1699 2482 1918 2547; x_wconf 85' lang='lat' dir='ltr'>Rornanorum</span> 
     </span>
     <span class='ocr_line' id='line_1_15' title="bbox 263 2591 1919 2677; baseline 0.001 -23"><span class='ocrx_word' id='word_1_112' title='bbox 263 2591 441 2677; x_wconf 83' lang='lat' dir='ltr'>imperator</span> <span class='ocrx_word' id='word_1_113' title='bbox 463 2601 630 2675; x_wconf 79' lang='lat' dir='ltr'>augustus·</span> <span class='ocrx_word' id='word_1_114' title='bbox 744 2602 904 2670; x_wconf 81' lang='lat' dir='ltr'>Imperiali⁸</span> <span class='ocrx_word' id='word_1_115' title='bbox 931 2619 981 2653; x_wconf 91' lang='lat' dir='ltr'>nos</span> <span class='ocrx_word' id='word_1_116' title='bbox 1010 2601 1208 2669; x_wconf 89' lang='lat' dir='ltr'>contemplatio</span> <span class='ocrx_word' id='word_1_117' title='bbox 1235 2609 1396 2668; x_wconf 84' lang='lat' dir='ltr'>premonet</span> <span class='ocrx_word' id='word_1_118' title='bbox 1424 2601 1473 2653; x_wconf 88' lang='lat' dir='ltr'>illa</span> <span class='ocrx_word' id='word_1_119' title='bbox 1500 2618 1609 2668; x_wconf 87' lang='lat' dir='ltr'>semper</span> <span class='ocrx_word' id='word_1_120' title='bbox 1636 2604 1808 2653; x_wconf 85' lang='lat' dir='ltr'>considerare</span> <span class='ocrx_word' id='word_1_121' title='bbox 1835 2611 1919 2669; x_wconf 87' lang='lat' dir='ltr'>atque</span> 
     </span>
     <span class='ocr_line' id='line_1_16' title="bbox 218 2705 1918 2779; baseline -0.002 -14"><span class='ocrx_word' id='word_1_122' title='bbox 218 2725 246 2765; x_wconf 76' lang='lat' dir='ltr'>re</span> <span class='ocrx_word' id='word_1_123' title='bbox 264 2713 418 2779; x_wconf 78' lang='lat' dir='ltr'>disponere,</span> <span class='ocrx_word' id='word_1_124' title='bbox 437 2705 451 2777; x_wconf 70' lang='grc' dir='ltr'><strong>Β</strong></span> <span class='ocrx_word' id='word_1_125' title='bbox 469 2728 540 2777; x_wconf 90' lang='lat' dir='ltr'>quae</span> <span class='ocrx_word' id='word_1_126' title='bbox 560 2711 594 2761; x_wconf 88' lang='lat' dir='ltr'>ad</span> <span class='ocrx_word' id='word_1_127' title='bbox 615 2718 791 2776; x_wconf 83' lang='lat' dir='ltr'>augmentum</span> <span class='ocrx_word' id='word_1_128' title='bbox 810 2710 981 2775; x_wconf 78' lang='lat' dir='ltr'>diligentiam</span> <span class='ocrx_word' id='word_1_129' title='bbox 1000 2718 1029 2760; x_wconf 88' lang='lat' dir='ltr'>et</span> <span class='ocrx_word' id='word_1_130' title='bbox 1047 2712 1275 2761; x_wconf 72' lang='lat' dir='ltr'>restaurationem</span> <span class='ocrx_word' id='word_1_131' title='bbox 1293 2708 1492 2760; x_wconf 81' lang='lat' dir='ltr'>venerabilium</span> <span class='ocrx_word' id='word_1_132' title='bbox 1514 2712 1654 2776; x_wconf 68' lang='lat' dir='ltr'>pertinet*</span> <span class='ocrx_word' id='word_1_133' title='bbox 1674 2708 1804 2770; x_wconf 88' lang='lat' dir='ltr'>locorum,</span> <span class='ocrx_word' id='word_1_134' title='bbox 1830 2727 1865 2762; x_wconf 89' lang='lat' dir='ltr'>ne</span> <span class='ocrx_word' id='word_1_135' title='bbox 1884 2711 1918 2762; x_wconf 90' lang='lat' dir='ltr'>de</span> 
     </span>
     <span class='ocr_line' id='line_1_17' title="bbox 263 2816 1919 2885; baseline -0.001 -16"><span class='ocrx_word' id='word_1_136' title='bbox 263 2820 465 2885; x_wconf 88' lang='lat' dir='ltr'>inprovidentia</span> <span class='ocrx_word' id='word_1_137' title='bbox 494 2835 600 2877; x_wconf 89' lang='lat' dir='ltr'>eorum,</span> <span class='ocrx_word' id='word_1_138' title='bbox 629 2818 729 2883; x_wconf 91' lang='lat' dir='ltr'>quibus</span> <span class='ocrx_word' id='word_1_139' title='bbox 758 2818 896 2883; x_wconf 86' lang='lat' dir='ltr'>regiminis</span> <span class='ocrx_word' id='word_1_140' title='bbox 925 2833 991 2868; x_wconf 86' lang='lat' dir='ltr'>cura</span> <span class='ocrx_word' id='word_1_141' title='bbox 1020 2819 1212 2877; x_wconf 86' lang='lat' dir='ltr'>committitur,</span> <span class='ocrx_word' id='word_1_142' title='bbox 1241 2816 1333 2883; x_wconf 85' lang='lat' dir='ltr'>aliquo</span> <span class='ocrx_word' id='word_1_143' title='bbox 1361 2817 1443 2869; x_wconf 90' lang='lat' dir='ltr'>modo</span> <span class='ocrx_word' id='word_1_144' title='bbox 1471 2816 1624 2883; x_wconf 83' lang='lat' dir='ltr'>culpabiles</span> <span class='ocrx_word' id='word_1_145' title='bbox 1652 2818 1841 2878; x_wconf 79' lang='lat' dir='ltr'>aaserihamm,</span> <span class='ocrx_word' id='word_1_146' title='bbox 1869 2818 1919 2868; x_wconf 92' lang='lat' dir='ltr'>sed</span> 
     </span>
     <span class='ocr_line' id='line_1_18' title="bbox 263 2924 1920 2992; baseline -0.001 -16"><span class='ocrx_word' id='word_1_147' title='bbox 263 2928 350 2991; x_wconf 81' lang='lat' dir='ltr'>magis</span> <span class='ocrx_word' id='word_1_148' title='bbox 375 2943 425 2992; x_wconf 90' lang='lat' dir='ltr'>pro</span> <span class='ocrx_word' id='word_1_149' title='bbox 451 2927 627 2992; x_wconf 84' lang='lat' dir='ltr'>susceptione</span> <span class='ocrx_word' id='word_1_150' title='bbox 652 2926 765 2991; x_wconf 89' lang='lat' dir='ltr'>inopum</span> <span class='ocrx_word' id='word_1_151' title='bbox 790 2932 817 2975; x_wconf 90' lang='lat' dir='ltr'>et</span> <span class='ocrx_word' id='word_1_152' title='bbox 843 2925 1049 2991; x_wconf 81' lang='lat' dir='ltr'>peregrinorum</span> <span class='ocrx_word' id='word_1_153' title='bbox 1076 2931 1104 2975; x_wconf 90' lang='lat' dir='ltr'>et</span> <span class='ocrx_word' id='word_1_154' title='bbox 1129 2926 1303 2990; x_wconf 75' lang='lat' dir='ltr'>congregatis</span> <span class='ocrx_word' id='word_1_155' title='bbox 1330 2926 1359 2974; x_wconf 93' lang='lat' dir='ltr'>in</span> <span class='ocrx_word' id='word_1_156' title='bbox 1386 2924 1486 2976; x_wconf 83' lang='lat' dir='ltr'>Christi</span> <span class='ocrx_word' id='word_1_157' title='bbox 1514 2924 1640 2976; x_wconf 88' lang='lat' dir='ltr'>laudibus</span> <span class='ocrx_word' id='word_1_158' title='bbox 1667 2942 1771 2977; x_wconf 86' lang='lat' dir='ltr'>merces</span> <span class='ocrx_word' id='word_1_159' title='bbox 1796 2927 1876 2975; x_wconf 87' lang='lat' dir='ltr'>nobis</span> <span class='ocrx_word' id='word_1_160' title='bbox 1902 2941 1920 2975; x_wconf 90' lang='lat' dir='ltr'>a</span> 
     </span>
     <span class='ocr_line' id='line_1_19' title="bbox 263 3031 1919 3099; baseline 0 -16"><span class='ocrx_word' id='word_1_161' title='bbox 263 3033 375 3083; x_wconf 88' lang='lat' dir='ltr'>domino</span> <span class='ocrx_word' id='word_1_162' title='bbox 401 3034 546 3092; x_wconf 86' lang='lat' dir='ltr'>tribuatur,</span> <span class='ocrx_word' id='word_1_163' title='bbox 572 3050 589 3083; x_wconf 94' lang='lat' dir='ltr'>a</span> <span class='ocrx_word' id='word_1_164' title='bbox 615 3048 669 3097; x_wconf 89' lang='lat' dir='ltr'>quo</span> <span class='ocrx_word' id='word_1_165' title='bbox 696 3040 789 3083; x_wconf 90' lang='lat' dir='ltr'>noster</span> <span class='ocrx_word' id='word_1_166' title='bbox 813 3032 902 3082; x_wconf 89' lang='lat' dir='ltr'>honor</span> <span class='ocrx_word' id='word_1_167' title='bbox 927 3033 1052 3098; x_wconf 84' lang='lat' dir='ltr'>procedit</span> <span class='ocrx_word' id='word_1_168' title='bbox 1078 3040 1105 3082; x_wconf 93' lang='lat' dir='ltr'>et</span> <span class='ocrx_word' id='word_1_169' title='bbox 1129 3034 1215 3098; x_wconf 77' lang='lat' dir='ltr'>gratis</span> <span class='ocrx_word' id='word_1_170' title='bbox 1234 3031 1406 3083; x_wconf 89' lang='lat' dir='ltr'>sublimatur.</span> <span class='ocrx_word' id='word_1_171' title='bbox 1443 3033 1563 3083; x_wconf 88' lang='lat' dir='ltr'>Proinde</span> <span class='ocrx_word' id='word_1_172' title='bbox 1583 3035 1734 3099; x_wconf 87' lang='lat' dir='ltr'>comperiat</span> <span class='ocrx_word' id='word_1_173' title='bbox 1753 3034 1919 3083; x_wconf 80' lang='lat' dir='ltr'>universitas</span> 
     </span>
     <span class='ocr_line' id='line_1_20' title="bbox 262 3136 1920 3206; baseline -0.001 -15"><span class='ocrx_word' id='word_1_174' title='bbox 262 3138 383 3191; x_wconf 83' lang='lat' dir='ltr'>fidelium</span> <span class='ocrx_word' id='word_1_175' title='bbox 402 3136 537 3190; x_wconf 84' lang='lat' dir='ltr'>sunctaeb</span> <span class='ocrx_word' id='word_1_176' title='bbox 556 3141 600 3190; x_wconf 89' lang='lat' dir='ltr'>dei</span> <span class='ocrx_word' id='word_1_177' title='bbox 620 3139 754 3190; x_wconf 86' lang='lat' dir='ltr'>ecciesiae</span> <span class='ocrx_word' id='word_1_178' title='bbox 774 3142 941 3206; x_wconf 87' lang='lat' dir='ltr'>presentium</span> <span class='ocrx_word' id='word_1_179' title='bbox 960 3145 988 3190; x_wconf 90' lang='lat' dir='ltr'>et</span> <span class='ocrx_word' id='word_1_180' title='bbox 1005 3140 1170 3199; x_wconf 87' lang='lat' dir='ltr'>futurorum,</span> <span class='ocrx_word' id='word_1_181' title='bbox 1196 3140 1270 3204; x_wconf 88' lang='lat' dir='ltr'>quod</span> <span class='ocrx_word' id='word_1_182' title='bbox 1288 3141 1454 3191; x_wconf 88' lang='lat' dir='ltr'>monasterio</span> <span class='ocrx_word' id='word_1_183' title='bbox 1474 3158 1491 3189; x_wconf 87' lang='lat' dir='ltr'>a</span> <span class='ocrx_word' id='word_1_184' title='bbox 1509 3136 1589 3190; x_wconf 90' lang='lat' dir='ltr'>nobis</span> <span class='ocrx_word' id='word_1_185' title='bbox 1608 3141 1745 3204; x_wconf 89' lang='lat' dir='ltr'>adquisito</span> <span class='ocrx_word' id='word_1_186' title='bbox 1765 3145 1792 3190; x_wconf 90' lang='lat' dir='ltr'>et</span> <span class='ocrx_word' id='word_1_187' title='bbox 1812 3140 1920 3191; x_wconf 88' lang='lat' dir='ltr'>noviter</span> 
     </span>
     <span class='ocr_line' id='line_1_21' title="bbox 217 3245 1918 3313; baseline -0.001 -13"><span class='ocrx_word' id='word_1_188' title='bbox 217 3260 246 3300; x_wconf 71' lang='grc' dir='ltr'><strong><em>ω</em></strong></span> <span class='ocrx_word' id='word_1_189' title='bbox 264 3247 409 3298; x_wconf 83' lang='lat' dir='ltr'>edificato⁰</span> <span class='ocrx_word' id='word_1_190' title='bbox 431 3249 459 3297; x_wconf 94' lang='lat' dir='ltr'>in</span> <span class='ocrx_word' id='word_1_191' title='bbox 480 3246 540 3297; x_wconf 92' lang='lat' dir='ltr'>loco</span> <span class='ocrx_word' id='word_1_192' title='bbox 560 3249 607 3313; x_wconf 91' lang='lat' dir='ltr'>qui</span> <span class='ocrx_word' id='word_1_193' title='bbox 628 3248 729 3298; x_wconf 91' lang='lat' dir='ltr'>dicitur</span> <span class='ocrx_word' id='word_1_194' title='bbox 747 3248 863 3297; x_wconf 86' lang='lat' dir='ltr'>Noceati</span> <span class='ocrx_word' id='word_1_195' title='bbox 891 3262 923 3296; x_wconf 88' lang='lat' dir='ltr'>ac</span> <span class='ocrx_word' id='word_1_196' title='bbox 949 3246 1076 3297; x_wconf 87' lang='lat' dir='ltr'>dedicato</span> <span class='ocrx_word' id='word_1_197' title='bbox 1098 3248 1126 3296; x_wconf 91' lang='lat' dir='ltr'>in</span> <span class='ocrx_word' id='word_1_198' title='bbox 1148 3248 1251 3298; x_wconf 86' lang='lat' dir='ltr'>honore</span> <span class='ocrx_word' id='word_1_199' title='bbox 1270 3249 1358 3297; x_wconf 88' lang='lat' dir='ltr'>sancti</span> <span class='ocrx_word' id='word_1_200' title='bbox 1377 3245 1516 3312; x_wconf 86' lang='lat' dir='ltr'>sepulchri</span> <span class='ocrx_word' id='word_1_201' title='bbox 1536 3247 1639 3296; x_wconf 91' lang='lat' dir='ltr'>domini</span> <span class='ocrx_word' id='word_1_202' title='bbox 1658 3249 1744 3298; x_wconf 87' lang='lat' dir='ltr'>nostri</span> <span class='ocrx_word' id='word_1_203' title='bbox 1764 3246 1918 3309; x_wconf 83' lang='lat' dir='ltr'>salvatoris,</span> 
     </span>
     <span class='ocr_line' id='line_1_22' title="bbox 263 3352 1920 3420; baseline 0.001 -16"><span class='ocrx_word' id='word_1_204' title='bbox 263 3380 298 3390; x_wconf 90' lang='lat'><em>-</em></span> <span class='ocrx_word' id='word_1_205' title='bbox 318 3356 365 3404; x_wconf 87' lang='lat' dir='ltr'>ubi</span> <span class='ocrx_word' id='word_1_206' title='bbox 384 3361 543 3420; x_wconf 85' lang='lat' dir='ltr'>prestantur</span> <span class='ocrx_word' id='word_1_207' title='bbox 561 3352 649 3405; x_wconf 88' lang='lat' dir='ltr'>multa</span> <span class='ocrx_word' id='word_1_208' title='bbox 667 3354 801 3405; x_wconf 82' lang='lat' dir='ltr'>beneficia</span> <span class='ocrx_word' id='word_1_209' title='bbox 825 3354 938 3405; x_wconf 85' lang='lat' dir='ltr'>infirmis</span> <span class='ocrx_word' id='word_1_210' title='bbox 966 3362 993 3404; x_wconf 87' lang='lat' dir='ltr'>et</span> <span class='ocrx_word' id='word_1_211' title='bbox 1017 3354 1087 3405; x_wconf 86' lang='lat' dir='ltr'>fiunt</span> <span class='ocrx_word' id='word_1_212' title='bbox 1112 3353 1249 3405; x_wconf 85' lang='lat' dir='ltr'>mirabilia</span> <span class='ocrx_word' id='word_1_213' title='bbox 1274 3355 1370 3407; x_wconf 88' lang='lat' dir='ltr'>crebra</span> <span class='ocrx_word' id='word_1_214' title='bbox 1396 3356 1431 3405; x_wconf 86' lang='lat' dir='ltr'>ad</span> <span class='ocrx_word' id='word_1_215' title='bbox 1457 3352 1566 3405; x_wconf 88' lang='lat' dir='ltr'>laudem</span> <span class='ocrx_word' id='word_1_216' title='bbox 1592 3361 1620 3404; x_wconf 89' lang='lat' dir='ltr'>et</span> <span class='ocrx_word' id='word_1_217' title='bbox 1644 3356 1775 3406; x_wconf 87' lang='lat' dir='ltr'>honorem</span> <span class='ocrx_word' id='word_1_218' title='bbox 1800 3357 1920 3407; x_wconf 90' lang='lat' dir='ltr'>nominis</span> 
     </span>
     <span class='ocr_line' id='line_1_23' title="bbox 263 3460 1918 3528; baseline 0.001 -15"><span class='ocrx_word' id='word_1_219' title='bbox 263 3464 324 3513; x_wconf 87' lang='lat' dir='ltr'>eius</span> <span class='ocrx_word' id='word_1_220' title='bbox 349 3463 500 3513; x_wconf 87' lang='lat' dir='ltr'>secundum</span> <span class='ocrx_word' id='word_1_221' title='bbox 527 3463 697 3527; x_wconf 86' lang='lat' dir='ltr'>prophetiam</span> <span class='ocrx_word' id='word_1_222' title='bbox 724 3460 799 3511; x_wconf 82' lang='lat' dir='ltr'>illam</span> <span class='ocrx_word' id='word_1_223' title='bbox 825 3476 897 3525; x_wconf 83' lang='lat' dir='ltr'>quac</span> <span class='ocrx_word' id='word_1_224' title='bbox 923 3462 1001 3513; x_wconf 86' lang='lat' dir='ltr'>dicit:</span> <span class='ocrx_word' id='word_1_225' title='bbox 1028 3460 1066 3511; x_wconf 88' lang='lat' dir='ltr'>‘et</span> <span class='ocrx_word' id='word_1_226' title='bbox 1092 3463 1143 3512; x_wconf 87' lang='lat' dir='ltr'>erit</span> <span class='ocrx_word' id='word_1_227' title='bbox 1167 3460 1343 3528; x_wconf 82' lang='lat' dir='ltr'>sepulchrum</span> <span class='ocrx_word' id='word_1_228' title='bbox 1370 3463 1429 3513; x_wconf 87' lang='lat' dir='ltr'>eius</span> <span class='ocrx_word' id='word_1_229' title='bbox 1452 3461 1612 3527; x_wconf 78' lang='lat' dir='ltr'>gloriosum&#39;</span> <span class='ocrx_word' id='word_1_230' title='bbox 1635 3487 1664 3496; x_wconf 85' lang='lat'><em>-</em></span> <span class='ocrx_word' id='word_1_231' title='bbox 1686 3464 1864 3515; x_wconf 84' lang='lat' dir='ltr'>concedimus</span> <span class='ocrx_word' id='word_1_232' title='bbox 1883 3464 1918 3514; x_wconf 91' lang='lat' dir='ltr'>ob</span> 
     </span>
     <span class='ocr_line' id='line_1_24' title="bbox 263 3555 1918 3642; baseline 0.001 -22"><span class='ocrx_word' id='word_1_233' title='bbox 263 3576 374 3621; x_wconf 81' lang='lat' dir='ltr'>nostrae</span> <span class='ocrx_word' id='word_1_234' title='bbox 394 3570 483 3621; x_wconf 81' lang='lat' dir='ltr'>anime</span> <span class='ocrx_word' id='word_1_235' title='bbox 503 3568 619 3619; x_wconf 70' lang='lat' dir='ltr'>saluum</span> <span class='ocrx_word' id='word_1_236' title='bbox 639 3576 668 3619; x_wconf 78' lang='lat' dir='ltr'>et</span> <span class='ocrx_word' id='word_1_237' title='bbox 686 3568 877 3620; x_wconf 75' lang='lat' dir='ltr'>confirmamus</span> <span class='ocrx_word' id='word_1_238' title='bbox 897 3566 1019 3619; x_wconf 89' lang='lat' dir='ltr'>cortem</span> <span class='ocrx_word' id='word_1_239' title='bbox 1042 3566 1075 3619; x_wconf 90' lang='lat' dir='ltr'>et</span> <span class='ocrx_word' id='word_1_240' title='bbox 1098 3567 1217 3619; x_wconf 85' lang='lat' dir='ltr'>terram</span> <span class='ocrx_word' id='word_1_241' title='bbox 1243 3555 1284 3619; x_wconf 91' lang='lat' dir='ltr'>de</span> <span class='ocrx_word' id='word_1_242' title='bbox 1302 3555 1448 3635; x_wconf 84' lang='lat' dir='ltr'>Farnito,</span> <span class='ocrx_word' id='word_1_243' title='bbox 1473 3557 1527 3640; x_wconf 93' lang='lat' dir='ltr'>qui</span> <span class='ocrx_word' id='word_1_244' title='bbox 1552 3568 1601 3620; x_wconf 89' lang='lat' dir='ltr'>est</span> <span class='ocrx_word' id='word_1_245' title='bbox 1624 3557 1731 3642; x_wconf 89' lang='lat' dir='ltr'>posita</span> <span class='ocrx_word' id='word_1_246' title='bbox 1754 3558 1787 3620; x_wconf 92' lang='lat' dir='ltr'>in</span> <span class='ocrx_word' id='word_1_247' title='bbox 1811 3557 1918 3621; x_wconf 90' lang='lat' dir='ltr'>casale</span> 
     </span>
     <span class='ocr_line' id='line_1_25' title="bbox 263 3660 1918 3749; baseline 0.002 -23"><span class='ocrx_word' id='word_1_248' title='bbox 263 3661 437 3749; x_wconf 64' lang='lat' dir='ltr'>Figlinae,</span> <span class='ocrx_word' id='word_1_249' title='bbox 468 3684 542 3727; x_wconf 89' lang='lat' dir='ltr'>cum</span> <span class='ocrx_word' id='word_1_250' title='bbox 573 3661 714 3727; x_wconf 89' lang='lat' dir='ltr'>ecclesia</span> <span class='ocrx_word' id='word_1_251' title='bbox 743 3663 849 3727; x_wconf 88' lang='lat' dir='ltr'>sancti</span> <span class='ocrx_word' id='word_1_252' title='bbox 871 3661 1014 3743; x_wconf 84' lang='lat' dir='ltr'>Martini,</span> <span class='ocrx_word' id='word_1_253' title='bbox 1046 3663 1103 3747; x_wconf 91' lang='lat' dir='ltr'>qui</span> <span class='ocrx_word' id='word_1_254' title='bbox 1132 3674 1181 3725; x_wconf 90' lang='lat' dir='ltr'>est</span> <span class='ocrx_word' id='word_1_255' title='bbox 1207 3663 1314 3747; x_wconf 86' lang='lat' dir='ltr'>posita</span> <span class='ocrx_word' id='word_1_256' title='bbox 1343 3662 1428 3726; x_wconf 84' lang='lat' dir='ltr'>infra</span> <span class='ocrx_word' id='word_1_257' title='bbox 1451 3660 1547 3726; x_wconf 90' lang='lat' dir='ltr'>blebe</span> <span class='ocrx_word' id='word_1_258' title='bbox 1572 3664 1677 3727; x_wconf 87' lang='lat' dir='ltr'>sancti</span> <span class='ocrx_word' id='word_1_259' title='bbox 1698 3662 1834 3745; x_wconf 81' lang='lat' dir='ltr'>Antimi,</span> <span class='ocrx_word' id='word_1_260' title='bbox 1865 3663 1918 3729; x_wconf 89' lang='lat' dir='ltr'>vel</span> 
     </span>
     <span class='ocr_line' id='line_1_26' title="bbox 218 3768 1918 3855; baseline 0.001 -21"><span class='ocrx_word' id='word_1_261' title='bbox 218 3801 246 3842; x_wconf 63' lang='lat' dir='ltr'>,s</span> <span class='ocrx_word' id='word_1_262' title='bbox 263 3770 298 3834; x_wconf 90' lang='lat' dir='ltr'>iu</span> <span class='ocrx_word' id='word_1_263' title='bbox 328 3768 400 3834; x_wconf 85' lang='lat' dir='ltr'>aliis</span> <span class='ocrx_word' id='word_1_264' title='bbox 426 3768 506 3834; x_wconf 90' lang='lat' dir='ltr'>locis</span> <span class='ocrx_word' id='word_1_265' title='bbox 538 3792 612 3833; x_wconf 91' lang='lat' dir='ltr'>cum</span> <span class='ocrx_word' id='word_1_266' title='bbox 641 3770 819 3855; x_wconf 88' lang='lat' dir='ltr'>parietinas</span> <span class='ocrx_word' id='word_1_267' title='bbox 850 3770 1011 3855; x_wconf 88' lang='lat' dir='ltr'>antiquas,</span> <span class='ocrx_word' id='word_1_268' title='bbox 1042 3770 1126 3833; x_wconf 89' lang='lat' dir='ltr'>sicut</span> <span class='ocrx_word' id='word_1_269' title='bbox 1150 3770 1220 3833; x_wconf 87' lang='lat' dir='ltr'>eius</span> <span class='ocrx_word' id='word_1_270' title='bbox 1243 3770 1312 3833; x_wconf 90' lang='lat' dir='ltr'>iure</span> <span class='ocrx_word' id='word_1_271' title='bbox 1337 3791 1409 3831; x_wconf 90' lang='lat' dir='ltr'>esse</span> <span class='ocrx_word' id='word_1_272' title='bbox 1440 3768 1651 3853; x_wconf 83' lang='lat' dir='ltr'>dignoscitur,</span> <span class='ocrx_word' id='word_1_273' title='bbox 1683 3782 1716 3833; x_wconf 90' lang='lat' dir='ltr'>ct</span> <span class='ocrx_word' id='word_1_274' title='bbox 1745 3769 1918 3839; x_wconf 89' lang='lat' dir='ltr'>ecclesiam</span> 
     </span>
     <span class='ocr_line' id='line_1_27' title="bbox 263 3873 1917 3962; baseline 0.001 -22"><span class='ocrx_word' id='word_1_275' title='bbox 263 3877 369 3940; x_wconf 89' lang='lat' dir='ltr'>sancti</span> <span class='ocrx_word' id='word_1_276' title='bbox 392 3874 557 3958; x_wconf 79' lang='lat' dir='ltr'>Oesuonii,</span> <span class='ocrx_word' id='word_1_277' title='bbox 582 3877 638 3962; x_wconf 93' lang='lat' dir='ltr'>qui</span> <span class='ocrx_word' id='word_1_278' title='bbox 661 3888 711 3940; x_wconf 88' lang='lat' dir='ltr'>eet</span> <span class='ocrx_word' id='word_1_279' title='bbox 733 3876 819 3940; x_wconf 89' lang='lat' dir='ltr'>infra</span> <span class='ocrx_word' id='word_1_280' title='bbox 841 3874 939 3940; x_wconf 91' lang='lat' dir='ltr'>blebe</span> <span class='ocrx_word' id='word_1_281' title='bbox 963 3876 1066 3939; x_wconf 88' lang='lat' dir='ltr'>sancti</span> <span class='ocrx_word' id='word_1_282' title='bbox 1089 3876 1179 3939; x_wconf 89' lang='lat' dir='ltr'>Petri</span> <span class='ocrx_word' id='word_1_283' title='bbox 1204 3876 1299 3939; x_wconf 85' lang='lat' dir='ltr'>sitam</span> <span class='ocrx_word' id='word_1_284' title='bbox 1322 3877 1355 3938; x_wconf 93' lang='lat' dir='ltr'>in</span> <span class='ocrx_word' id='word_1_285' title='bbox 1380 3873 1517 3953; x_wconf 85' lang='lat' dir='ltr'>Ciliano,</span> <span class='ocrx_word' id='word_1_286' title='bbox 1549 3899 1622 3940; x_wconf 89' lang='lat' dir='ltr'>cum</span> <span class='ocrx_word' id='word_1_287' title='bbox 1647 3878 1756 3941; x_wconf 86' lang='lat' dir='ltr'>omnia</span> <span class='ocrx_word' id='word_1_288' title='bbox 1780 3877 1822 3941; x_wconf 89' lang='lat' dir='ltr'>ad</span> <span class='ocrx_word' id='word_1_289' title='bbox 1845 3899 1917 3942; x_wconf 91' lang='lat' dir='ltr'>eam</span> 
     </span>
     <span class='ocr_line' id='line_1_28' title="bbox 263 3982 1919 4069; baseline 0.002 -22"><span class='ocrx_word' id='word_1_290' title='bbox 263 3982 460 4069; x_wconf 78' lang='lat' dir='ltr'>generaliter</span> <span class='ocrx_word' id='word_1_291' title='bbox 482 3985 696 4069; x_wconf 52' lang='lat' dir='ltr'>pertinentem</span> <span class='ocrx_word' id='word_1_292' title='bbox 721 4000 802 4049; x_wconf 82' lang='lat' dir='ltr'>rebus</span> <span class='ocrx_word' id='word_1_293' title='bbox 829 4013 894 4048; x_wconf 88' lang='lat' dir='ltr'>vero</span> <span class='ocrx_word' id='word_1_294' title='bbox 920 4003 948 4047; x_wconf 89' lang='lat' dir='ltr'>et</span> <span class='ocrx_word' id='word_1_295' title='bbox 973 3997 1193 4063; x_wconf 84' lang='lat' dir='ltr'>possessionibus</span> <span class='ocrx_word' id='word_1_296' title='bbox 1219 3998 1298 4049; x_wconf 85' lang='lat' dir='ltr'>terris</span> <span class='ocrx_word' id='word_1_297' title='bbox 1324 3998 1412 4047; x_wconf 66' lang='lat' dir='ltr'>uineis</span> <span class='ocrx_word' id='word_1_298' title='bbox 1438 3999 1542 4063; x_wconf 87' lang='lat' dir='ltr'>campis</span> <span class='ocrx_word' id='word_1_299' title='bbox 1567 3999 1653 4063; x_wconf 87' lang='lat' dir='ltr'>pratis</span> <span class='ocrx_word' id='word_1_300' title='bbox 1679 3999 1785 4063; x_wconf 69' lang='lat' dir='ltr'>pratis*</span> <span class='ocrx_word' id='word_1_301' title='bbox 1810 4002 1919 4064; x_wconf 83' lang='lat' dir='ltr'>pascuis</span> 
     </span>
     <span class='ocr_line' id='line_1_29' title="bbox 263 4102 1918 4173; baseline 0.001 -18"><span class='ocrx_word' id='word_1_302' title='bbox 263 4104 341 4155; x_wconf 83' lang='lat' dir='ltr'>silvis</span> <span class='ocrx_word' id='word_1_303' title='bbox 361 4105 505 4155; x_wconf 88' lang='lat' dir='ltr'>arboribus</span> <span class='ocrx_word' id='word_1_304' title='bbox 522 4105 671 4155; x_wconf 76' lang='lat' dir='ltr'>fructiferis</span> <span class='ocrx_word' id='word_1_305' title='bbox 690 4104 734 4155; x_wconf 84' lang='lat' dir='ltr'>vel</span> <span class='ocrx_word' id='word_1_306' title='bbox 754 4105 931 4155; x_wconf 75' lang='lat' dir='ltr'>infructiferis</span> <span class='ocrx_word' id='word_1_307' title='bbox 951 4106 1029 4155; x_wconf 88' lang='lat' dir='ltr'>terris</span> <span class='ocrx_word' id='word_1_308' title='bbox 1050 4103 1131 4155; x_wconf 87' lang='lat' dir='ltr'>cultis</span> <span class='ocrx_word' id='word_1_309' title='bbox 1158 4112 1186 4155; x_wconf 92' lang='lat' dir='ltr'>et</span> <span class='ocrx_word' id='word_1_310' title='bbox 1213 4102 1325 4154; x_wconf 87' lang='lat' dir='ltr'>incultis</span> <span class='ocrx_word' id='word_1_311' title='bbox 1351 4105 1430 4168; x_wconf 90' lang='lat' dir='ltr'>aquis</span> <span class='ocrx_word' id='word_1_312' title='bbox 1456 4120 1644 4173; x_wconf 86' lang='lat' dir='ltr'>aquarumque</span> <span class='ocrx_word' id='word_1_313' title='bbox 1671 4105 1832 4155; x_wconf 90' lang='lat' dir='ltr'>decursibus</span> <span class='ocrx_word' id='word_1_314' title='bbox 1857 4123 1918 4158; x_wconf 87' lang='lat' dir='ltr'>orn·</span> 
     </span>
     <span class='ocr_line' id='line_1_30' title="bbox 264 4195 1917 4283; baseline 0.001 -19"><span class='ocrx_word' id='word_1_315' title='bbox 264 4214 342 4264; x_wconf 83' lang='lat' dir='ltr'>teriia</span> <span class='ocrx_word' id='word_1_316' title='bbox 360 4213 486 4264; x_wconf 88' lang='lat' dir='ltr'>domibus</span> <span class='ocrx_word' id='word_1_317' title='bbox 504 4213 620 4263; x_wconf 87' lang='lat' dir='ltr'>edificiis</span> <span class='ocrx_word' id='word_1_318' title='bbox 637 4221 667 4264; x_wconf 88' lang='lat' dir='ltr'>et</span> <span class='ocrx_word' id='word_1_319' title='bbox 685 4213 812 4264; x_wconf 88' lang='lat' dir='ltr'>omnibus</span> <span class='ocrx_word' id='word_1_320' title='bbox 831 4213 867 4263; x_wconf 88' lang='lat' dir='ltr'>ad</span> <span class='ocrx_word' id='word_1_321' title='bbox 885 4212 957 4263; x_wconf 91' lang='lat' dir='ltr'>idem</span> <span class='ocrx_word' id='word_1_322' title='bbox 982 4210 1104 4263; x_wconf 79' lang='lat' dir='ltr'>cortem</span> <span class='ocrx_word' id='word_1_323' title='bbox 1128 4208 1160 4262; x_wconf 79' lang='lat' dir='ltr'>et</span> <span class='ocrx_word' id='word_1_324' title='bbox 1183 4195 1331 4262; x_wconf 78' lang='lat' dir='ltr'>eeclesiis</span> <span class='ocrx_word' id='word_1_325' title='bbox 1355 4207 1405 4261; x_wconf 80' lang='lat' dir='ltr'>esi</span> <span class='ocrx_word' id='word_1_326' title='bbox 1427 4212 1607 4276; x_wconf 85' lang='lat' dir='ltr'>pertinentes</span> <span class='ocrx_word' id='word_1_327' title='bbox 1624 4214 1664 4262; x_wconf 89' lang='lat' dir='ltr'>ita</span> <span class='ocrx_word' id='word_1_328' title='bbox 1682 4219 1774 4283; x_wconf 69' lang='lat' dir='ltr'>nostre</span> <span class='ocrx_word' id='word_1_329' title='bbox 1793 4214 1917 4266; x_wconf 84' lang='lat' dir='ltr'>modera-</span> 
     </span>
     <span class='ocr_line' id='line_1_31' title="bbox 217 4303 1920 4385; baseline 0.002 -16"><span class='ocrx_word' id='word_1_330' title='bbox 217 4336 246 4377; x_wconf 70' lang='grc' dir='ltr'><strong><em>ω</em></strong></span> <span class='ocrx_word' id='word_1_331' title='bbox 263 4321 349 4371; x_wconf 89' lang='lat' dir='ltr'>tionis</span> <span class='ocrx_word' id='word_1_332' title='bbox 370 4322 517 4373; x_wconf 84' lang='lat' dir='ltr'>statuimus</span> <span class='ocrx_word' id='word_1_333' title='bbox 539 4321 688 4380; x_wconf 88' lang='lat' dir='ltr'>decretum,</span> <span class='ocrx_word' id='word_1_334' title='bbox 714 4327 745 4371; x_wconf 89' lang='lat' dir='ltr'>ut</span> <span class='ocrx_word' id='word_1_335' title='bbox 769 4320 896 4370; x_wconf 87' lang='lat' dir='ltr'>ammodo</span> <span class='ocrx_word' id='word_1_336' title='bbox 921 4322 1034 4371; x_wconf 82' lang='lat' dir='ltr'>inantea</span> <span class='ocrx_word' id='word_1_337' title='bbox 1059 4318 1141 4369; x_wconf 87' lang='lat' dir='ltr'>liceat</span> <span class='ocrx_word' id='word_1_338' title='bbox 1166 4318 1254 4384; x_wconf 87' lang='lat' dir='ltr'>ipsius</span> <span class='ocrx_word' id='word_1_339' title='bbox 1280 4319 1439 4369; x_wconf 88' lang='lat' dir='ltr'>monasterii</span> <span class='ocrx_word' id='word_1_340' title='bbox 1460 4303 1633 4369; x_wconf 66' lang='lat' dir='ltr'>abbatemd</span> <span class='ocrx_word' id='word_1_341' title='bbox 1657 4322 1920 4385; x_wconf 77' lang='lat' dir='ltr'>congregationibus</span> 
     </span>
     <span class='ocr_line' id='line_1_32' title="bbox 264 4423 1919 4494; baseline 0.001 -16"><span class='ocrx_word' id='word_1_342' title='bbox 264 4444 314 4493; x_wconf 86' lang='lat' dir='ltr'>per</span> <span class='ocrx_word' id='word_1_343' title='bbox 332 4444 412 4479; x_wconf 86' lang='lat' dir='ltr'>omne</span> <span class='ocrx_word' id='word_1_344' title='bbox 430 4434 538 4494; x_wconf 85' lang='lat' dir='ltr'>tempus</span> <span class='ocrx_word' id='word_1_345' title='bbox 556 4433 651 4480; x_wconf 81' lang='lat' dir='ltr'>nostra</span> <span class='ocrx_word' id='word_1_346' title='bbox 669 4434 697 4478; x_wconf 92' lang='lat' dir='ltr'>et</span> <span class='ocrx_word' id='word_1_347' title='bbox 713 4442 905 4479; x_wconf 83' lang='lat' dir='ltr'>successorum</span> <span class='ocrx_word' id='word_1_348' title='bbox 923 4433 1078 4478; x_wconf 67' lang='lat' dir='ltr'>neruorum</span> <span class='ocrx_word' id='word_1_349' title='bbox 1097 4428 1310 4492; x_wconf 82' lang='lat' dir='ltr'>imperatorum⁰</span> <span class='ocrx_word' id='word_1_350' title='bbox 1329 4439 1346 4470; x_wconf 70' lang='lat' dir='ltr'>s</span> <span class='ocrx_word' id='word_1_351' title='bbox 1366 4441 1463 4477; x_wconf 84' lang='lat' dir='ltr'>secure</span> <span class='ocrx_word' id='word_1_352' title='bbox 1488 4423 1611 4493; x_wconf 83' lang='lat' dir='ltr'>tenere,</span> <span class='ocrx_word' id='word_1_353' title='bbox 1640 4428 1732 4490; x_wconf 89' lang='lat' dir='ltr'>quiete</span> <span class='ocrx_word' id='word_1_354' title='bbox 1752 4445 1784 4478; x_wconf 88' lang='lat' dir='ltr'>ac</span> <span class='ocrx_word' id='word_1_355' title='bbox 1803 4428 1919 4494; x_wconf 86' lang='lat' dir='ltr'>pacifice</span> 
     </span>
     <span class='ocr_line' id='line_1_33' title="bbox 262 4532 1919 4601; baseline 0 -14"><span class='ocrx_word' id='word_1_356' title='bbox 262 4537 357 4587; x_wconf 76' lang='lat' dir='ltr'>vivere</span> <span class='ocrx_word' id='word_1_357' title='bbox 384 4543 411 4587; x_wconf 89' lang='lat' dir='ltr'>et</span> <span class='ocrx_word' id='word_1_358' title='bbox 436 4536 489 4587; x_wconf 88' lang='lat' dir='ltr'>deo</span> <span class='ocrx_word' id='word_1_359' title='bbox 515 4536 627 4593; x_wconf 76' lang='lat' dir='ltr'>sarrire,</span> <span class='ocrx_word' id='word_1_360' title='bbox 653 4536 773 4586; x_wconf 89' lang='lat' dir='ltr'>omnium</span> <span class='ocrx_word' id='word_1_361' title='bbox 799 4550 976 4599; x_wconf 86' lang='lat' dir='ltr'>personarum</span> <span class='ocrx_word' id='word_1_362' title='bbox 1000 4535 1111 4585; x_wconf 87' lang='lat' dir='ltr'>remotis</span> <span class='ocrx_word' id='word_1_363' title='bbox 1134 4532 1285 4585; x_wconf 88' lang='lat' dir='ltr'>obstaculis</span> <span class='ocrx_word' id='word_1_364' title='bbox 1303 4534 1567 4585; x_wconf 85' lang='lat' dir='ltr'>contradictionibus</span> <span class='ocrx_word' id='word_1_365' title='bbox 1586 4540 1615 4583; x_wconf 90' lang='lat' dir='ltr'>et</span> <span class='ocrx_word' id='word_1_366' title='bbox 1632 4535 1843 4600; x_wconf 85' lang='lat' dir='ltr'>impedimentis,</span> <span class='ocrx_word' id='word_1_367' title='bbox 1868 4552 1919 4601; x_wconf 87' lang='lat' dir='ltr'>pro</span> 
     </span>
     <span class='ocr_line' id='line_1_34' title="bbox 266 4639 1918 4708; baseline -0.001 -15"><span class='ocrx_word' id='word_1_368' title='bbox 266 4641 348 4694; x_wconf 88' lang='lat' dir='ltr'>laude</span> <span class='ocrx_word' id='word_1_369' title='bbox 365 4649 393 4693; x_wconf 90' lang='lat' dir='ltr'>et</span> <span class='ocrx_word' id='word_1_370' title='bbox 409 4644 544 4706; x_wconf 88' lang='lat' dir='ltr'>obsequio</span> <span class='ocrx_word' id='word_1_371' title='bbox 561 4643 664 4693; x_wconf 89' lang='lat' dir='ltr'>domini</span> <span class='ocrx_word' id='word_1_372' title='bbox 681 4641 827 4692; x_wconf 75' lang='lat' dir='ltr'>salvatoris</span> <span class='ocrx_word' id='word_1_373' title='bbox 847 4648 874 4691; x_wconf 89' lang='lat' dir='ltr'>et</span> <span class='ocrx_word' id='word_1_374' title='bbox 892 4642 1109 4706; x_wconf 81' lang='lat' dir='ltr'>subsceptione⁸</span> <span class='ocrx_word' id='word_1_375' title='bbox 1127 4642 1240 4706; x_wconf 89' lang='lat' dir='ltr'>inopum</span> <span class='ocrx_word' id='word_1_376' title='bbox 1260 4646 1287 4691; x_wconf 91' lang='lat' dir='ltr'>et</span> <span class='ocrx_word' id='word_1_377' title='bbox 1306 4643 1520 4707; x_wconf 75' lang='lat' dir='ltr'>peregrinorum.</span> <span class='ocrx_word' id='word_1_378' title='bbox 1551 4642 1711 4693; x_wconf 84' lang='lat' dir='ltr'>Statnentes</span> <span class='ocrx_word' id='word_1_379' title='bbox 1734 4639 1918 4708; x_wconf 74' lang='lat' dir='ltr'>proptereaf</span> 
     </span>
     <span class='ocr_line' id='line_1_35' title="bbox 263 4747 1921 4814; baseline 0 -14"><span class='ocrx_word' id='word_1_380' title='bbox 263 4750 455 4801; x_wconf 80' lang='lat' dir='ltr'>confirmamus</span> <span class='ocrx_word' id='word_1_381' title='bbox 481 4751 571 4801; x_wconf 86' lang='lat' dir='ltr'>eidem</span> <span class='ocrx_word' id='word_1_382' title='bbox 595 4750 761 4801; x_wconf 84' lang='lat' dir='ltr'>monasterio</span> <span class='ocrx_word' id='word_1_383' title='bbox 787 4752 815 4799; x_wconf 87' lang='lat' dir='ltr'>et</span> <span class='ocrx_word' id='word_1_384' title='bbox 840 4747 973 4813; x_wconf 88' lang='lat' dir='ltr'>prephato</span> <span class='ocrx_word' id='word_1_385' title='bbox 999 4748 1093 4799; x_wconf 87' lang='lat' dir='ltr'>abbati</span> <span class='ocrx_word' id='word_1_386' title='bbox 1118 4749 1231 4812; x_wconf 88' lang='lat' dir='ltr'>suisque</span> <span class='ocrx_word' id='word_1_387' title='bbox 1256 4748 1462 4799; x_wconf 86' lang='lat' dir='ltr'>suecessoribus</span> <span class='ocrx_word' id='word_1_388' title='bbox 1483 4750 1510 4799; x_wconf 86' lang='lat' dir='ltr'>in</span> <span class='ocrx_word' id='word_1_389' title='bbox 1530 4756 1692 4814; x_wconf 84' lang='lat' dir='ltr'>perpetuum</span> <span class='ocrx_word' id='word_1_390' title='bbox 1713 4751 1805 4799; x_wconf 86' lang='lat' dir='ltr'>omnia</span> <span class='ocrx_word' id='word_1_391' title='bbox 1823 4750 1921 4814; x_wconf 88' lang='lat' dir='ltr'>predia</span> 
     </span>
     <span class='ocr_line' id='line_1_36' title="bbox 219 4852 1920 4922; baseline -0.003 -11"><span class='ocrx_word' id='word_1_392' title='bbox 219 4870 247 4911; x_wconf 74' lang='lat' dir='ltr'>tt</span> <span class='ocrx_word' id='word_1_393' title='bbox 265 4856 308 4909; x_wconf 82' lang='lat' dir='ltr'>rel</span> <span class='ocrx_word' id='word_1_394' title='bbox 327 4858 469 4916; x_wconf 87' lang='lat' dir='ltr'>beneficia,</span> <span class='ocrx_word' id='word_1_395' title='bbox 495 4872 686 4922; x_wconf 83' lang='lat' dir='ltr'>quaecumque</span> <span class='ocrx_word' id='word_1_396' title='bbox 705 4856 733 4905; x_wconf 93' lang='lat' dir='ltr'>in</span> <span class='ocrx_word' id='word_1_397' title='bbox 752 4857 831 4907; x_wconf 88' lang='lat' dir='ltr'>terris</span> <span class='ocrx_word' id='word_1_398' title='bbox 849 4853 894 4907; x_wconf 76' lang='lat' dir='ltr'>vel</span> <span class='ocrx_word' id='word_1_399' title='bbox 914 4856 994 4920; x_wconf 87' lang='lat' dir='ltr'>aquis</span> <span class='ocrx_word' id='word_1_400' title='bbox 1014 4856 1040 4905; x_wconf 85' lang='lat' dir='ltr'>ci</span> <span class='ocrx_word' id='word_1_401' title='bbox 1060 4852 1163 4905; x_wconf 88' lang='lat' dir='ltr'>collata</span> <span class='ocrx_word' id='word_1_402' title='bbox 1180 4861 1244 4905; x_wconf 75' lang='lat' dir='ltr'>sumt</span> <span class='ocrx_word' id='word_1_403' title='bbox 1263 4853 1306 4907; x_wconf 85' lang='lat' dir='ltr'>vel</span> <span class='ocrx_word' id='word_1_404' title='bbox 1326 4871 1344 4904; x_wconf 89' lang='lat' dir='ltr'>a</span> <span class='ocrx_word' id='word_1_405' title='bbox 1361 4862 1457 4905; x_wconf 85' lang='lat' dir='ltr'>sancto</span> <span class='ocrx_word' id='word_1_406' title='bbox 1476 4855 1541 4905; x_wconf 84' lang='lat' dir='ltr'>sede</span> <span class='ocrx_word' id='word_1_407' title='bbox 1562 4855 1684 4905; x_wconf 83' lang='lat' dir='ltr'>Romana</span> <span class='ocrx_word' id='word_1_408' title='bbox 1702 4872 1752 4905; x_wconf 91' lang='lat' dir='ltr'>seu</span> <span class='ocrx_word' id='word_1_409' title='bbox 1772 4857 1806 4907; x_wconf 81' lang='lat' dir='ltr'>ab</span> <span class='ocrx_word' id='word_1_410' title='bbox 1825 4854 1920 4920; x_wconf 88' lang='lat' dir='ltr'>aliqua</span> 
     </span>
     <span class='ocr_line' id='line_1_37' title="bbox 264 4960 1918 5030; baseline -0.001 -15"><span class='ocrx_word' id='word_1_411' title='bbox 264 4963 384 5015; x_wconf 89' lang='lat' dir='ltr'>ecclesia</span> <span class='ocrx_word' id='word_1_412' title='bbox 407 4963 455 5025; x_wconf 52' lang='lat' dir='ltr'>‚vel</span> <span class='ocrx_word' id='word_1_413' title='bbox 484 4980 658 5030; x_wconf 86' lang='lat' dir='ltr'>quocumque</span> <span class='ocrx_word' id='word_1_414' title='bbox 686 4963 835 5013; x_wconf 86' lang='lat' dir='ltr'>christiano</span> <span class='ocrx_word' id='word_1_415' title='bbox 866 4960 940 5013; x_wconf 85' lang='lat' dir='ltr'>fideli</span> <span class='ocrx_word' id='word_1_416' title='bbox 973 4960 1069 5025; x_wconf 71' lang='lat' dir='ltr'>legalis</span> <span class='ocrx_word' id='word_1_417' title='bbox 1101 4962 1278 5027; x_wconf 79' lang='lat' dir='ltr'>scriptioniss</span> <span class='ocrx_word' id='word_1_418' title='bbox 1305 4963 1455 5013; x_wconf 86' lang='lat' dir='ltr'>munimine</span> <span class='ocrx_word' id='word_1_419' title='bbox 1486 4968 1535 5013; x_wconf 81' lang='lat' dir='ltr'>urst</span> <span class='ocrx_word' id='word_1_420' title='bbox 1566 4960 1704 5028; x_wconf 86' lang='lat' dir='ltr'>personali</span> <span class='ocrx_word' id='word_1_421' title='bbox 1733 4964 1918 5015; x_wconf 85' lang='lat' dir='ltr'>investitione.</span> 
     </span>
     <span class='ocr_line' id='line_1_38' title="bbox 264 5067 1916 5139; baseline -0.003 -18"><span class='ocrx_word' id='word_1_422' title='bbox 264 5071 404 5139; x_wconf 84' lang='lat' dir='ltr'>imperiali</span> <span class='ocrx_word' id='word_1_423' title='bbox 423 5072 516 5137; x_wconf 84' lang='lat' dir='ltr'>itaque</span> <span class='ocrx_word' id='word_1_424' title='bbox 536 5073 701 5121; x_wconf 86' lang='lat' dir='ltr'>auctoritate</span> <span class='ocrx_word' id='word_1_425' title='bbox 722 5072 853 5121; x_wconf 88' lang='lat' dir='ltr'>edicimus</span> <span class='ocrx_word' id='word_1_426' title='bbox 871 5083 899 5132; x_wconf 70' lang='lat' dir='ltr'>s,</span> <span class='ocrx_word' id='word_1_427' title='bbox 925 5078 956 5119; x_wconf 89' lang='lat' dir='ltr'>ut</span> <span class='ocrx_word' id='word_1_428' title='bbox 981 5067 1070 5119; x_wconf 90' lang='lat' dir='ltr'>nulli</span> <span class='ocrx_word' id='word_1_429' title='bbox 1090 5084 1278 5120; x_wconf 90' lang='lat' dir='ltr'>successorum</span> <span class='ocrx_word' id='word_1_430' title='bbox 1298 5076 1453 5119; x_wconf 87' lang='lat' dir='ltr'>nostrornm</span> <span class='ocrx_word' id='word_1_431' title='bbox 1473 5071 1666 5135; x_wconf 84' lang='lat' dir='ltr'>imporatorum</span> <span class='ocrx_word' id='word_1_432' title='bbox 1687 5067 1769 5120; x_wconf 89' lang='lat' dir='ltr'>liceat</span> <span class='ocrx_word' id='word_1_433' title='bbox 1788 5069 1881 5135; x_wconf 89' lang='lat' dir='ltr'>aliquo</span> <span class='ocrx_word' id='word_1_434' title='bbox 1899 5086 1916 5116; x_wconf 70' lang='lat' dir='ltr'>a</span> 
     </span>
     <span class='ocr_line' id='line_1_39' title="bbox 263 5162 1920 5245; baseline 0 -15"><span class='ocrx_word' id='word_1_435' title='bbox 263 5185 385 5245; x_wconf 86' lang='lat' dir='ltr'>tempore</span> <span class='ocrx_word' id='word_1_436' title='bbox 405 5165 446 5229; x_wconf 78' lang='lat' dir='ltr'>(le</span> <span class='ocrx_word' id='word_1_437' title='bbox 465 5181 538 5245; x_wconf 89' lang='lat' dir='ltr'>ipso</span> <span class='ocrx_word' id='word_1_438' title='bbox 562 5180 756 5229; x_wconf 87' lang='lat' dir='ltr'>monasterinm</span> <span class='ocrx_word' id='word_1_439' title='bbox 775 5185 938 5244; x_wconf 86' lang='lat' dir='ltr'>potestatem</span> <span class='ocrx_word' id='word_1_440' title='bbox 955 5192 972 5222; x_wconf 63' lang='lat' dir='ltr'>r</span> <span class='ocrx_word' id='word_1_441' title='bbox 993 5162 1045 5227; x_wconf 84' lang='lat' dir='ltr'>vcl</span> <span class='ocrx_word' id='word_1_442' title='bbox 1066 5178 1216 5227; x_wconf 89' lang='lat' dir='ltr'>dominium</span> <span class='ocrx_word' id='word_1_443' title='bbox 1233 5190 1250 5222; x_wconf 71' lang='lat' dir='ltr'>a</span> <span class='ocrx_word' id='word_1_444' title='bbox 1271 5162 1456 5227; x_wconf 66' lang='lat' dir='ltr'>auferrem*</span> <span class='ocrx_word' id='word_1_445' title='bbox 1473 5191 1490 5222; x_wconf 74' lang='lat' dir='ltr'>s</span> <span class='ocrx_word' id='word_1_446' title='bbox 1511 5175 1592 5227; x_wconf 87' lang='lat' dir='ltr'>aliter</span> <span class='ocrx_word' id='word_1_447' title='bbox 1614 5193 1695 5243; x_wconf 86' lang='lat' dir='ltr'>quam</span> <span class='ocrx_word' id='word_1_448' title='bbox 1719 5178 1756 5227; x_wconf 88' lang='lat' dir='ltr'>ibi</span> <span class='ocrx_word' id='word_1_449' title='bbox 1781 5179 1920 5245; x_wconf 86' lang='lat' dir='ltr'>descripta</span> 
     </span>
    </p>
   </div>
   <div class='ocr_carea' id='block_1_10' title="bbox 263 5284 1919 5353">
    <p class='ocr_par' dir='ltr' id='par_1_10' title="bbox 263 5284 1919 5353">
     <span class='ocr_line' id='line_1_40' title="bbox 263 5284 1919 5353; baseline 0 -16"><span class='ocrx_word' id='word_1_450' title='bbox 263 5294 336 5346; x_wconf 87' lang='lat' dir='ltr'>suut,</span> <span class='ocrx_word' id='word_1_451' title='bbox 363 5288 580 5353; x_wconf 88' lang='lat' dir='ltr'>precipientibus</span> <span class='ocrx_word' id='word_1_452' title='bbox 606 5287 840 5337; x_wconf 88' lang='lat' dir='ltr'>consentientibus</span> <span class='ocrx_word' id='word_1_453' title='bbox 867 5292 894 5335; x_wconf 91' lang='lat' dir='ltr'>et</span> <span class='ocrx_word' id='word_1_454' title='bbox 920 5286 1114 5335; x_wconf 87' lang='lat' dir='ltr'>roborantibus</span> <span class='ocrx_word' id='word_1_455' title='bbox 1139 5287 1227 5337; x_wconf 91' lang='lat' dir='ltr'>nobis.</span> <span class='ocrx_word' id='word_1_456' title='bbox 1267 5298 1284 5330; x_wconf 65' lang='lat' dir='ltr'>e</span> <span class='ocrx_word' id='word_1_457' title='bbox 1301 5286 1488 5350; x_wconf 85' lang='lat' dir='ltr'>Pracipientes</span> <span class='ocrx_word' id='word_1_458' title='bbox 1514 5286 1608 5349; x_wconf 88' lang='lat' dir='ltr'>itaque</span> <span class='ocrx_word' id='word_1_459' title='bbox 1632 5284 1767 5351; x_wconf 84' lang='lat' dir='ltr'>imperiali</span> <span class='ocrx_word' id='word_1_460' title='bbox 1793 5287 1919 5337; x_wconf 88' lang='lat' dir='ltr'>iubemus</span> 
     </span>
    </p>
   </div>
   <div class='ocr_carea' id='block_1_11' title="bbox 218 5484 1919 5614">
    <p class='ocr_par' dir='ltr' id='par_1_11' title="bbox 218 5484 1919 5614">
     <span class='ocr_line' id='line_1_41' title="bbox 218 5484 1919 5555; baseline -0.002 -13"><span class='ocrx_word' id='word_1_461' title='bbox 218 5494 248 5535; x_wconf 66' lang='grc' dir='ltr'><strong><em>ω</em></strong></span> <span class='ocrx_word' id='word_1_462' title='bbox 334 5485 398 5542; x_wconf 71' lang='lat' dir='ltr'>lbi.</span> <span class='ocrx_word' id='word_1_463' title='bbox 424 5490 452 5553; x_wconf 92' lang='lat' dir='ltr'>n)</span> <span class='ocrx_word' id='word_1_464' title='bbox 473 5486 564 5540; x_wconf 77' lang='lat' dir='ltr'>hister</span> <span class='ocrx_word' id='word_1_465' title='bbox 581 5490 593 5538; x_wconf 92' lang='lat' dir='ltr'>t</span> <span class='ocrx_word' id='word_1_466' title='bbox 611 5486 695 5538; x_wconf 70' lang='lat' dir='ltr'>birine</span> <span class='ocrx_word' id='word_1_467' title='bbox 712 5486 820 5553; x_wconf 52' lang='lat' dir='ltr'>aaran</span> <span class='ocrx_word' id='word_1_468' title='bbox 844 5502 871 5539; x_wconf 82' lang='lat' dir='ltr'>es</span> <span class='ocrx_word' id='word_1_469' title='bbox 894 5486 995 5538; x_wconf 69' lang='lat' dir='ltr'>mberbt</span> <span class='ocrx_word' id='word_1_470' title='bbox 1011 5489 1055 5539; x_wconf 77' lang='lat' dir='ltr'>ein</span> <span class='ocrx_word' id='word_1_471' title='bbox 1073 5484 1099 5537; x_wconf 89' lang='lat' dir='ltr'>D</span> <span class='ocrx_word' id='word_1_472' title='bbox 1116 5485 1295 5553; x_wconf 69' lang='lat' dir='ltr'>deportandas</span> <span class='ocrx_word' id='word_1_473' title='bbox 1320 5502 1355 5537; x_wconf 76' lang='lat' dir='ltr'>zu</span> <span class='ocrx_word' id='word_1_474' title='bbox 1382 5486 1474 5550; x_wconf 80' lang='lat' dir='ltr'>haben,</span> <span class='ocrx_word' id='word_1_475' title='bbox 1501 5485 1559 5537; x_wconf 81' lang='lat' dir='ltr'>also</span> <span class='ocrx_word' id='word_1_476' title='bbox 1583 5484 1655 5537; x_wconf 87' lang='lat' dir='ltr'>Data</span> <span class='ocrx_word' id='word_1_477' title='bbox 1680 5484 1851 5555; x_wconf 63' lang='lat' dir='ltr'>muctam</span> <span class='ocrx_word' id='word_1_478' title='bbox 1874 5505 1919 5555; x_wconf 76' lang='lat' dir='ltr'>pe·</span> 
     </span>
     <span class='ocr_line' id='line_1_42' title="bbox 423 5575 642 5614; baseline 0.014 -3"><span class='ocrx_word' id='word_1_479' title='bbox 423 5575 505 5611; x_wconf 69' lang='lat' dir='ltr'>men</span> <span class='ocrx_word' id='word_1_480' title='bbox 522 5576 558 5610; x_wconf 77' lang='lat' dir='ltr'>zu</span> <span class='ocrx_word' id='word_1_481' title='bbox 575 5575 642 5614; x_wconf 78' lang='lat' dir='ltr'>mn.</span> 
     </span>
    </p>
   </div>
   <div class='ocr_carea' id='block_1_12' title="bbox 335 5644 1920 5860">
    <p class='ocr_par' dir='ltr' id='par_1_12' title="bbox 335 5644 1920 5860">
     <span class='ocr_line' id='line_1_43' title="bbox 335 5644 1920 5718; baseline 0.003 -19"><span class='ocrx_word' id='word_1_482' title='bbox 335 5644 399 5700; x_wconf 75' lang='lat' dir='ltr'>tto.</span> <span class='ocrx_word' id='word_1_483' title='bbox 425 5645 533 5717; x_wconf 87' lang='lat' dir='ltr'>[Bloch]</span> <span class='ocrx_word' id='word_1_484' title='bbox 571 5650 597 5712; x_wconf 87' lang='lat' dir='ltr'>a)</span> <span class='ocrx_word' id='word_1_485' title='bbox 620 5650 644 5699; x_wconf 75' lang='lat' dir='ltr'><em>A</em></span> <span class='ocrx_word' id='word_1_486' title='bbox 716 5648 745 5714; x_wconf 92' lang='lat' dir='ltr'>b)</span> <span class='ocrx_word' id='word_1_487' title='bbox 770 5648 821 5700; x_wconf 85' lang='lat' dir='ltr'>das</span> <span class='ocrx_word' id='word_1_488' title='bbox 837 5649 925 5699; x_wconf 63' lang='lat' dir='ltr'>mdc</span> <span class='ocrx_word' id='word_1_489' title='bbox 943 5664 960 5699; x_wconf 88' lang='lat' dir='ltr'>a</span> <span class='ocrx_word' id='word_1_490' title='bbox 977 5662 1057 5709; x_wconf 57' lang='lat' dir='ltr'>eorm,</span> <span class='ocrx_word' id='word_1_491' title='bbox 1076 5647 1201 5698; x_wconf 75' lang='lat' dir='ltr'>vielles&#39;cbt</span> <span class='ocrx_word' id='word_1_492' title='bbox 1218 5663 1304 5698; x_wconf 71' lang='lat' dir='ltr'>aruc</span> <span class='ocrx_word' id='word_1_493' title='bbox 1377 5646 1402 5711; x_wconf 86' lang='lat' dir='ltr'>c)</span> <span class='ocrx_word' id='word_1_494' title='bbox 1424 5662 1468 5697; x_wconf 72' lang='lat' dir='ltr'>arra</span> <span class='ocrx_word' id='word_1_495' title='bbox 1487 5661 1504 5697; x_wconf 92' lang='lat' dir='ltr'>o</span> <span class='ocrx_word' id='word_1_496' title='bbox 1523 5646 1665 5699; x_wconf 65' lang='lat' dir='ltr'>Corradm</span> <span class='ocrx_word' id='word_1_497' title='bbox 1737 5646 1766 5718; x_wconf 82' lang='lat' dir='ltr'>d)</span> <span class='ocrx_word' id='word_1_498' title='bbox 1792 5648 1920 5703; x_wconf 67' lang='lat' dir='ltr'>datiae</span> 
     </span>
     <span class='ocr_line' id='line_1_44' title="bbox 423 5716 1920 5789; baseline 0.003 -19"><span class='ocrx_word' id='word_1_499' title='bbox 423 5719 490 5783; x_wconf 75' lang='lat' dir='ltr'>fehlt</span> <span class='ocrx_word' id='word_1_500' title='bbox 509 5726 537 5771; x_wconf 87' lang='lat' dir='ltr'>et</span> <span class='ocrx_word' id='word_1_501' title='bbox 591 5722 617 5785; x_wconf 88' lang='lat' dir='ltr'>e)</span> <span class='ocrx_word' id='word_1_502' title='bbox 637 5719 765 5771; x_wconf 63' lang='lat' dir='ltr'>nasum</span> <span class='ocrx_word' id='word_1_503' title='bbox 780 5719 849 5782; x_wconf 71' lang='lat' dir='ltr'>fehlt</span> <span class='ocrx_word' id='word_1_504' title='bbox 864 5718 981 5771; x_wconf 90' lang='lat' dir='ltr'>tuitione</span> <span class='ocrx_word' id='word_1_505' title='bbox 997 5722 1026 5771; x_wconf 90' lang='lat' dir='ltr'>et</span> <span class='ocrx_word' id='word_1_506' title='bbox 1042 5717 1199 5770; x_wconf 90' lang='lat' dir='ltr'>defensione</span> <span class='ocrx_word' id='word_1_507' title='bbox 1214 5719 1264 5769; x_wconf 77' lang='lat' dir='ltr'>der</span> <span class='ocrx_word' id='word_1_508' title='bbox 1281 5718 1338 5772; x_wconf 74' lang='lat' dir='ltr'>Va.</span> <span class='ocrx_word' id='word_1_509' title='bbox 1393 5716 1416 5785; x_wconf 68' lang='lat' dir='ltr'>f)</span> <span class='ocrx_word' id='word_1_510' title='bbox 1438 5718 1477 5785; x_wconf 65' lang='lat'>145</span> <span class='ocrx_word' id='word_1_511' title='bbox 1494 5721 1621 5785; x_wconf 90' lang='lat' dir='ltr'>preterea</span> <span class='ocrx_word' id='word_1_512' title='bbox 1639 5718 1673 5773; x_wconf 90' lang='lat' dir='ltr'>D.</span> <span class='ocrx_word' id='word_1_513' title='bbox 1687 5720 1755 5781; x_wconf 76' lang='lat'><em>869,-</em></span> <span class='ocrx_word' id='word_1_514' title='bbox 1772 5723 1920 5789; x_wconf 85' lang='lat' dir='ltr'>prepterea</span> 
     </span>
     <span class='ocr_line' id='line_1_45' title="bbox 424 5788 1334 5860; baseline 0.001 -19"><span class='ocrx_word' id='word_1_515' title='bbox 424 5791 459 5844; x_wconf 85' lang='lat' dir='ltr'>D.</span> <span class='ocrx_word' id='word_1_516' title='bbox 472 5793 526 5842; x_wconf 70' lang='lat'>469</span> <span class='ocrx_word' id='word_1_517' title='bbox 596 5794 625 5860; x_wconf 81' lang='lat' dir='ltr'>g)</span> <span class='ocrx_word' id='word_1_518' title='bbox 647 5790 712 5843; x_wconf 80' lang='lat' dir='ltr'>oder</span> <span class='ocrx_word' id='word_1_519' title='bbox 729 5788 902 5858; x_wconf 83' lang='lat' dir='ltr'>soripcionis;</span> <span class='ocrx_word' id='word_1_520' title='bbox 919 5790 961 5842; x_wconf 77' lang='lat' dir='ltr'>dr&#39;e</span> <span class='ocrx_word' id='word_1_521' title='bbox 978 5790 1086 5857; x_wconf 71' lang='lat' dir='ltr'>lamp</span> <span class='ocrx_word' id='word_1_522' title='bbox 1104 5792 1140 5842; x_wconf 78' lang='lat' dir='ltr'>ist</span> <span class='ocrx_word' id='word_1_523' title='bbox 1156 5790 1229 5841; x_wconf 79' lang='lat' dir='ltr'>nicht</span> <span class='ocrx_word' id='word_1_524' title='bbox 1247 5789 1334 5842; x_wconf 67' lang='lat' dir='ltr'>sicher</span> 
     </span>
    </p>
   </div>
   <div class='ocr_carea' id='block_1_13' title="bbox 0 0 2423 6484">
    <p class='ocr_par' dir='ltr' id='par_1_13' title="bbox 0 0 2423 6484">
     <span class='ocr_line' id='line_1_46' title="bbox 0 0 2423 6484; baseline 0 0"><span class='ocrx_word' id='word_1_525' title='bbox 0 0 2423 6484; x_wconf 95' lang='lat' dir='ltr'> </span> 
     </span>
    </p>
   </div>
  </div>
 </body>
</html>
