4804 6498
576 433 618 495 68
1172 441 1634 498 KAISERL'RKUNDEN.

575 628 660 692 verit
687 639 846 709 avertere,
877 629 994 692 nostris
1026 627 1201 692 heredibus
1232 628 1340 691 statim
1372 640 1576 692 revertantur
1604 640 1636 692 et
1666 630 1820 693 serviant.
1866 629 1910 694 Et
1939 643 1975 694 nt
2005 630 2070 717 hec
2104 629 2243 715 nostreb

575 735 752 799 auctoritas
783 733 907 798 stabilis
931 746 964 799 et
994 734 1186 799 inconvulsa
1213 746 1413 820 pennaueat
1444 734 1529 799 hanc
1560 737 1661 800 nostri
1685 737 1832 822 precepti
1855 738 2009 823 paginam
2033 760 2144 801 mauu
2169 760 2241 823 pro

575 841 647 926 pria
669 840 861 906 roborantes
884 854 994 929 nostre
1017 843 1169 927 imaginis
1194 841 1299 927 sigillo
1323 842 1463 927 imprimi
1489 843 1651 906 iussimus.

682 999 820 1086 Signum
844 1001 955 1065 donini
978 1002 1127 1066 Heinrici
1152 1012 1216 1081 (M.)
1240 1003 1327 1087 regis
1355 1003 1571 1066 invictissimi.

681 1142 869 1228 Egilbertus
893 1143 1107 1209 cancellarius
1130 1145 1203 1208 vioe
1225 1143 1379 1230 Willigisi
1404 1143 1656 1230 archicapellani
1681 1147 1867 1231 recognovi.
2263 1170 2275 1208 s

681 1285 771 1349 Data
793 1301 827 1349 V.
852 1285 895 1349 id.
921 1298 1003 1372 sept.
1028 1309 1113 1350 anno
1134 1286 1296 1350 dominice
1321 1287 1554 1351 incarnationis
1575 1301 1656 1369 Mlll,
1681 1288 1858 1353 indictione
1874 1303 1897 1370 1,
1923 1312 2111 1353 annovera
2130 1288 2242 1352 domni

574 1391 724 1455 Heinrici
749 1392 884 1456 secundi
907 1394 995 1478 regis
1018 1407 1062 1475 113
1087 1404 1196 1457 actum
1219 1391 1436 1477 Babenberge
1461 1394 1648 1468 <feliciter
1670 1405 1829 1471 amen>.

1375 1695 1422 1719 'st

1371 1724 1437 1779 Ol·

575 1857 752 1929 Heinrich
779 1857 945 1955 bestn‘tr'pt
970 1856 1048 1929 dcta
1076 1856 1223 1929 Klostcr
1244 1856 1470 1955 Peterlinpen
1498 1857 1556 1929 die
1583 1857 1684 1953 Hbsc
1713 1857 1860 1935 Coltnor
1884 1858 1965 1931 und
1988 1858 2240 1945 Hr‘ittenlrcim,

574 1977 633 2050 die
659 1978 832 2075 einstr'pcn
858 1976 1097 2075 Besitznnpcn
1124 1976 1185 2048 des
1206 1974 1387 2051 Gurztrurn
1415 1979 1464 2047 r'rn
1484 1975 1609 2049 Eleoss
1635 1980 1701 2050 nait
1725 1978 1933 2050 ,lezscelinae
1959 2004 2028 2050 von
2053 1977 2240 2050 Bramotlz
2258 2010 2280 2048 n

573 2095 654 2170 arrd
679 2097 757 2167 eine
782 2095 887 2189 Herse
912 2121 953 2167 zu
984 2095 1222 2167 Badclsdacd.
1753 2124 1782 2182 S¹
1804 2124 1866 2181 pip
1891 2126 1969 2184 1003
1996 2124 2123 2183 october
2142 2126 2193 2181 21¹

682 2306 862 2365 Grandidier
885 2306 965 2363 Har.
990 2303 1127 2363 d'ALsnce
1150 2296 1192 2373 1⁶,
1214 2305 1270 2362 193
1293 2307 1325 2361 n⁰
1346 2306 1406 2362 358
1430 2304 1500 2362 noct
1524 2304 1675 2373 Abscbn'st
1699 2303 1878 2361 anlurtbcns
1900 2321 1954 2360 orat
1976 2303 2037 2361 dem
2063 2303 2185 2361 damula
2209 2302 2237 2357 in

679 2414 760 2472 Bern
784 2412 966 2484 befindlicben
993 2411 1129 2485 Oricinol
1149 2412 1208 2477 (a).
1233 2441 1277 2448 —
1301 2412 1428 2469 Bo'lrrner
1451 2410 1521 2485 ch.
1542 2411 1610 2468 942.
1635 2440 1679 2447 -
1703 2407 1827 2482 Stunrps
1845 2409 1916 2483 Rep.
1935 2410 2023 2467 1367.

686 2557 903 2629 Wiederlrolunp
925 2573 978 2612 ron
1004 2553 1072 2612 Do.
1092 2553 1136 2612 II.
1154 2556 1203 2623 51,
1229 2555 1301 2613 rcobl
1325 2573 1377 2611 ron
1403 2554 1457 2611 EA
1481 2554 1667 2627 penarense,
1690 2552 1742 2609 der
1765 2553 1941 2611 assedissem
1967 2552 2006 2611 D.
2032 2553 2088 2611 den
2116 2556 2238 2625 Ausone

679 2666 731 2723 der
746 2664 863 2735 Areopa
884 2681 938 2719 con
963 2659 1003 2719 D.
1021 2663 1062 2718 58
1084 2662 1208 2719 entlelrnt
1231 2661 1289 2718 bat.
1330 2661 1393 2717 Zur
1412 2660 1645 2733 l'cberliesernnp
1667 2660 1722 2733 col.
1743 2660 1883 2733 Anzeiper
1907 2662 1960 2729 sr'r'r
1982 2660 2115 2719 aeterna.
2136 2659 2234 2719 Gescl.
2253 2674 2275 2712 n

681 2771 790 2838 (1894)
808 2772 847 2828 79
858 2769 891 2843 ff.
939 2767 1015 2825 Eine
1038 2767 1303 2841 Neturnssntipnnq
1325 2768 1415 2825 dieses
1439 2766 1555 2825 Str‘tcles
1577 2766 1616 2823 ist
1639 2764 1678 2824 D.
1696 2768 1743 2824 69.

679 2942 719 3005 In
748 2940 878 3003 nominc
910 2948 1044 3000 sanctae
1073 2950 1105 2999 ct
1136 2936 1325 3000 individuae
1357 2936 1517 2998 trinitatis.
1565 2935 1739 2997 lleinricus
1764 2933 1876 2998 divina
1899 2935 2030 2999 favente
2056 2936 2234 3000 clementia

572 3073 641 3115 rex.
752 3062 780 3111 Si
806 3059 908 3109 sanctis
933 3056 964 3107 et
991 3056 1196 3107 venerabilibus
1225 3056 1293 3105 locis
1320 3073 1365 3115 ea,
1392 3072 1462 3119 (luae
1489 3072 1505 3104 a
1531 3054 1658 3104 fidelibus
1684 3056 1750 3119 ipsis
1778 3054 1880 3105 collata
1905 3066 1981 3115 sunt,
2008 3066 2107 3107 nostra
2132 3040 2232 3127 regali

571 3172 737 3223 atrctoritate
758 3168 948 3218 confirmamus
967 3183 999 3215 ac
1020 3167 1239 3223 corroboramus,
1259 3162 1355 3229 procul
1377 3163 1460 3211 dubio
1481 3163 1634 3226 praesentis
1654 3164 1726 3211 vitae
1747 3170 1773 3210 et
1793 3172 1921 3213 aeternae
1940 3163 2096 3214 srrbsidlnrn
2118 3162 2232 3229 adipisci

570 3298 626 3330 non
646 3280 812 3329 dubitamus.
851 3275 959 3324 Idcirco
984 3273 1103 3322 omniurn
1131 3278 1243 3321 sanctae
1263 3271 1307 3319 dei
1333 3268 1467 3318 ecclesiae
1487 3267 1607 3318 fidelium
1632 3276 1845 3332 nostrorumque
1865 3270 2050 3334 praesentium
2070 3271 2184 3320 scilicet
2202 3285 2232 3317 ac
2249 3274 2271 3312 ³⁰

570 3389 725 3437 futurorum
744 3385 854 3434 noverit
874 3382 1047 3439 universitas,
1067 3379 1186 3444 ‹pualiter
1199 3376 1364 3427 venerabilis
1384 3377 1468 3424 abbas
1488 3384 1600 3424 carretae
1620 3373 1755 3423 ecclesiae
1775 3392 1883 3440 semper
1896 3377 2010 3437 virginis
2024 3377 2143 3437 llariac,
2163 3391 2231 3441 qrrac

570 3497 624 3545 sita
651 3501 692 3543 est
722 3480 756 3541 ln
786 3490 960 3547 Paterniaco,
988 3488 1096 3536 rrourinc
1129 3470 1226 3536 Odllt)
1257 3500 1318 3532 cnm
1346 3490 1445 3531 cuncta
1472 3483 1687 3545 congregatione
1713 3481 1826 3530 fratrum
1853 3483 1954 3532 ibidem
1981 3484 2034 3532 deo
2061 3492 2231 3547 sanctaeque

571 3604 677 3652 Mariae
700 3616 807 3664 semper
826 3598 925 3661 virgini
945 3596 1045 3644 devote
1069 3591 1260 3641 tamulantium
1281 3598 1398 3640 nostram
1419 3590 1486 3638 adiit
1509 3588 1708 3647 celsitudinem,
1732 3590 1835 3654 scripta
1863 3576 1987 3641 scillcet
2017 3593 2230 3656 piissimorum

572 3698 728 3762 ottonum
756 3692 852 3778 primi
881 3687 1016 3752 secundi
1044 3698 1077 3749 et
1103 3686 1190 3749 tertii
1214 3703 1440 3760 caeterorumque
1467 3697 1708 3761 praedecessorum
1735 3704 1893 3746 nostrornm
1920 3714 2015 3763 regum
2042 3699 2087 3749 vel
2117 3702 2229 3764 impera·

571 3826 661 3868 torum
680 3813 894 3865 arrctoritatibus
914 3810 1045 3858 roborata
1065 3814 1174 3856 nostrae
1194 3804 1337 3854 conferens
1358 3805 1538 3868 praesentiae,
1564 3819 1634 3867 qnae
1654 3802 1810 3852 huiusmodi
1830 3805 1928 3854 seriem
1948 3807 2140 3865 continebant,
2167 3820 2227 3869 qua·
2244 3806 2267 3847 ὕ

572 3925 634 3976 liter
660 3925 714 3973 ianr
740 3921 807 3971 dicti
834 3926 1024 3969 antecessores
1051 3914 1137 3963 nostri
1165 3928 1211 3961 eas
1237 3928 1292 3969 res,
1319 3926 1390 3974 quae
1419 3926 1435 3959 a
1460 3909 1631 3958 nobilissimo
1659 3909 1730 3958 duce
1756 3910 1898 3959 Rnodulfo
1925 3913 2067 3976 praefatae
2096 3912 2228 3963 ecclesiae

571 4040 685 4082 sunctae
704 4030 809 4079 Mariae
835 4041 943 4091 semper
961 4022 1076 4085 virginis
1094 4034 1110 4064 r
1132 4020 1166 4068 ad
1187 4034 1264 4068 usum
1285 4024 1312 4066 et
1332 4017 1432 4065 victum
1458 4016 1651 4065 monachorum
1678 4017 1779 4065 ibidem
1799 4018 1976 4067 servientium
1997 4035 2133 4071 concessa
2151 4026 2228 4081 atque

571 4140 674 4189 donata
699 4137 824 4193 fuerrrnt,
851 4138 943 4182 curtes
968 4128 1075 4178 scilicet
1095 4125 1243 4175 Columbra
1263 4131 1290 4173 et
1309 4122 1471 4172 Hittinlreinr
1492 4139 1554 4171 curn
1574 4123 1700 4171 omnibus
1726 4129 1862 4173 earum⁸
1886 4125 2073 4189 pertinentiis,
2100 4136 2128 4177 et
2147 4122 2227 4176 nostn'

571 4247 639 4295 iuris
660 4259 742 4293 unum
763 4256 886 4291 mausum
906 4235 1021 4286 invilla
1041 4218 1229 4283 lladelcsbach
1250 4239 1276 4280 et
1296 4231 1401 4287 onmia,
1428 4246 1498 4294 quac
1519 4230 1703 4278 Guutramnus
1723 4231 1750 4278 iu
1770 4229 1876 4280 Alsatia
1895 4232 2073 4296 proprietatis
2094 4236 2170 4283 visus
2189 4236 2227 4279 est

572 4353 682 4409 babere,
703 4356 818 4412 excepto
839 4337 1013 4394 Pruomadtb
1033 4357 1095 4389 curn
1114 4340 1171 4387 suis
1192 4337 1414 4403 appertinenciis,
1434 4335 1551 4401 supplici
1573 4337 1673 4385 institit
1693 4338 1836 4401 petitione,
1856 4345 1886 4386 ut
1904 4354 1977 4387 nora
1996 4350 2093 4390 nostra
2112 4336 2224 4389 auctori·
2241 4345 2264 4385 to

571 4466 628 4507 tate
654 4472 748 4505 omnes
776 4452 952 4517 praedictasc
981 4464 1024 4497 res
1051 4447 1085 4496 ad
1112 4445 1226 4494 eandem
1253 4442 1398 4493 ecclesiam
1426 4443 1503 4491 datas
1529 4450 1556 4491 et
1582 4445 1653 4491 iuste
1679 4444 1886 4507 appertinentes
1912 4446 2042 4495 roborare
2062 4458 2224 4499 curaremus,

570 4566 637 4614 sitas
658 4561 789 4611 videlicet
815 4560 843 4607 in
862 4557 1005 4623 praedicto
1026 4568 1096 4620 'rago
1117 4560 1145 4601 et
1169 4553 1196 4600 in
1217 4551 1349 4599 comitatu
1377 4535 1502 4600 Otlolrls'
1529 4550 1645 4598 coniitia.
1683 4552 1805 4610 Quorum
1826 4553 1953 4615 petitioni
1978 4568 2030 4601 nos
2049 4554 2224 4604 assentientes

570 4676 610 4724 ita
629 4672 686 4721 lieri
707 4668 878 4719 decrevimus
904 4672 988 4728 atque
1014 4662 1064 4710 sub
1085 4668 1179 4709 nostra
1204 4658 1330 4706 tuitionis
1357 4658 1527 4706 irnnrunitnte
1552 4672 1601 4722 per
1619 4657 1701 4704 huius
1721 4658 1861 4722 praecepti
1884 4661 1970 4708 nostri
1989 4661 2116 4727 vigorem
2136 4671 2223 4711 omnes

571 4780 726 4847 praedictas
742 4792 785 4824 res
801 4788 949 4836 earumque
966 4768 1068 4834 legales
1088 4765 1304 4831 appertinentins
1318 4762 1513 4823 conclusimus,
1533 4749 1635 4833 regali
1654 4764 1854 4828 praecipientes
1869 4768 2046 4826 auctoritate,
2064 4776 2095 4819 ut
2110 4766 2222 4818 omnium

571 4885 763 4952 inquietudine
784 4888 889 4931 semota
909 4880 943 4929 ad
964 4876 1132 4927 iamdictam
1154 4872 1299 4923 ecclesiam
1320 4869 1404 4919 libere
1424 4878 1451 4918 et
1470 4871 1604 4919 securiter
1622 4872 1755 4935 perpetim
1773 4872 1925 4922 consistant
1943 4890 1975 4923 ac
1995 4874 2111 4926 fratrum
2130 4886 2221 4925 eorun-
2237 4880 2260 4922 te

571 4996 632 5045 dem
651 5002 707 5043 tarn
729 4991 896 5041 manentium
917 5003 997 5052 quarn
1019 4992 1046 5034 ct
1065 4984 1218 5032 futurorum
1240 4980 1300 5028 rrsni
1321 4977 1461 5027 cotidiano
1481 4978 1533 5025 sub
1553 4978 1660 5027 abluatis
1680 4978 1855 5029 ordinatione
1875 4976 2071 5031 deserviantd
2092 4998 2152 5033 cum
2171 4990 2220 5027 uuo

572 5110 665 5153 nostro
685 5114 779 5149 manso
800 5099 828 5146 in
848 5096 915 5147 villa
935 5090 1123 5143 lladelcsbuclr
1148 5089 1174 5138 in
1195 5104 1266 5152 'sago
1286 5085 1458 5133 llortonowa
1478 5092 1505 5132 ct
1529 5085 1556 5133 iu
1576 5086 1708 5133 comitatu
1729 5069 1916 5136 (lhuononls
1942 5089 2051 5138 comitis
2069 5103 2086 5134 s
2108 5094 2218 5139 caetera·

571 5227 626 5276 que
645 5209 736 5257 omnia
755 5206 782 5254 iu
796 5204 903 5254 Alantia
923 5210 950 5251 ct
970 5203 998 5249 in
1016 5198 1148 5247 comitatu
1170 5180 1294 5245 Odonls
1317 5192 1425 5240 comitis
1444 5192 1496 5239 sita
1516 5207 1586 5254 quae
1606 5208 1688 5255 supra
1707 5200 1770 5242 sunt
1791 5194 1873 5243 dicta.
1905 5195 1940 5243 Et
1959 5204 1989 5244 ut
2008 5195 2077 5245 haec
2097 5192 2217 5248 nostrast

571 5317 739 5367 defensionis
766 5313 918 5362 atrctoritas
944 5308 1046 5356 tirmior
1072 5302 1253 5364 stabiliusque
1280 5299 1387 5348 cunctis
1414 5299 1546 5362 perpetim
1574 5298 1708 5357 credatur,
1735 5298 1805 5349 harre
1829 5308 1933 5351 cartam
1959 5304 2073 5353 inscribi
2099 5302 2218 5354 iussimus

571 5439 707 5487 manuque
728 5430 822 5470 nostra
841 5417 938 5465 subtus
959 5403 1136 5461 roboraturus
1157 5406 1259 5456 animle
1280 5412 1373 5455 nostro
1394 5406 1522 5453 iussimus
1542 5403 1665 5468 sigillari.
2232 5405 2256 5445 *θ

659 5604 705 5659 ὅθ.
733 5603 761 5655 bl
782 5602 820 5665 B3
847 5596 975 5648 arcuada·
1000 5595 1033 5642 ist
1060 5596 1150 5657 nostre
1175 5592 1224 5651 sris·
1249 5592 1341 5638 nostra
1365 5586 1550 5651 rersrhre'cben,
1577 5588 1640 5636 oder
1658 5604 1684 5637 es
1703 5590 1736 5638 iar
1759 5591 1801 5639 ein
1821 5589 1896 5641 Wort
1921 5593 1969 5643 wia
1987 5590 2141 5644 (immoni,
2161 5586 2217 5640 oder

731 5670 886 5725 traditionis
908 5664 1084 5731 arrspesallen.

661 5766 707 5819 at.
735 5760 842 5813 sBloclr'
906 5762 931 5815 a)
957 5770 990 5819 ⁰3
1016 5767 1110 5804 eorum
1136 5749 1194 5802 ΙΨ,
1279 5747 1307 5814 b)
1332 5744 1483 5797 Prumoadt
1508 5763 1541 5809 ας
1567 5743 1706 5797 Pruomad
1729 5748 1789 5800 Vt'.
1874 5751 1900 5817 c)
1923 5766 1967 5802 res
1992 5749 2145 5818 praedictas
2164 5741 2213 5797 W.

733 5822 761 5897 d)
778 5849 810 5897 a;
830 5812 988 5883 deserviunt
1011 5823 1070 5876 l'l'.
1153 5822 1177 5881 el
1202 5820 1276 5885 l'U.;
1295 5822 1387 5869 nostra
1409 5834 1427 5868 α
1509 5816 1530 5875 lt
1552 5818 1622 5883 l'U.;
1646 5817 1774 5871 roborata
1796 5836 1822 5873 a,
