4836 6504
510 438 574 501 174
1108 439 1569 498 KAISERURKUNDEN.

507 646 590 705 prout
615 637 718 688 firmius
744 651 899 704 possumus,
925 635 1059 687 donamus
1082 639 1165 699 atque
1191 634 1400 700 proprietamus,
1426 634 1547 685 omnium
1573 627 1815 684 contradictionel
1839 638 1954 693 remota,
1980 634 2169 701 precipientes

507 746 602 810 igitur,
621 750 652 794 ut
671 745 699 794 in
719 744 771 795 deo
788 741 905 813 dilectus
921 743 1003 792 nobis
1018 756 1084 807 sepe
1102 741 1175 809 dicte
1191 740 1266 790 sedis
1281 738 1457 790 Eberhardus
1474 741 1620 807 episcopus
1639 739 1752 791 liberam
1769 740 1866 791 dehinc
1883 740 1984 791 babeat
1999 745 2168 808 potestatem

508 852 607 916 suique
626 865 804 901 successores
824 849 941 900 eundem
968 846 1059 898 locum
1077 832 1294 898 Nittenduual
1316 847 1420 897 dictum
1445 862 1507 896 cum
1530 849 1656 898 omnibus
1679 848 1851 913 appendiciis
1870 849 1927 917 suis
1946 847 2058 898 tenendi
2077 850 2168 914 possi·

508 958 590 1008 ciendi
609 973 659 1009 seu
678 957 811 1023 quicquid
830 956 882 1006 sibi
903 955 988 1006 libeat
1006 954 1094 1006 modis
1113 954 1239 1004 omnibns
1259 955 1289 1003 in
1308 969 1385 1004 usum
1406 955 1583 1020 episcopatus
1601 954 1666 1005 inde
1684 955 1808 1005 satiandi.
1845 954 1875 1004 Si
1894 955 1956 1019 quis
1976 956 2069 1019 igitur,
2089 955 2168 1019 qnod

508 1065 588 1124 absit,
606 1065 689 1115 buius
708 1069 801 1131 nostre
821 1063 980 1113 donationis
999 1060 1241 1112 munificentiamm
1259 1060 1401 1112 destruere
1427 1062 1485 1112 sive
1509 1059 1614 1112 violare
1634 1066 1781 1129 presumat,
1807 1062 1836 1111 in
1860 1062 2010 1112 novissimo
2036 1062 2082 1111 die
2108 1068 2167 1111 tor·
2192 1070 2212 1109 a

508 1178 599 1222 mento
626 1168 832 1237 inextinguibili
858 1186 951 1220 coram
978 1167 1066 1219 oculis
1093 1169 1138 1218 dei
1165 1167 1252 1219 lustu.
1299 1168 1379 1229 Quod
1406 1184 1440 1218 ue
1466 1168 1523 1227 fist,
1548 1168 1597 1218 sed
1623 1167 1692 1218 baec
1717 1167 1830 1218 traditio
1855 1173 1949 1218 nostra
1975 1168 2010 1217 sb
2036 1168 2166 1219 omnibus

507 1279 668 1343 incorrupta
685 1281 852 1342 permaneat,
871 1277 942 1326 hanc
962 1282 1064 1325 cartam
1084 1275 1147 1325 inde
1167 1276 1350 1341 conscriptam
1370 1290 1452 1325 manu
1471 1276 1585 1340 propria
1601 1275 1762 1325 roborantes
1782 1272 1867 1339 sigilli
1886 1276 1973 1325 nostri
1992 1275 2167 1341 inpressione

508 1384 634 1449 insigniri
653 1385 791 1434 iussimus.

614 1500 632 1591 ξ
657 1502 813 1589 Signum⁰
838 1501 949 1567 domni
972 1501 1108 1565 Heurioi
1133 1508 1197 1579 (M.)
1221 1501 1308 1586 regis
1331 1500 1548 1565 invictissimi.
1573 1497 1590 1588 ξ

615 1642 633 1733 ξ
656 1643 868 1708 Eberhardus
892 1643 1106 1708 cancellarius
1129 1644 1204 1707 vice
1223 1641 1390 1729 Uuilligisi
1413 1641 1668 1728 archicapellani
1691 1643 1879 1728 recognovi.
1902 1639 1920 1731 ξ
2000 1649 2119 1721 (81.2.)
2191 1667 2221 1705 ro

616 1786 706 1851 Data
729 1786 795 1851 kal.
818 1808 894 1851 nov.
917 1785 1096 1850 indictione
1112 1799 1147 1865 V,
1172 1806 1258 1848 anno
1283 1784 1444 1848 dominice
1467 1784 1701 1849 incarnationis
1725 1798 1817 1865 MVII,
1841 1806 1926 1849 anno
1949 1806 2028 1849 vero
2052 1782 2168 1849 domni

510 1893 659 1958 Heinrici
683 1892 820 1958 secundi
843 1893 1009 1979 regnantis
1026 1906 1082 1974 VI3
1112 1901 1221 1955 actum
1243 1890 1504 1974 Frankonofurt3
1532 1890 1672 1955 feliciter
1694 1900 1817 1954 amen.⁰

1293 2191 1381 2277 146.

508 2354 687 2428 Heinrich
711 2353 857 2429 scdeukt
878 2354 958 2429 deu
979 2381 1053 2429 von
1074 2355 1149 2428 itm
1166 2353 1414 2455 pepmindeten
1437 2353 1601 2427 Birthaba
1623 2353 1806 2453 Bomberp
1827 2353 1897 2427 den
1920 2352 2165 2430 OrtAbbocls.

1629 2508 1801 2580 F'raukfttrl
1818 2510 1899 2571 1007
1914 2510 2074 2570 November
2090 2513 2118 2570 1.
2189 2531 2218 2570 ra

618 2689 863 2764 Oriqirsulda'plom
886 2689 927 2747 im
949 2689 978 2747 lc.
995 2687 1202 2747 Reicbsarcliv
1224 2706 1260 2746 ru
1282 2687 1424 2746 Manebat
1449 2686 1521 2753 (A).

615 2830 751 2889 Aventini
774 2831 850 2889 Aac.
872 2829 1015 2889 Boiorum
1037 2830 1080 2888 ed.
1106 2830 1221 2904 Zisqler
1236 2831 1292 2887 111
1316 2831 1364 2888 eit.
1385 2859 1431 2868 -
1456 2829 1666 2889 Oesterres'cber
1687 2831 1717 2888 in
1743 2829 1889 2903 Gcbffnete
1910 2831 2035 2891 Archiae
2058 2833 2087 2903 3,
2103 2834 2167 2892 442

614 2938 680 2996 u⁰1
704 2954 757 2995 aas
778 2936 816 2995 A.
839 2966 881 2974 —
905 2935 985 2995 Mon.
1011 2936 1105 2995 Boica
1127 2938 1195 3006 28⁰,
1219 2938 1278 2995 363
1300 2937 1333 2994 νιο
1347 2937 1408 2995 233
1431 2954 1484 2994 ares
1506 2935 1608 2995 1.-
1631 2937 1759 2995 Bobmer
1780 2937 1852 3011 Req.
1869 2939 1956 2998 1014.
1976 2968 2021 2977 —
2044 2938 2171 3014 Stampf

614 3043 686 3119 Ray.
705 3044 791 3102 1471.

619 3185 811 3245 Uamittelbor
832 3185 906 3244 asab
929 3184 969 3244 D.
987 3185 1046 3243 145
1068 3185 1244 3259 pmcbriebea
1266 3204 1322 3245 voa
1343 3185 1402 3244 Bo.
1416 3184 1444 3255 I,
1468 3185 1520 3243 der
1548 3185 1602 3244 dos
1630 3204 1718 3260 pause
1739 3185 1925 3245 &causton
1953 3193 2052 3261 spbter
2080 3189 2165 3248 ascb-
2185 3208 2215 3247 so

613 3298 747 3368 μείναμεν
769 3293 829 3351 bat.
876 3291 936 3350 Die
958 3291 1243 3367 Dotieranpsformel
1265 3293 1305 3350 ist
1326 3292 1471 3361 certarat,
1495 3292 1534 3350 da
1556 3292 1610 3350 das
1633 3291 1878 3365 Perqameuotau
1900 3295 1960 3364 aas
1977 3293 2030 3352 der
2051 3295 2167 3353 rechten

615 3398 692 3459 Seite
719 3400 817 3470 scbief
841 3398 1012 3457 bescbuittea
1041 3417 1105 3457 war
1132 3398 1192 3457 aad
1221 3399 1253 3457 ia
1281 3398 1334 3456 der
1363 3399 1461 3457 letzteu
1485 3397 1564 3457 Zeila
1593 3398 1722 3458 dodarcb
1752 3400 1875 3474 weaiper
1897 3399 1995 3459 Mam
2024 3419 2078 3459 zar
2098 3401 2166 3461 Ver·

617 3508 728 3582 sapsas
749 3506 843 3564 stand.

616 3682 674 3754 (C.)
698 3672 716 3762 ᾗ
739 3674 778 3737 In
801 3674 933 3739 nomine
957 3684 1089 3737 sanctae
1114 3684 1146 3736 et
1169 3673 1336 3737 individue
1364 3674 1528 3741 trinitatis.
1584 3673 1760 3738 Heimicus
1790 3673 1903 3740 divina
1932 3676 2164 3762 preordinante

509 3782 681 3847 elementia
703 3804 773 3844 rex·
896 3793 1088 3845 Salaberrimis
1115 3796 1201 3859 igitur
1226 3795 1297 3844 sacri
1325 3793 1428 3858 eloquii
1454 3796 1674 3845 institutionibus
1701 3797 1841 3846 erudimur
1867 3804 1895 3846 et
1920 3797 2106 3857 admonemur,
2133 3808 2164 3849 ut
2185 3813 2214 3852 st

508 3902 673 3971 temporalia
692 3902 878 3967 relinquentes
896 3902 971 3952 bona
989 3894 1003 3967 ξ
1023 3908 1050 3951 et
1069 3908 1178 3951 terrena
1197 3907 1394 3967 postponentes
1414 3901 1557 3952 commoda
1576 3909 1688 3953 aeterna
1707 3910 1734 3953 et
1752 3905 1812 3953 sine
1831 3903 1884 3953 fine
1903 3920 2031 3954 mansura
2050 3904 2164 3971 incelis

507 4010 668 4061 studeamus
688 4009 805 4075 adipisci
825 4009 997 4059 consistoria.
1036 4010 1211 4073 Quapropter
1233 4024 1283 4058 nos
1304 4008 1446 4058 dominicis
1465 4023 1521 4057 uon
1539 4010 1653 4059 surdum
1671 4009 1795 4059 auditum
1814 4010 1960 4075 prebentes
1978 4013 2116 4077 preceptis
2137 4022 2164 4062 et

510 4117 635 4168 deificist
655 4117 869 4181 obtemperando
889 4115 1063 4166 intendentes
1082 4115 1259 4165 suasionibus
1285 4114 1421 4180 quendam
1446 4122 1540 4181 nostre
1566 4122 1679 4181 paterne
1705 4116 1864 4167 hereditatis
1890 4114 1983 4167 locum
2002 4119 2163 4168 Babenberc

510 4225 613 4274 dictum
631 4225 660 4273 in
679 4223 772 4273 sedem
792 4228 820 4272 et
838 4221 947 4272 eulmen
967 4223 1144 4288 episcopatus
1164 4220 1337 4271 sublimando
1351 4223 1526 4287 proveximus
1544 4229 1572 4272 et
1584 4223 1708 4272 Romana
1720 4225 1887 4274 anctoritate
1900 4231 1983 4288 atque
1996 4225 2164 4276 venerabilis

509 4331 633 4380 Heinrici
654 4330 895 4393 Vairciburgeusis
916 4330 1039 4394 episcopi
1059 4344 1197 4378 consensu
1221 4344 1253 4378 ac
1277 4330 1337 4393 pari
1357 4330 1550 4393 communique
1576 4331 1695 4379 omnium
1722 4326 1830 4379 nostrib
1850 4329 1971 4381 fidelium
1994 4337 2050 4381 tam
2073 4333 2163 4383 archi·
2184 4347 2214 4386 to

511 4439 702 4502 episcoporum
714 4451 796 4500 quam
810 4437 1004 4501 episcoporum
1017 4437 1203 4499 abbatumque
1218 4452 1268 4484 uec
1285 4450 1341 4484 non
1355 4434 1456 4485 dueum
1472 4442 1499 4485 et
1516 4438 1646 4487 comitum
1661 4436 1790 4487 consultu
1810 4437 1975 4503 decretoque
1988 4439 2017 4488 in
2031 4438 2164 4490 honorem

509 4550 621 4593 sanctae
641 4542 686 4592 dei
705 4543 847 4607 genitricis
866 4542 970 4591 Mariae
989 4548 1201 4605 sanctorumque
1221 4540 1411 4607 apostolorum
1425 4542 1500 4592 Petri
1520 4551 1546 4592 et
1559 4542 1640 4592 Pauli
1658 4559 1710 4593 nec
1729 4559 1785 4594 non
1803 4545 1943 4595 martirum
1956 4543 2061 4595 Kiliaui
2079 4552 2164 4611 atque

510 4650 603 4700 Georii
623 4647 804 4698 stabilivimus
824 4654 851 4698 et
870 4649 1118 4707 corroboravimus,
1144 4654 1175 4697 ut
1200 4654 1227 4697 et
1252 4649 1320 4697 inibi
1340 4656 1462 4699 nostrum
1481 4656 1679 4715 parentumque
1703 4657 1859 4701 nostrornm
1884 4650 1993 4702 celebre
2017 4651 2166 4703 haberetur

510 4755 667 4806 memoriale
688 4763 714 4804 ot
734 4756 807 4821 iugis
826 4771 875 4821 pro
895 4756 1020 4804 omnibus
1041 4755 1183 4804 ortodoxis
1203 4754 1293 4805 hostia
1312 4762 1479 4806 mactaretur
1496 4756 1634 4807 salutaris.
1665 4757 1784 4807 Proinde
1808 4759 2056 4808 noveritomnium
2076 4761 2164 4809 nostri

509 4861 631 4912 fidelium
649 4870 704 4911 tam
724 4878 836 4931 presens
856 4871 914 4911 etas
935 4878 1015 4926 quam
1035 4867 1062 4911 et
1081 4877 1245 4911 successura
1262 4864 1419 4927 posteritas,
1439 4865 1504 4927 quia
1523 4880 1573 4914 nos
1591 4870 1700 4914 nostras
1720 4865 1856 4928 quendam
1876 4866 2051 4931 proprietatis
2072 4865 2165 4916 locum
2187 4879 2216 4919 so

509 4954 650 5019 Ababah
673 4969 776 5018 dictum
796 4970 823 5018 in
843 4974 933 5034 pago⁰
1078 4970 1153 5018 etin
1173 4971 1323 5019 comitatu⁰
1468 4973 1575 5020 comitis
1594 4972 1676 5021 situm
1696 4971 1730 5020 ad
1750 4971 1865 5022 eandem
1884 4974 2088 5037 supradictam
2108 4975 2165 5040 epi·

511 5075 650 5143 scopslem
664 5076 757 5126 sedern
771 5076 930 5125 Babenberc
945 5075 1046 5125 dictam
1061 5092 1114 5124 una
1127 5092 1189 5125 cum
1203 5077 1329 5125 omnibus
1343 5078 1403 5126 eius
1416 5080 1589 5142 pertinentiis
1603 5081 1662 5129 sire
1676 5079 1852 5140 adherentiis,
1864 5078 1994 5130 videlicet
2006 5081 2075 5129 vicis
2089 5079 2165 5130 villis

510 5181 654 5233 aecclesiis
671 5185 757 5232 servis
775 5190 802 5233 et
819 5181 927 5232 ancillis
945 5184 1016 5233 areis
1033 5183 1165 5232 aedificiis
1182 5184 1261 5233 terris
1279 5182 1361 5233 cultis
1379 5190 1407 5233 et
1423 5184 1535 5235 incultis
1552 5188 1604 5235 riis
1621 5188 1702 5236 inviis
1719 5188 1838 5237 exitibus
1856 5194 1884 5238 et
1899 5188 2033 5238 reditibus
2050 5189 2166 5257 quesitis

511 5289 554 5339 vel
571 5291 742 5355 inquirendis
759 5289 836 5340 silvis
852 5290 1001 5340 forestibus
1018 5291 1121 5354 saginis
1135 5292 1328 5340 venationibus
1342 5292 1421 5355 aquis
1434 5294 1633 5357 piscationibus
1647 5292 1726 5343 molis
1739 5293 1904 5344 molendinis
1917 5295 1999 5344 rebus
2016 5294 2166 5345 mobilibus

512 5402 540 5447 et
557 5397 735 5448 inmobilibus
754 5414 786 5447 ac
806 5398 904 5447 ceteris
925 5397 1051 5447 omuibus
1071 5412 1142 5460 quae
1161 5399 1213 5447 rite
1233 5398 1316 5447 scribi
1334 5397 1379 5447 rel
1398 5398 1533 5464 appellari
1552 5410 1668 5464 possunt
1686 5399 1867 5466 quoquolibet
1885 5401 1967 5451 modo
1988 5400 2166 5460 utilitatibus,
2186 5415 2216 5453 to

582 5570 645 5626 145.
671 5571 700 5637 k)
722 5569 750 5622 di
769 5573 825 5634 aus
841 5573 936 5624 Rasur
1019 5570 1039 5635 l)
1061 5588 1106 5620 om
1125 5572 1141 5621 b
1160 5571 1254 5623 Rosur
1336 5573 1376 5635 ml
1393 5575 1405 5624 t
1422 5587 1491 5626 νονν.
1510 5589 1596 5625 uase
1680 5574 1708 5643 n)
1728 5590 1744 5625 a
1762 5575 1817 5638 auf
1832 5575 1926 5626 Basta·
1943 5590 1994 5626 aas
2011 5573 2065 5625 ΕΒ
2083 5574 2168 5627 noch-

670 5649 797 5709 petrapen
869 5644 896 5707 ο)
915 5643 1068 5707 drapum
1086 5642 1327 5694 Embatokollaoa
1347 5644 1397 5697 Bo.
1410 5643 1430 5694 I
1444 5643 1647 5711 macerasse.

582 5729 646 5786 146.
672 5731 821 5800 [Bresslau]
859 5734 885 5797 a)
904 5748 949 5781 om
968 5729 1092 5783 iliacas·
1170 5730 1198 5799 b)
1214 5729 1225 5782 i
1243 5732 1298 5795 aas
1313 5732 1415 5797 Rosur,
1435 5733 1478 5784 die
1495 5733 1561 5784 norb
1579 5740 1659 5786 awos
1677 5737 1765 5786 writer
1780 5735 1842 5800 μὴν
1920 5735 1947 5802 c)
1965 5734 2168 5801 amsspsfdllts

672 5804 781 5855 Lmlcea
799 5805 850 5868 fair
866 5804 917 5855 den
937 5802 1016 5853 Goa-
1034 5803 1092 5854 sard
1111 5803 1314 5867 Grnfennamsn
