4798 6486
824 428 1060 486 HEINRICH
1082 430 1121 485 Π.
1163 428 1259 486 1019.
1804 424 1868 485 513

214 634 339 692 Cubiate,
368 633 510 691 Gussiaco,
539 632 709 683 Paucianum
737 648 799 681 cum
824 630 943 682 aeclesia
969 630 1157 698 apostolorum
1183 631 1303 698 Philippi
1332 638 1359 682 et
1386 633 1480 682 iacobi
1507 638 1535 682 et
1561 648 1622 682 cum
1649 631 1729 698 plebe
1755 639 1867 683 sanctae

213 741 317 792 Mariae
338 746 364 790 et
383 741 470 790 sancti
490 740 645 789 Sebastiani
665 754 735 803 quae
755 739 856 788 dicitur
874 737 994 789 Basilica
1014 754 1088 789 nona
1106 755 1162 789 non
1190 737 1270 803 longe
1290 740 1324 789 ab
1351 740 1445 789 eadem
1471 738 1542 789 cella
1569 725 1638 789 sive
1662 747 1736 789 eum
1760 723 1866 788 villis⁰

214 834 256 898 ad
286 833 443 898 eandeml
474 842 596 897 cortem
627 829 864 917 pertinentibus
899 852 1001 917 prope
1031 830 1083 895 vel
1118 830 1320 917 longiuscule
1351 833 1481 918 positis,
1512 848 1540 897 in
1568 847 1678 897 Uerona
1703 861 1768 895 osso
1794 854 1868 895 curn

213 939 363 1021 eeclesia,
384 953 454 1004 Casa
473 969 555 1013 noua,
578 969 642 1003 casa
661 968 723 1002 curn
745 946 828 1015 [orlto
847 953 874 1001 in
895 951 982 1017 Papia
1001 954 1073 1002 inter
1098 952 1168 1002 duos
1195 958 1293 1018 pontes
1319 949 1351 1002 et
1376 952 1561 1003 molendinum
1587 955 1615 1003 in
1641 952 1769 1013 Cottone,
1796 950 1867 1002 res⁰

214 1155 378 1232 comitatu,
397 1168 426 1217 in
444 1165 649 1217 Mediolaueusc
669 1163 702 1215 el
714 1167 917 1229 Pergameuse
939 1161 971 1215 el
990 1167 1018 1215 in
1036 1166 1171 1224 Teruisio,
1190 1167 1363 1216 Fontauam
1384 1165 1486 1216 latam
1506 1173 1532 1217 et
1552 1168 1771 1217 xenodochium
1793 1176 1867 1216 eum

213 1258 355 1324 aeclesia
374 1275 462 1324 sancti
483 1273 625 1324 Benedicti
644 1274 672 1323 iu
690 1272 784 1322 Monte
805 1271 888 1336 longo
905 1284 922 1315 a
938 1279 965 1321 et
983 1271 1009 1322 al
1020 1274 1027 1321 i
1038 1266 1100 1322 „dr
1118 1285 1135 1316 a
1156 1274 1229 1337 quod
1248 1273 1349 1323 dicitur
1365 1273 1511 1323 cossioms
1530 1290 1591 1323 cum
1611 1275 1668 1324 suis
1686 1275 1867 1339 pertiuentiis,

214 1382 281 1431 duas
301 1386 393 1446 partes
412 1382 445 1431 de
465 1387 551 1431 strata
569 1380 598 1430 in
617 1380 706 1431 Ponte
724 1377 853 1429 Tremulo
871 1391 888 1423 s
910 1395 971 1428 eum
994 1379 1101 1429 duabus
1128 1380 1253 1446 partibus
1279 1379 1441 1440 carseolo,
1466 1378 1572 1430 cortes
1596 1368 1694 1431 etiam
1718 1378 1751 1430 el
1774 1366 1867 1431 villas

214 1475 246 1537 in
270 1473 405 1557 Tuscia3
436 1483 587 1559 preterea
616 1473 643 1536 si
668 1470 792 1558 aliquid
815 1482 864 1536 est
886 1471 940 1535 vel
963 1472 1104 1536 inveniri
1127 1483 1234 1558 potest
1256 1483 1322 1536 tem
1346 1473 1380 1537 iu
1405 1474 1544 1538 circuitu
1567 1472 1712 1538 eiusdem
1737 1473 1867 1538 cenobii

169 1603 195 1641 ro
214 1602 376 1667 quamque
400 1578 537 1644 aliorum
560 1602 659 1665 supra
681 1579 941 1642 nominatorumh
964 1577 1110 1643 locorum
1129 1579 1296 1666 adipsum
1315 1582 1556 1666 pertinentium,
1580 1579 1668 1666 quod
1692 1580 1733 1644 ad
1756 1581 1866 1667 regale

213 1689 264 1751 ius
288 1686 364 1751 olim
387 1685 614 1752 deficientibus
644 1684 849 1750 hereditariis
879 1686 1123 1751 successoribus
1152 1685 1331 1767 devenerit,
1355 1688 1421 1751 iam
1451 1686 1574 1751 dudum
1601 1710 1621 1751 a
1643 1686 1737 1752 nobis
1761 1688 1867 1753 eidem

214 1793 351 1879 cenobio
375 1792 417 1857 ob
436 1803 566 1858 nostrae
586 1794 694 1877 anime
713 1791 893 1857 remedium
913 1815 1114 1875 concessum,
1139 1804 1249 1858 nostra
1268 1792 1447 1881 preceptali
1468 1793 1642 1859 donatione
1662 1805 1695 1858 et
1712 1793 1868 1880 largimur

214 1914 247 1965 et
277 1902 505 1966 confirmantes
535 1898 735 1965 roboramus.
780 1913 878 1964 omnio
914 1915 1000 1978 ip‘tor
1030 1913 1098 1964 hooc
1129 1916 1255 1980 superius
1286 1916 1389 1965 insono
1419 1899 1472 1963 vel
1504 1923 1568 1989 que
1598 1903 1803 1965 continentur
1834 1902 1868 1964 in

214 2024 370 2088 preceptis
395 2028 550 2072 nostrorum
576 2021 801 2087 predecessorum
820 2036 915 2085 regum
941 2027 970 2070 et
997 2023 1191 2087 imperatorum
1218 2020 1349 2072 videlicet
1368 2020 1472 2081 Karoli,
1492 2021 1671 2080 Hlodouuici,
1689 2007 1867 2088 Lotharii¹,

171 2138 196 2177 ιδ
216 2124 404 2194 ltereugariil,
424 2123 568 2193 Hugouisl
591 2134 619 2178 et
640 2129 722 2178 trium
742 2128 884 2186 Ottonum,
909 2112 952 2177 ab
976 2115 1024 2177 ele
1048 2113 1172 2179 seilicet
1198 2128 1298 2179 tradita
1324 2134 1352 2178 et
1378 2128 1537 2179 confirmata
1562 2126 1618 2180 aut
1640 2114 1867 2200 undecumque

215 2239 287 2287 iuste
316 2244 343 2287 et
372 2235 497 2301 legaliter
524 2235 663 2301 adquisita
691 2233 734 2285 vel
764 2234 934 2299 adquirenda
962 2241 1095 2301 perpetus
1123 2234 1274 2285 stabilitate
1302 2235 1478 2286 concedimus
1508 2222 1571 2308 ipsi
1593 2219 1773 2286 venerabili
1795 2220 1867 2286 loeo

215 2345 315 2394 habero
341 2339 374 2394 et
398 2343 548 2408 possidere.
582 2325 850 2392 Benedictionem
880 2349 1009 2414 quoque
1040 2325 1169 2391 abbatis
1200 2326 1242 2391 ab
1273 2327 1472 2414 apostolicae
1502 2327 1590 2392 sedis
1620 2327 1749 2416 presule
1780 2330 1868 2392 omni

216 2449 361 2522 tempore
395 2434 530 2523 [larlgiri
562 2432 733 2499 laudamus
765 2444 797 2498 et
830 2432 997 2497 observari
1028 2432 1259 2499 inviolabiliter
1288 2433 1329 2499 ob
1363 2433 1496 2523 [beatu
1525 2435 1615 2499 Petri
1649 2435 1867 2520 apostolorum

215 2543 372 2630 principis
396 2543 522 2606 eteius
546 2552 678 2605 sanctae
702 2539 789 2604 sedis
812 2541 1029 2605 reverentiam
1047 2541 1081 2603 in
1109 2538 1344 2630 [perpetuum]¹
1378 2544 1559 2624 statuimus,
1591 2541 1865 2629 quemadmodum

171 2676 198 2714 ro
216 2653 250 2715 in
280 2649 460 2737 privilegiis
490 2646 751 2712 venerandorum
782 2645 1032 2733 apostolicorum
1063 2646 1246 2713 ordinatum
1276 2649 1454 2735 antiquitus
1484 2647 1623 2714 habetur
1652 2660 1685 2714 et
1714 2651 1779 2713 iam
1809 2672 1868 2735 per

217 2758 314 2843 longa
338 2767 520 2841 temporum
551 2755 663 2841 spacia
693 2755 839 2818 extitisse
868 2753 1008 2818 videtur.
1054 2754 1299 2841 Praecipientes
1329 2771 1422 2834 itaquo
1449 2770 1588 2829 iubemus,
1617 2776 1648 2820 ut
1675 2770 1752 2821 nullo
1780 2773 1866 2821 nostri

217 2880 293 2944 regni
313 2893 412 2941 magua
432 2892 570 2941 parvaque
589 2892 706 2941 persona
729 2876 891 2941 praescripti
914 2876 1072 2926 monasterii
1097 2876 1224 2926 abbatem
1251 2878 1284 2926 de
1311 2877 1437 2927 omnibns
1462 2864 1695 2949 prenominatis
1721 2877 1866 2928 molestare

216 2985 259 3036 vel
280 2986 425 3035 disvestire
445 2985 503 3033 sine
522 2981 608 3048 regali
628 2983 732 3033 iudicio
752 2982 854 3033 audeat
872 2988 920 3032 aut
945 2981 1046 3033 liberos
1065 2981 1109 3033 vel
1128 2981 1245 3033 famulos
1271 2984 1391 3034 interra
1409 2984 1538 3034 abbatiae
1559 2983 1664 3035 locatos
1683 2968 1803 3056 placito
1823 2985 1866 3036 vel

216 3092 326 3159 publice
352 3091 444 3156 aliqua
469 3091 610 3140 functione
634 3091 795 3153 distringere
814 3089 856 3139 vel
883 3090 1037 3153 inquietare
1063 3095 1090 3140 et
1115 3090 1185 3139 inira
1211 3090 1353 3140 abbaciam
1377 3089 1510 3157 placitare
1537 3098 1690 3161 presumat;
1716 3092 1765 3142 sed
1785 3091 1866 3143 liccat

170 3202 302 3266 tuipsius
321 3199 480 3249 monasterii
506 3197 598 3247 abbati
624 3196 725 3246 habere
751 3202 778 3245 et
804 3196 929 3246 ordinare
956 3197 1129 3255 advocatum,
1155 3212 1355 3262 quemcumque
1374 3197 1426 3247 sibi
1446 3195 1478 3247 et
1499 3199 1605 3265 prefato
1625 3200 1741 3270 cenobio
1760 3199 1867 3250 fidelem

217 3312 244 3357 et
263 3305 357 3356 utilem
377 3321 437 3355 esse
459 3304 655 3370 perspexerit,
675 3304 773 3369 stipsi
793 3303 936 3362 advocato,
956 3303 1020 3353 data
1040 3303 1151 3354 licentia
1170 3304 1204 3354 ab
1224 3305 1332 3364 abbate,
1354 3303 1436 3355 liceat
1454 3319 1519 3355 suos
1539 3306 1655 3366 mittere,
1675 3308 1722 3371 qui
1742 3306 1864 3357 duellum

217 3418 245 3464 et
272 3418 471 3463 sacramentum
499 3410 609 3462 valeant
637 3411 741 3467 iacere,
773 3408 920 3476 nullusque
952 3411 1148 3461 reddibitiones
1179 3418 1226 3461 aut
1257 3410 1382 3477 publicas
1413 3412 1543 3462 excubias
1574 3414 1632 3462 sive
1664 3415 1790 3478 angarias
1817 3431 1867 3463 seu

217 3522 402 3572 extructiones
421 3535 559 3569 murorum
578 3518 736 3585 persolvere
762 3525 811 3567 ant
835 3520 958 3583 pontium
978 3534 1063 3569 novas
1082 3516 1126 3568 vel
1146 3524 1253 3569 veteres
1280 3520 1444 3568 structiones
1471 3535 1553 3583 agere
1574 3519 1617 3570 vel
1642 3536 1774 3571 renovare
1794 3537 1865 3572 conr·

217 3626 372 3693 pellatur.
408 3626 450 3676 Ad
475 3627 544 3676 baec
570 3626 754 3683 concedimus,
782 3631 811 3675 ut
838 3623 920 3675 liceat
946 3626 1037 3675 abbati
1065 3641 1158 3676 omnes
1184 3641 1227 3675 res
1254 3626 1376 3676 eiusdem
1401 3627 1568 3685 monasterii,
1594 3628 1627 3677 de
1647 3628 1747 3691 quibus
1765 3630 1868 3694 scripta

170 3745 198 3784 to
216 3751 266 3800 per
283 3734 385 3784 lurtum
403 3732 446 3782 vel
467 3733 624 3799 perignem
643 3738 718 3782 aut¹¹¹
737 3731 831 3796 aliquo
851 3732 1001 3782 infortunio
1021 3731 1128 3797 perdita
1146 3738 1218 3791 sunt,
1245 3748 1293 3797 per
1312 3739 1367 3782 tres
1386 3731 1599 3784 sacramentales
1618 3733 1677 3783 sine
1699 3732 1782 3784 ullius
1802 3752 1866 3785 cou-

216 3842 379 3891 tradictione
398 3846 499 3890 tenere.
537 3838 716 3890 annullamus
743 3840 826 3889 etiam
851 3854 945 3890 omnes
964 3839 1128 3904 scriptiones
1147 3836 1277 3889 videlicet
1303 3837 1451 3889 libellarias
1471 3841 1608 3909 precarias
1627 3843 1865 3902 commutationes,

216 3965 284 4012 quas
303 3956 401 3999 eontra
420 3948 501 3997 doum
519 3933 606 4013 ipsios
627 3944 681 3995 loci
700 3947 785 3996 abbas
803 3946 903 3996 videtu
928 3962 988 3996 osso
1007 3946 1102 3995 laotos.
1146 3930 1199 3995 De
1223 3933 1326 3995 servis
1349 3954 1427 3995 vero
1451 3930 1505 3996 vel
1528 3932 1654 3996 ancillis
1678 3935 1780 4019 ipsius
1803 3935 1866 3999 loci

216 4063 236 4105 a
260 4061 317 4105 suo
342 4039 509 4104 conditore
532 4040 565 4101 in
590 4039 758 4103 servitium
782 4037 1014 4102 monachorum
1034 4037 1095 4101 deo
1116 4038 1326 4101 servientium
1347 4035 1429 4101 inibi
1448 4037 1585 4119 traditis,
1610 4040 1666 4126 qui
1689 4063 1764 4104 suos
1783 4040 1866 4104 lilios

216 4146 270 4210 vel
299 4146 381 4210 libas
414 4147 585 4210 occasione
617 4143 782 4209 alienandi
813 4167 868 4208 eos
891 4143 944 4208 vel
977 4167 1087 4208 eorum
1117 4142 1201 4207 filios
1224 4167 1245 4207 a
1268 4145 1400 4209 servitio
1424 4143 1535 4209 liberis
1560 4146 1711 4233 coniugio
1735 4147 1867 4213 tradunt

171 4277 198 4318 ss
217 4265 273 4317 aut
296 4265 429 4317 econtra
451 4253 642 4338 suscipiunt,
674 4252 898 4315 constituimus
922 4261 954 4314 et
978 4251 1215 4333 confirmamus,
1246 4261 1291 4330 ut,
1322 4251 1414 4314 iuxta
1441 4251 1528 4338 quod
1551 4254 1585 4316 in
1608 4254 1771 4340 preceptis
1795 4278 1866 4341 pre·

218 4359 425 4424 decessorum
448 4369 631 4422 nostrorum
654 4380 766 4443 regum
791 4369 823 4421 ct
846 4358 1076 4444 imperatorum
1100 4358 1308 4422 coustitutum
1332 4356 1479 4440 habetur,
1504 4359 1573 4423 sive
1593 4358 1634 4423 de
1653 4370 1791 4447 paterna
1809 4385 1867 4427 seu

218 4467 258 4531 de
282 4478 427 4530 materna
451 4467 660 4552 generatione
684 4463 923 4545 descenderint,
947 4463 1131 4528 nullatenus
1149 4487 1170 4527 a
1187 4463 1344 4528 famulatu
1367 4465 1547 4547 discedant,
1572 4466 1630 4530 sed
1652 4468 1687 4531 in
1709 4480 1868 4555 perpetua

218 4577 372 4638 servitute
396 4581 609 4660 permaneant
633 4572 721 4634 etin
745 4593 875 4633 suorum
899 4581 1081 4657 parentum,
1112 4594 1277 4636 servorum
1306 4570 1440 4653 scilicet,
1471 4572 1656 4638 conditione
1679 4573 1866 4661 perdurent.

172 4812 200 4850 to
218 4802 391 4852 medietatem
411 4802 539 4851 kamerac
558 4808 648 4865 nostre
669 4806 695 4849 et
715 4784 921 4850 medietatem
942 4799 1046 4864 prelato
1066 4802 1242 4851 monastario.
1280 4801 1361 4863 Quod
1381 4808 1411 4852 ut
1430 4804 1521 4852 verius
1548 4802 1675 4853 credatur
1694 4803 1866 4869 diligentius·

218 4916 272 4964 que
291 4900 325 4949 ab
345 4900 471 4949 omuibus
490 4901 659 4958 observetur,
680 4914 761 4948 mauu
781 4898 891 4963 propria
911 4897 1047 4948 firmantes
1066 4897 1159 4963 sigillo
1179 4907 1272 4950 nostro
1292 4901 1417 4965 insigniri
1437 4902 1574 4952 iussimus.

324 5000 342 5089 ξ
365 5000 500 5086 Signum
524 5000 633 5064 domui
658 5000 806 5064 Heinrici
831 5008 895 5077 (M.)
919 5001 1122 5086 imperatoris
1146 4999 1323 5090 augustii

325 5125 341 5214 ξ
365 5126 540 5191 Heinricus
564 5128 736 5212 episcopus
760 5136 792 5190 et
815 5124 1028 5189 cancellarius
1052 5125 1125 5188 vice
1148 5125 1331 5190 Euerhardi
1362 5129 1508 5214 episcopi
1536 5140 1568 5192 et
1590 5129 1869 5197 archicancellarii

219 5234 418 5319 recognovit.
436 5231 453 5322 ξ
1699 5241 1755 5318 (SI.
1773 5245 1824 5321 D.)

173 5443 201 5482 eo
290 5429 354 5484 eeu.
380 5431 406 5496 c)
424 5428 694 5482 daemonicos.
714 5444 799 5479 auae
862 5427 890 5493 d)
908 5444 924 5478 a
942 5443 1011 5481 corr.
1031 5444 1116 5479 ausu
1182 5430 1283 5495 e)diea
1303 5429 1375 5480 Wort
1394 5432 1422 5481 in
1441 5431 1621 5497 mortemer
1640 5433 1743 5498 tibris!
1805 5436 1833 5503 i)
1851 5455 1868 5488 v

379 5501 444 5554 siber
461 5500 509 5552 der
527 5501 598 5553 Zeila
616 5501 810 5566 accipe-apsa
873 5504 902 5568 g)
919 5515 935 5550 v
954 5515 1024 5553 corr.
1044 5515 1094 5550 aas
1112 5516 1129 5552 o
1148 5499 1245 5552 odere
1308 5499 1337 5567 h)
1355 5501 1481 5555 debiater
1499 5502 1586 5556 elane
1604 5504 1697 5556 cosor
1760 5506 1780 5574 i)
1801 5508 1870 5561 disse

380 5574 441 5623 drer'
459 5573 562 5623 Nomen
579 5572 707 5624 vielles'cbt
732 5574 761 5623 ia
786 5571 873 5633 deser
890 5571 1022 5637 columem
1040 5571 1129 5622 Lstcke
1152 5571 1346 5638 occuparem
1436 5572 1464 5639 k)
1489 5590 1526 5639 ao,
1553 5575 1624 5626 asilu
1649 5576 1745 5642 sancti,
1771 5579 1870 5634 msam

381 5644 448 5695 nach
467 5644 516 5694 dea
536 5642 722 5695 roo-bandarum
741 5643 945 5710 Schriftspurm
968 5647 1080 5707 eroum
1104 5642 1208 5695 wadan
1232 5658 1267 5693 zu
1293 5647 1399 5696 malesco
1470 5644 1490 5711 l)
1517 5650 1582 5697 aaa
1605 5646 1783 5716 coenosos·
1807 5653 1871 5704 aad

380 5732 414 5765 zu
434 5716 549 5780 Anfaap
566 5716 611 5766 dea
631 5715 731 5766 Wortea
748 5714 814 5764 noel
832 5714 992 5773 arbensem,
1012 5729 1042 5764 ao
1059 5714 1123 5765 does
1140 5714 1183 5764 die
1201 5714 1371 5781 &quamue
1388 5714 1457 5767 wohl
1472 5716 1558 5768 atbar
1575 5720 1610 5770 s'at
1699 5722 1739 5786 m)
1765 5738 1869 5779 ecorr.

173 5798 202 5838 ω
380 5803 431 5835 orca
449 5803 466 5837 u

289 5909 487 5951 solennitates
502 5911 546 5950 ru.
1605 5901 1640 5954 65
