4836 6492
874 432 1111 488 HEINRICH
1134 432 1173 487 Π.
1212 430 1307 487 1022.
1463 480 1466 485 ⁴
1849 426 1914 489 603

369 617 531 683 Henrious
562 629 718 704 augustus
748 619 924 706 imperator
945 620 1118 685 secundus²
1142 627 1277 699 occipitb
1302 634 1354 684 sub
1378 623 1568 706 protectione
1588 632 1724 699 imperiali
1748 617 1946 684 abbatiamr

261 736 294 790 el
317 726 450 792 liberam
465 728 558 813 facit
582 740 616 790 ab
642 740 717 791 omui
734 741 907 792 subiectione
926 741 1196 807 archiepiscoporum
1213 742 1272 791 sive
1297 739 1423 799 aliorum,
1449 746 1481 791 ut
1505 742 1541 791 sit
1566 739 1667 806 regalis
1692 739 1763 791 nulli
1788 742 1915 793 subiecta
1933 753 1957 792 11

260 862 375 915 persone
394 848 600 908 dominantium,
619 848 649 898 et
665 836 787 920 {saiw
806 847 934 899 monachi
953 864 970 897 a
984 836 1133 923 factione
1151 846 1333 899 secularium
1348 837 1502 898 elnmnnes
1520 848 1554 898 de
1572 848 1630 898 suis
1650 847 1758 912 qualem
1774 847 1914 899 voluerint

260 953 387 1004 abbatem
404 964 469 1026 per
495 954 675 1020 episcopum
701 953 926 1006 comaclensem
952 956 1168 1006 consecrandum
1195 953 1311 1020 eligant.
1355 953 1503 1006 Confirmat
1528 944 1567 1023 ei,
1598 941 1683 1028 que‘¹
1706 940 1748 1006 ab
1773 941 1943 1007 oddone!

223 1067 237 1107 s
259 1047 454 1132 imperatore
478 1047 573 1111 tertio
596 1051 762 1134 superins⁰
787 1046 907 1112 donata
935 1058 1011 1112 sunt
1040 1070 1098 1112 seu
1128 1069 1294 1129 concessa,
1323 1046 1359 1112 id
1382 1047 1465 1112 est‘l:
1496 1048 1602 1134 ipsam
1626 1045 1793 1112 abbatiam
1816 1048 1911 1112 cums

259 1151 408 1217 omnibus
432 1154 641 1239 pertinenciis
665 1154 732 1217 suis
759 1165 889 1219 etcum
918 1152 1074 1219 lateribus
1097 1153 1239 1241 desuper
1268 1155 1302 1218 in
1332 1164 1400 1219 tota
1429 1167 1529 1227 insula,
1560 1154 1664 1240 primo
1695 1154 1795 1218 latere
1818 1153 1910 1219 Pedo

257 1270 489 1346 percurrente⁸
512 1262 547 1323 in
568 1283 669 1343 mare,
693 1260 837 1324 secundo
858 1260 961 1325 latere
985 1259 1074 1325 littus
1096 1262 1206 1343 maris,
1230 1262 1325 1325 tertio
1349 1260 1450 1325 latere
1471 1260 1593 1343 Gauro,
1617 1262 1752 1348 insuper
1769 1263 1913 1348 piscaria

258 1387 322 1454 que
346 1376 483 1430 vocatur
502 1376 633 1431 Uolanah
658 1390 678 1431 a
700 1369 771 1432 rivo
795 1366 977 1432 Baderinoi
1003 1390 1106 1454 usque
1130 1370 1164 1431 in
1187 1390 1276 1432 mare
1300 1378 1334 1432 et
1356 1367 1446 1433 locus
1470 1369 1527 1455 qui
1551 1367 1670 1433 dicitur
1692 1383 1770 1433 Lacu
1793 1377 1913 1433 sanctok

258 1502 320 1536 cum
348 1488 475 1539 omnibus
505 1488 558 1538 sibi
589 1489 799 1553 pertinentibus,
833 1484 1096 1560 quantacumque
1131 1475 1165 1538 ln
1199 1488 1366 1559 apostolicp
1400 1474 1487 1539 sedis
1521 1485 1677 1562 precepto
1712 1474 1910 1562 releguntur,

214 1602 240 1641 ro
257 1578 427 1643 videlicct¹
453 1580 539 1644 infra
568 1590 670 1645 totum
700 1581 916 1645 comitatum1¹¹
939 1579 1187 1646 Oomaolcnsem
1217 1592 1251 1646 et
1280 1582 1523 1647 Ferrariensem
1554 1592 1587 1646 et
1618 1581 1850 1647 (ianellensem
1884 1604 1912 1647 et

257 1702 286 1751 in
316 1688 448 1751 civitate
478 1702 624 1767 Raueune
652 1708 681 1753 et
708 1703 736 1752 in
764 1703 897 1753 comitatu
923 1687 1134 1753 corneliense
1167 1709 1195 1754 et
1217 1704 1372 1753 Fauentino
1396 1700 1429 1753 et
1453 1703 1583 1754 Liuiense
1606 1700 1639 1754 el
1659 1689 1848 1776 Pupillense
1879 1703 1912 1754 el

258 1792 419 1858 Cesenatc
450 1805 483 1858 et
504 1795 712 1859 Ariminense
743 1805 776 1859 et
797 1795 948 1859 Fanensc
980 1807 1013 1859 et
1042 1795 1127 1859 infra
1157 1807 1258 1861 totum
1289 1797 1477 1861 comitatum
1500 1797 1694 1861 Perusinum
1723 1819 1798 1861 cum
1825 1798 1910 1861 areis

225 1975 230 1985 ⁸
258 1900 394 1989 edificiis
418 1916 515 1964 castris
535 1913 649 1981 capellis
668 1914 746 1965 silvis
764 1903 866 1987 pratis
889 1903 1020 1988 pascuis
1039 1900 1182 1966 salictis¹¹
1205 1915 1316 1968 olivetis
1341 1918 1429 1968 vincis
1455 1919 1594 1969 montibus
1613 1916 1810 1983 planiciebus
1830 1920 1910 1982 aquis

257 2027 459 2087 aquarumve⁰
483 2021 658 2072 decursibus
677 2023 876 2088 piscationibus
895 2023 1088 2073 venationibus
1107 2021 1203 2074 salinis
1227 2021 1260 2074 et
1283 2033 1357 2074 cum
1381 2011 1468 2075 omni
1488 2010 1636 2093 utilitate,
1661 2033 1725 2100 qus
1748 2011 1910 2075 nominari

213 2136 239 2174 rs
257 2124 332 2178 autp
356 2112 455 2178 scribi
479 2115 630 2200 potcstl‘l.

367 2256 549 2322 Ostenditur
572 2258 659 2323 bulla
683 2259 760 2323 olim
783 2282 869 2323 cereo
892 2259 1001 2345 sipillo
1024 2261 1182 2325 roborata.

364 2399 536 2465 inchoans:
559 2399 598 2463 In
621 2401 751 2463 nomine
776 2411 888 2486 sancte
912 2412 944 2464 et
966 2400 1135 2487 individue
1157 2403 1320 2467 trinitatis.
1368 2492 1372 2499 ὗ

362 2540 505 2605 Datuml
522 2556 585 2605 VII.
605 2540 671 2605 kal.
691 2542 761 2608 iul.⁸
781 2564 867 2606 anno
887 2541 1010 2606 domini
1025 2557 1139 2625 Mxxll,
1158 2543 1335 2609 indictione
1351 2560 1385 2627 V,
1405 2548 1460 2610 sni
1475 2545 1568 2631 regni
1587 2567 1673 2609 anno
1690 2559 1761 2628 XXI,
1781 2546 1910 2632 imperii

258 2658 366 2712 autem
384 2662 476 2712 V1111.

211 2956 239 2994 ιο
1037 2914 1134 3000 474.

258 3074 435 3149 Heinrich
460 3074 607 3149 scdenkt
631 3075 709 3150 dem
730 3075 878 3150 Kloster
899 3076 1164 3152 Montecossino
1186 3077 1253 3151 dus
1279 3077 1350 3152 den
1371 3078 1535 3152 Fcinden
1561 3081 1754 3154 entrn‘ssene
1778 3075 1911 3155 Castell

257 3193 381 3267 Becco
408 3195 633 3269 choundro.
1405 3226 1616 3286 promemus,
1638 3228 1720 3287 1022
1742 3256 1786 3264 -
1808 3256 1863 3286 -,

366 3403 609 3477 Oripinuldiplorn
634 3404 673 3461 im
696 3403 916 3463 Klosterorcltiv
937 3423 973 3463 zu
995 3405 1205 3464 Monteeussino
1230 3405 1302 3472 (A).

363 3546 470 3605 Leonis
493 3546 597 3605 Ciron.
622 3566 696 3606 mon.
723 3546 883 3607 Cassioens.
902 3550 934 3617 2,
950 3549 989 3606 43
1006 3548 1075 3615 (44)
1099 3548 1141 3606 ed.
1166 3547 1343 3606 Laurentius
1364 3547 1468 3607 Vincat.
1489 3548 1530 3605 52
1560 3548 1619 3607 und
1648 3548 1680 3606 in
1703 3547 1782 3607 Mon.
1810 3547 1908 3608 Germ.

211 3666 238 3706 ro
364 3652 417 3712 SS.
435 3653 464 3723 7,
477 3655 538 3712 657
555 3654 602 3712 cit.
621 3682 662 3692 -
682 3654 799 3713 Guttolu
812 3654 990 3713 Accessiones
1005 3655 1044 3713 ud
1059 3655 1124 3713 best.
1142 3655 1204 3713 abb.
1221 3652 1332 3713 (iussin
1352 3655 1449 3723 1,119
1464 3672 1518 3712 aus
1531 3656 1560 3711 A
1575 3656 1628 3713 mit
1643 3673 1672 3713 a.
1689 3673 1753 3731 reg.
1766 3656 1851 3714 XXI.
1865 3685 1910 3694 -

362 3761 489 3820 Bonna
511 3760 582 3834 Rep.
600 3762 690 3819 1228.
714 3791 759 3799 —
782 3760 906 3835 Stumps
920 3761 991 3836 Req.
1009 3761 1098 3821 1786.

368 3903 499 3974 Versosst
527 3904 588 3962 und
614 3905 791 3978 pmcbateben
819 3922 874 3962 von
899 3903 964 3963 GE.
989 3934 1033 3943 -
1064 3904 1099 3961 In
1123 3903 1334 3964 Montecnssino
1364 3923 1427 3962 war
1454 3905 1506 3963 der
1529 3904 1639 3963 Kniser
1666 3905 1699 3963 in
1727 3906 1781 3965 den
1811 3906 1910 3963 letrten

367 4010 460 4083 Tnpen
484 4010 532 4068 des
554 4010 638 4079 Juni,
661 4011 717 4085 vol.
737 4010 877 4069 Bresslnu
900 4012 931 4069 in
955 4011 1065 4069 Hirscls
1083 4010 1187 4070 Jahrb.
1209 4013 1238 4080 3,
1253 4010 1364 4084 senff.

365 4186 422 4255 (C.)
447 4176 464 4265 ξ
487 4178 527 4241 In
549 4179 678 4242 nominc
703 4191 836 4243 sanctae
861 4191 894 4243 et
916 4179 1106 4244 individuae
1129 4180 1292 4244 trinitatis.
1338 4179 1516 4244 Heinricus
1546 4178 1659 4244 divina
1685 4181 1816 4245 favente
1844 4180 1908 4245 cle·

212 4307 239 4347 so
257 4286 380 4349 mentia
402 4285 621 4349 Romanorum
648 4287 824 4372 imperator
846 4285 1051 4374 augustus}
1159 4286 1318 4367 Quamvis
1349 4287 1564 4350 communiter
1592 4285 1665 4351 loca
1695 4287 1756 4351 deo
1786 4285 1909 4373 ubique

258 4391 367 4456 dicata
390 4391 523 4456 cottidie
546 4393 601 4454 inl
623 4391 739 4455 melius
770 4392 949 4478 proficereb
974 4404 1084 4457 nostra
1113 4416 1175 4479 ope
1205 4391 1353 4457 adhibita
1380 4392 1530 4475 velimus,
1561 4393 1770 4481 singulariter
1798 4405 1909 4459 tamen

257 4509 290 4563 et
312 4499 406 4586 quasi
431 4496 604 4585 specialius
628 4499 745 4563 ceteris
769 4498 887 4577 locum,
911 4500 944 4563 in
968 4522 1033 4586 quo
1056 4498 1254 4564 venerabilis
1277 4501 1380 4586 patris
1401 4502 1504 4565 nostri
1522 4502 1718 4566 sanctissimi
1735 4501 1908 4566 Benedicti

257 4628 375 4692 corpus
398 4605 536 4687 fovetur,
564 4603 686 4690 pollere
710 4604 886 4669 admodum
909 4607 1068 4692 cupimus,
1098 4608 1220 4693 quippe
1244 4629 1342 4693 quem
1365 4629 1386 4671 s
1408 4608 1512 4692 primo
1536 4610 1652 4672 aetatis
1676 4608 1754 4674 flore
1778 4632 1909 4695 semper

257 4714 398 4777 maxime
423 4711 596 4776 dileximus
620 4712 777 4798 cuiusque
800 4713 1033 4779 intercessione
1057 4715 1204 4801 piissima
1226 4713 1384 4778 hactenus
1414 4715 1503 4778 etin
1527 4738 1628 4800 regno
1652 4715 1795 4781 roborati
1819 4718 1908 4781 etin

211 4840 239 4880 as
257 4819 442 4884 infirmitate
467 4821 575 4906 sepius
599 4819 714 4906 positi⁰
738 4820 993 4885 misericorditer
1014 4820 1150 4885 relevati
1178 4843 1299 4885 sumus.
1345 4821 1434 4907 Ergo
1465 4823 1608 4888 omnium
1632 4821 1753 4888 Christi
1783 4836 1908 4889 nostro-

257 4949 393 5014 rumque
417 4925 561 4991 fidelium
584 4926 830 4990 universitatem
854 4927 937 4990 scire
961 4925 1120 5009 iubemus,
1145 4927 1286 5015 qualiter
1308 4950 1368 4992 nos
1386 4950 1445 5015 pro
1467 4929 1611 4995 remedio
1630 4931 1758 4995 animae
1777 4942 1907 4996 nostrae

327 5130 392 5187 dib.
417 5131 521 5201 [Bloch]
558 5132 584 5193 a)
602 5132 630 5183 Ε
700 5131 730 5200 b)
749 5131 848 5201 recipit
868 5133 925 5186 l'U.
940 5133 969 5195 1,·
987 5133 1132 5201 recipimus
1150 5134 1215 5185 NU.
1282 5136 1307 5200 c)
1328 5133 1380 5202 ipsi
1392 5133 1436 5186 Ε*
1502 5133 1531 5201 d)
1551 5135 1595 5188 dre
1611 5135 1690 5188 Stella
1707 5135 1848 5206 que-id
1867 5140 1909 5189 est

418 5205 492 5255 lana
517 5207 546 5254 ia
571 5205 629 5255 dnn
656 5202 783 5269 0νίρὶπαί
804 5205 948 5269 paetendens
966 5205 1059 5270 buben,
1086 5207 1120 5257 tat
1142 5206 1205 5256 aber
1222 5205 1295 5257 nunt
1318 5206 1406 5258 sicher
1423 5206 1563 5273 wistron
1587 5206 1711 5275 superius
1729 5207 1827 5261 oozam
1851 5210 1909 5261 stols

417 5276 555 5327 nntnrlr'els
579 5276 635 5338 auf
654 5277 699 5327 ein
722 5275 823 5338 frtibsr
840 5278 870 5326 in
894 5276 952 5327 dem
977 5275 1106 5327 laventur·
1129 5277 1316 5329 camenam
1336 5277 1472 5336 Do.111,·
1494 5280 1607 5342 9emer'nt
1629 5281 1665 5330 r'st
1689 5279 1758 5332 conl
1781 5279 1839 5334 ΒΟ.
1853 5280 1907 5336 III.

418 5351 470 5399 395
543 5347 569 5414 s)
589 5346 640 5411 E¹,·
657 5346 709 5414 sup
727 5346 769 5397 Er
841 5346 866 5412 l)
884 5364 946 5398 cum
966 5347 1093 5399 omnibus
1114 5377 1143 5385 -
1164 5352 1256 5415 potest
1281 5374 1310 5391 =
1330 5349 1444 5416 Stampf
1459 5348 1522 5414 Rea.
1539 5352 1611 5401 2283
1682 5352 1712 5419 g)
1732 5357 1909 5418 percurrente

418 5419 531 5486 §sumpt
543 5419 608 5484 Bep.
621 5421 692 5470 2283
716 5419 773 5469 und
797 5419 839 5469 die
856 5424 979 5485 spateren
999 5419 1025 5469 N
1031 5419 1056 5470 ll
1059 5420 1088 5472 U.
1094 5442 1103 5483 ,·
1128 5420 1272 5486 peurrente
1291 5420 1346 5486 3¹3
1365 5423 1544 5487 procurrente
1562 5419 1605 5472 1⁴2²
1675 5419 1705 5487 h)
1726 5423 1790 5474 dass
1806 5423 1910 5477 Volane

419 5490 489 5540 auctr
515 5492 544 5541 s'n
571 5491 620 5542 der·
644 5490 700 5544 VU.
720 5489 740 5541 Ι
763 5489 883 5541 modist
911 5505 981 5554 war,
1015 5492 1049 5540 ist
1075 5490 1154 5542 sebon
1184 5493 1214 5541 in
1240 5492 1289 5543 der
1313 5491 1531 5556 Varamerkuay
1556 5508 1593 5542 zu
1621 5492 1655 5546 D.
1678 5496 1731 5544 312
1757 5495 1908 5560 foetentem

418 5559 438 5625 i)
459 5558 599 5613 Buderino
617 5560 658 5612 E¹
737 5560 767 5625 k)
788 5561 830 5613 E²
845 5585 874 5603 =
890 5561 968 5625 NU.,·
986 5558 1077 5613 Lacus
1095 5566 1188 5613 sancto
1206 5561 1247 5614 Ε1
1314 5561 1335 5628 l)
1358 5568 1387 5615 et
1404 5563 1459 5629 13¹5
1484 5562 1527 5615 vel
1545 5563 1575 5614 N
1581 5563 1611 5617 U.
1683 5567 1722 5633 m)
1748 5565 1907 5619 comitatum

418 5632 578 5683 comitatum
598 5631 640 5682 103¹
722 5634 752 5700 n)
779 5631 921 5685 salictibns
938 5632 978 5683 8¹
1068 5635 1096 5695 o)
1124 5649 1257 5700 aquarum
1276 5634 1348 5695 Vin,-
1372 5649 1560 5702 aqusrumque
1578 5634 1640 5691 NU.
1729 5639 1758 5705 p)
1782 5638 1826 5690 vel
1844 5638 1874 5689 N
1877 5640 1907 5694 U.

212 5722 241 5763 ω
418 5710 447 5771 q)
475 5702 559 5771 possit
578 5703 640 5757 NU.
713 5704 737 5771 r)
756 5702 853 5757 datE
921 5708 945 5769 s)
966 5702 1022 5757 kal.
1039 5702 1085 5757 iul.
1103 5704 1169 5768 fehlt
1187 5706 1217 5755 r’n
1235 5705 1285 5759 3¹.

329 5790 394 5847 474.
419 5790 527 5862 [Bloch]
564 5796 591 5859 a)
611 5809 630 5844 n
648 5807 718 5845 sorr.
737 5807 788 5844 ans
805 5809 832 5844 m
904 5792 934 5861 b)
953 5790 1009 5861 pfic
1027 5793 1083 5857 aas
1096 5793 1190 5846 sam
1261 5795 1287 5861 e)
1307 5795 1372 5846 tiber
1388 5810 1408 5863 p
1426 5797 1482 5847 sine
1500 5795 1646 5863 Owldnpe
1663 5799 1820 5851 amdam

1643 5909 1695 5959 *lt*
