4766 6604
533 399 598 460 408
1123 400 1594 459 KAISERURKUNDEN.

530 592 680 657 Aim0nis
697 602 729 656 et
742 590 874 656 Girardi
891 601 924 656 et
937 589 1081 655 Goslini¹
1100 590 1236 654 fratrum
1251 589 1331 654 eius.
1387 602 1486 653 Omnis
1504 603 1600 669 predia
1616 615 1632 646 r
1655 603 1806 654 richardi*
1830 612 1859 654 ot
1878 603 2050 657 Vuslderade
2073 602 2105 654 ei
2122 605 2188 655 Vni-

621 698 771 762 Notumm
805 699 847 762 sit
881 697 1050 779 omnibns,
1089 697 1189 783 quia¹²
1222 696 1332 760 omnia
1386 709 1458 760 berti
1482 709 1533 760 filii
1552 711 1677 761 hadonis
1700 716 1728 761 ot
1747 711 1866 761 omnium
1885 698 2021 761 istorum
2038 712 2188 767 homiuum,

530 803 656 892 predia,
684 827 748 893 que
775 804 928 869 fuerunt⁰
952 803 1109 869 Ricbanfi
1132 813 1165 867 et
1188 800 1331 867 Uualde·
1386 831 1529 881 qnorum
1562 804 1695 866 nomina
1728 801 1781 866 hic
1811 819 1933 885 scripta
1972 804 2187 875 eontinentur,

531 910 610 999 rade
634 933 732 996 quam
763 922 796 975 et
825 911 968 975 omnium
991 909 1120 974 illorum
1143 908 1331 974 bominum?
1387 907 1460 994 lege
1490 907 1761 995 Longbardorum
1796 920 1907 974 nostra
1941 921 2016 974 sunt
2044 911 2187 996 propria,

528 1019 587 1104 qui
617 1015 730 1081 subtus
758 1015 762 1103 l
789 1014 990 1098 scribuntur,
1021 1026 1133 1080 sancto
1163 1012 1332 1079 Eusebioq
1387 1030 1453 1093 qnia
1482 1017 1544 1097 isti,
1575 1026 1748 1101 postquam
1772 1014 1866 1080 nobis
1888 1015 2077 1080 fidelitatem
2100 1017 2223 1081 iura-r

500 1122 503 1127 ’
530 1123 678 1209 legaliter
696 1122 866 1204 donamus,
886 1124 963 1209 quia
980 1123 1082 1186 iuneti
1097 1119 1264 1186 Ardoinor
1283 1122 1331 1184 in-
1385 1132 1513 1204 verunt,
1545 1144 1667 1186 corona
1696 1123 1789 1208 regni
1812 1121 2035 1208 Longbardioi
2063 1135 2095 1187 et
2118 1122 2187 1186 dia·

530 1241 668 1294 vasore⁸
699 1231 793 1316 regni
829 1230 932 1293 nostri
962 1230 1068 1316 ipsam
1097 1226 1332 1315 Euselbianam
1386 1226 1514 1293 demate
1533 1228 1663 1313 imperii
1681 1227 1777 1292 nobis
1795 1230 1862 1293 iam
1878 1228 2043 1311 attributa,
2061 1243 2186 1295 ardoino

531 1334 703 1401 eeclesiam
726 1337 850 1422 rapinis
873 1346 907 1400 et
922 1334 1084 1400 incendiis
1104 1333 1330 1399 confuderunt.
1385 1350 1464 1412 regni
1483 1350 1569 1399 nostri
1588 1350 1707 1399 invasori
1732 1350 1819 1399 iuneti
1843 1336 1952 1399 omnia
1974 1347 2187 1399 vastaverunt

530 1443 663 1507 Donata
686 1452 761 1506 sunt
782 1441 899 1529 predia
921 1440 1078 1506 Richardi
1096 1440 1221 1522 Karon,
1245 1440 1330 1505 Fon·
1386 1450 1418 1505 et
1433 1441 1576 1505 maxime
1593 1455 1777 1506 Emebianam
1797 1454 1942 1506 ecclesiam
1958 1440 2188 1507 miserabiliter

531 1559 685 1625 tanetum,
712 1562 834 1625 Caurum
870 1548 874 1635 Ι
900 1547 941 1612 dc
974 1546 1235 1635 [K]alendustria
1263 1569 1330 1611 me·
1385 1547 1570 1612 aflixerunt.
1616 1547 1696 1612 Ideo
1727 1571 1816 1634 ergo,
1847 1549 1926 1635 quia
1954 1546 2082 1635 iegibus
2111 1571 2185 1635 per·
2206 1575 2229 1613 ro

531 1654 684 1720 dietatem
715 1654 882 1720 reddimus
914 1665 1028 1719 sancto
1057 1652 1220 1735 Eusebio,
1253 1653 1332 1739 quia
1385 1653 1547 1735 diderunt,
1571 1653 1698 1741 legibus
1714 1666 1825 1720 nostra
1843 1665 1934 1738 sunt;
1959 1666 1992 1721 et
2010 1656 2088 1742 quis
2106 1654 2186 1742 legi-

531 1784 625 1826 suum
638 1759 644 1850 Ι
657 1761 719 1826 fuit
735 1761 820 1826 dono
832 1760 1001 1826 Amizonis
1018 1762 1144 1826 comitis
1154 1764 1176 1842 ²,
1193 1758 1329 1825 alteram
1384 1757 1446 1825 bus
1462 1770 1573 1825 nostra
1585 1771 1669 1843 sunt,
1685 1760 1813 1847 legibus
1829 1782 1926 1826 sancto
1940 1776 2061 1827 Eusebio
2075 1764 2186 1826 omnia

530 1868 740 1933 medietatem
774 1866 933 1932 donamus
968 1891 1031 1954 qne
1066 1864 1223 1931 Richardi
1257 1875 1290 1930 et
1324 1866 1328 1953 ᾗ
1384 1867 1623 1953 imperpetuum
1658 1867 1784 1932 damus.
1842 1867 2039 1954 Quicunque
2076 1880 2185 1934 autem

530 1973 740 2061 Uualderado
755 1974 871 2055 fuerat,
891 1973 951 2039 sod
966 1973 1008 2038 ad
1024 1984 1171 2039 nostrum
1187 1971 1329 2054 devenit,
1385 1984 1532 2038 sanctam
1544 1973 1788 2039 Vercellensem
1805 1974 1977 2040 eeclesiam
1994 1975 2035 2039 de
2051 1975 2102 2039 his
2118 1999 2185 2040 om-

531 2080 608 2145 dum
624 2091 734 2144 nostro
753 2079 895 2167 inimissco
914 2079 1051 2167 adhesit.
1091 2092 1212 2144 Sutrium
1229 2089 1329 2143 totam
1384 2078 1481 2145 nibus
1504 2080 1726 2145 disvestiverit
1748 2080 1802 2145 vel
1825 2082 2066 2167 inquietaverit,
2097 2106 2183 2146 com·
2203 2107 2227 2145 re

530 2185 696 2253 reddimus
716 2186 854 2275 ecclesie
876 2209 941 2273 que
960 2187 1030 2252 eius
1048 2184 1091 2251 ab
1109 2186 1208 2251 inicio
1229 2184 1234 2271 Ι
1254 2184 1329 2267 fuit3
1384 2198 1510 2273 ponatw
1525 2201 1554 2250 M
1569 2186 1670 2251 libras
1694 2189 1775 2269 suri,
1801 2186 2032 2277 [medietatem]
2049 2188 2184 2253 kamere

530 2318 545 2357 s
570 2341 740 2357 ......
766 2307 891 2357 Bomado
917 2303 950 2358 et
972 2291 1207 2380 Mosterol[um]
1234 2340 1330 2356 ....
1384 2304 1494 2358 nostre
1518 2304 1578 2358 etw
1602 2304 1714 2358 saneto
1732 2293 1878 2359 Eusebio
1902 2294 2047 2359 alteram.
2087 2294 2185 2375 Quod

531 2449 643 2464 .....
665 2449 673 2463 .
695 2399 699 2485 l
721 2408 872 2464 ettotam
891 2398 1060 2464 abbatiam
1078 2399 1120 2463 de
1136 2411 1252 2463 cntinuo
1269 2429 1331 2463 oum
1384 2409 1419 2464 ut
1442 2399 1595 2464 credatur
1618 2400 1651 2464 et
1669 2412 1889 2482 conservetur,
1913 2400 1975 2466 boc
1993 2412 2185 2489 preceptum

531 2506 663 2572 castello
686 2520 837 2586 Grignssoo
859 2505 863 2593 Ι
884 2516 917 2570 et
935 2516 1055 2570 terram
1075 2518 1178 2570 vallis¹¹
1197 2519 1330 2587 Sisiclinp
1383 2527 1483 2571 manu
1506 2518 1618 2571 nostra
1637 2505 1837 2571 firmavimus
1855 2506 1932 2595 [et]¹
1949 2507 2056 2593 sigillo
2074 2519 2184 2573 nostro

532 2612 656 2694 damur,
674 2611 733 2677 sed
744 2613 849 2697 magis
861 2611 1028 2676 reddimus
1041 2622 1154 2677 sancto
1168 2610 1330 2700 {Eusebio
1384 2613 1537 2677 iussimus
1560 2613 1719 2699 insigniri.
2202 2639 2227 2677 so

529 2730 565 2784 et
580 2720 734 2805 episeopo
746 2718 851 2783 Leoni
867 2719 999 2805 suisque
1015 2717 1259 2784 successoribus
1274 2717 1329 2807 [et]
1475 2718 1611 2805 Signum
1647 2720 1758 2784 domni
1787 2721 1945 2785 Hearieir
1977 2722 2183 2786 invictissimi

531 2827 657 2914 omnia}
672 2824 788 2912 predia
804 2848 867 2911 qne
883 2826 946 2912 ipsi
962 2824 1166 2890 Richardusv
1183 2837 1215 2889 et
1231 2825 1330 2890 Uual·
1385 2836 1436 2890 et¹
1460 2825 1684 2913 gloriosissimi
1708 2829 1771 2913 (M.)
1795 2838 1827 2892 et
1858 2828 2056 2892 serenissimi
2083 2830 2184 2914 impe·

531 2932 675 2997 deradav
699 2933 733 2996 in
756 2930 851 2996 Italia
874 2930 1059 2996 habuerunt
1089 2981 1330 2996 ..........
1384 2933 1501 2997 ratoris
1525 2935 1665 3018 augusti.

1476 3037 1665 3127 [Heinricus
1682 3040 1896 3105 cancellarius
1911 3042 1985 3106 rice
1999 3040 2185 3106 Hebersnii

1385 3147 1531 3233 episcopi
1555 3157 1588 3211 et
1610 3147 1890 3212 archicancellarii
1913 3149 2114 3234 recognovit.
2202 3170 2226 3209 a

1476 3251 1644 3341 [DaJtum⁸
1667 3276 1752 3318 anno
1771 3255 2003 3320 incarnationis
2022 3254 2184 3319 dominice

1385 3372 1511 3440 amm,
1546 3359 1724 3424 indictione
1754 3374 1823 3442 ΧΠ,
1857 3382 1943 3425 anno
1977 3383 2057 3425 vero
2091 3361 2184 3447 regni

1386 3465 1497 3529 domni
1527 3465 1665 3530 Henriei
1699 3468 1905 3553 imperatoris
1941 3469 2073 3554 augusti
2102 3482 2184 3543 1111,

1385 3571 1536 3658 imperiib
1566 3595 1645 3636 rero
1673 3587 1700 3655 ¹3
1736 3583 1846 3637 actum
1877 3572 2010 3658 Solega3
2046 3573 2185 3639 feliciter

1385 3700 1492 3743 amen.
2202 3702 2226 3741 ro

1314 3909 1410 3997 323.

531 4053 712 4128 Heinrich
744 4055 910 4153 bestdtipt
941 4053 1021 4127 dem
1049 4053 1328 4128 Marimlcloster
1353 4055 1411 4128 oei
1438 4052 1700 4131 Gauderslzeim
1727 4056 1787 4132 die
1811 4057 1950 4133 Kircbe
1973 4085 2018 4133 zo
2044 4059 2184 4133 Βηθη-

532 4174 634 4274 bury,
662 4173 733 4246 don
756 4170 825 4248 Ort
844 4172 1107 4246 Bo'lmslroosen
1125 4173 1207 4248 uod
1225 4173 1305 4247 drei
1328 4172 1436 4247 Liten
1455 4200 1498 4247 zo
1522 4174 1694 4250 Utislevo
1715 4177 1783 4250 mit
1803 4175 1914 4251 deren
1934 4178 2183 4279 Besitzoopeo.

1597 4303 1788 4365 naussum
1810 4306 1889 4367 rou
1910 4304 2073 4381 corase·
2091 4308 2139 4365 17.

643 4425 887 4499 Oripiuuldiplom
909 4426 950 4484 iot
973 4426 1047 4484 bers.
1068 4425 1375 4499 Laodeslouptorrlrio
1395 4444 1430 4485 zu
1448 4426 1650 4496 Wolseobstttel
1670 4429 1742 4495 (A).
1763 4458 1806 4467 -
1825 4429 1978 4502 Absclriti
1994 4430 2044 4490 cles
2062 4433 2110 4491 12.
2128 4431 2182 4491 Jt.
2202 4445 2226 4487 er

638 4531 743 4589 ebeodo
767 4531 837 4597 (B).

530 4679 616 4736 822⁹.
641 4680 661 4747 l)
680 4681 861 4733 dirldentttot
874 4684 922 4732 mr't
934 4683 992 4733 dero
1005 4683 1033 4732 in
1047 4682 1104 4736 DO.
1115 4683 1169 4736 ΙΙΙ.
1180 4685 1233 4735 323
1245 4684 1290 4746 (Ζ.
1301 4686 1332 4748 2)
1385 4681 1469 4740 828⁶.
1493 4686 1521 4749 v)
1550 4682 1689 4737 Rusbardi
1707 4685 1732 4737 Β
1839 4690 1875 4753 w)
1903 4691 2053 4755 componet
2074 4687 2185 4741 kamere

638 4758 787 4819 peccamen
801 4749 908 4805 Goslini
921 4755 956 4805 ist
967 4752 1040 4804 nteit
1051 4753 1147 4816 sicher,
1161 4770 1235 4805 wenn
1246 4755 1332 4807 deser
1494 4759 1587 4807 nostre
1605 4753 1637 4808 M
1655 4755 1739 4809 libras
1757 4756 1818 4809 auri
1836 4761 1864 4810 et
1881 4759 1906 4810 B
1975 4760 2006 4824 x)
2026 4775 2112 4826 wopau
2133 4758 2186 4811 Ab-

639 4823 708 4875 auch
723 4823 899 4890 esocem
910 4824 1169 4890 Familieanoebort
1223 4828 1262 4891 m)
1283 4826 1332 4876 do·
1493 4827 1606 4893 reibuny
1630 4828 1676 4880 dee
1699 4827 1871 4894 Per-pomereto
1896 4829 1970 4880 nicht
1993 4846 2030 4880 ss
2054 4831 2185 4883 abenner·

638 4897 740 4947 rorein
759 4895 1000 4947 dedehnlr'cbes
1010 4896 1330 4962 manmit-asom),
1492 4900 1521 4964 y)
1550 4895 1645 4951 Herici
1664 4899 1690 4951 B
1767 4900 1793 4965 r)
1822 4903 1850 4952 et
1874 4902 1901 4953 et
1923 4901 1950 4953 B
2021 4902 2048 4967 s)
2075 4900 2107 4954 ob
2129 4902 2187 4954 isser
2203 4908 2227 4945 ⁴⁰

639 4966 806 5018 doabrszur
817 4966 917 5018 dritten
929 4968 1002 5020 Zoilo
1019 4968 1102 5018 reicis
1155 4969 1185 5031 n)
1206 4967 1333 5019 dobinter
1493 4966 1606 5036 [daltum
1631 4970 1695 5021 oder
1719 4969 1829 5038 [celtum
1854 4971 1942 5035 riona
1967 4972 2003 5023 ist
2026 4987 2114 5037 sceqer
2134 4973 2187 5024 Ab·

639 5042 734 5091 saneto
751 5035 872 5091 Eusebio
890 5036 987 5090 demus
1011 5038 1097 5089 durob
1121 5038 1332 5090 Uolerstrcr'cben
1492 5039 1606 5105 reibsnp
1627 5041 1673 5093 dos
1695 5041 1867 5106 Perooments
1892 5042 1966 5094 nicht
1989 5042 2029 5111 [su
2054 5043 2185 5097 orbem

638 5110 744 5175 poilly&
771 5111 815 5160 dis
840 5110 960 5161 doruoer
984 5110 1122 5162 moenam
1146 5110 1331 5162 andeutlicben
1492 5110 1522 5175 b)
1543 5110 1624 5177 impis
1636 5112 1669 5163 Β.

647 5181 734 5233 Worte
742 5184 822 5246 (awa
834 5178 904 5232 iuste
917 5184 945 5233 et
957 5180 1096 5249 legaliter)
1104 5182 1225 5233 aaaron
1233 5181 1332 5247 ploiek-

639 5252 831 5319 follsunpilts'p
839 5253 1183 5317 yemaohtrrordeazuseio
1236 5256 1263 5318 o)
1279 5268 1332 5319 que

639 5323 708 5377 fuer.
726 5324 792 5375 uber
809 5324 858 5375 der
875 5324 949 5375 Zoilo
964 5323 1159 5390 nodtqmrooea
1217 5326 1247 5389 p)
1269 5324 1333 5374 aber

638 5395 687 5446 der
704 5395 778 5447 Zeila
799 5395 993 5461 oocbpetroym
1073 5397 1102 5461 q)
1130 5393 1257 5445 dohinter
1273 5392 1332 5447 iure

639 5463 773 5517 donamus
791 5466 876 5516 durch
896 5465 1031 5517 Streiolteo
1048 5466 1139 5531 petilpt
1210 5468 1234 5531 r)
1256 5463 1290 5519 A.
1306 5467 1332 5516 A

640 5540 662 5601 s)
684 5539 709 5588 A
764 5538 786 5599 t)
807 5537 933 5588 dahimer
949 5533 1071 5588 Sulziam
1087 5538 1174 5587 totam
1193 5534 1333 5588 reddimus

640 5622 693 5673 qne
718 5612 799 5660 antea
824 5606 915 5660 eidem
934 5605 987 5658 init
1012 5607 1098 5659 durch
1123 5606 1333 5658 Uomstreiohen

639 5680 732 5743 ooilpr
786 5680 815 5745 u)
835 5678 866 5729 oh
878 5676 937 5729 nali
948 5679 1012 5730 oder
1024 5677 1090 5741 uait,
1109 5680 1144 5729 ist
1159 5677 1232 5728 nrobt
1247 5677 1334 5729 sicher

639 5765 674 5799 za
693 5748 853 5801 misererem
908 5752 935 5815 v)
952 5747 987 5801 R
1006 5752 1034 5801 et
1052 5747 1123 5803 Uua.
1136 5750 1170 5802 A.
