4800 6516
1120 438 1583 496 KAISERURKUNDEN.

636 635 732 696 orde
753 636 941 695 Lauresbam.
966 636 1014 695 des
1037 637 1085 694 12.
1109 636 1163 696 Ji.
1188 638 1212 706 f.
1230 637 1268 694 19
1290 636 1331 693 im
1352 635 1381 694 lc.
1405 634 1610 694 Reicbaarcbiv
1632 653 1667 693 ru
1690 633 1830 693 Mundam
1855 634 1923 701 (A).

634 779 745 837 Freber
768 778 820 837 SS.
845 781 874 849 1,
894 780 935 837 72
957 779 1005 837 cti.
1034 806 1076 816 -
1110 776 1173 836 OD.
1197 776 1391 836 narcetem.
1417 778 1523 847 1,153
1552 795 1605 836 cua
1626 778 1662 835 A.
1696 806 1739 814 -
1771 775 1833 835 CD.
1859 776 2047 834 Laurentum.
2072 777 2100 845 1,
2117 776 2177 834 149

633 889 666 943 πθ
684 887 724 943 89
754 885 856 945 aues
887 906 928 931 =
959 884 1136 943 Wrirdtwein
1165 884 1290 943 Morsust.
1319 883 1417 942 Parae
1445 885 1475 951 4,
1495 884 1535 941 37
1560 883 1779 957 unoollstdndig.
1812 912 1855 921 -
1885 882 1965 941 Mon.
1992 882 2088 941 Gerra
2118 880 2172 940 SS.

632 995 683 1062 21,
702 993 764 1050 402
786 1010 839 1050 aua
861 993 897 1050 A.
922 1021 966 1029 -
989 991 1116 1050 Bobmer
1137 989 1208 1065 Req.
1230 992 1289 1049 923
1311 1008 1345 1048 ru
1369 989 1522 1049 December
1540 991 1589 1048 29.
1614 1019 1658 1028 -
1682 988 1805 1063 Stampf
1823 988 1894 1063 Rep.
1917 990 2003 1047 1325.

638 1133 769 1204 Verfassi
791 1153 846 1192 ron
868 1133 927 1191 ΕΒ
949 1134 1021 1191 narb
1044 1132 1112 1191 Do,
1139 1130 1202 1191 ΠΙ.
1228 1133 1255 1191 6.
2200 1151 2217 1190 s

632 1319 671 1383 ln
695 1320 824 1383 nomine
855 1331 967 1406 sancte
980 1364 984 1371 .
998 1330 1030 1382 et
1058 1317 1227 1405 individue
1257 1318 1420 1381 trinitatis.
1474 1317 1671 1381 Heinricus⁸
1699 1317 1811 1381 divina
1840 1316 1970 1381 favente
2002 1316 2174 1405 clementia

527 1449 595 1490 rex.
708 1440 737 1489 Si
760 1456 826 1504 erga
851 1438 913 1489 loca
936 1439 1036 1489 divinis
1056 1438 1177 1488 cultibus
1203 1440 1359 1504 mancipata
1384 1422 1495 1510 ibique
1529 1422 1591 1488 (loo
1623 1421 1865 1488 servientibusb
1902 1423 2012 1509 aliqua
2043 1423 2173 1509 pietatis

526 1555 627 1618 opera
653 1531 880 1617 impendimus,
912 1554 976 1596 non
1000 1531 1102 1596 solum
1133 1529 1175 1594 ad
1198 1531 1291 1616 regni
1318 1532 1420 1594 nostri
1448 1529 1646 1594 stabiliorem
1671 1530 1914 1616 felicioremque
1938 1541 2055 1593 statum
2077 1527 2173 1593 nobis

526 1638 679 1724 prodesse
711 1640 870 1723 sapimus,
901 1660 1015 1701 verum
1045 1639 1144 1701 etiam
1177 1637 1219 1701 ad
1250 1650 1360 1721 eterne
1389 1638 1455 1723 vite
1489 1636 1610 1722 gaudia
1640 1636 1841 1722 acquirenda
1871 1659 1930 1700 uos
1960 1636 2036 1700 inde
2067 1637 2172 1699 iuvari

526 1746 657 1809 minimo
682 1742 876 1808 dubitamus
924 1760 1099 1824 Quapropter
1117 1760 1225 1808 noverit
1250 1743 1444 1807 universitas
1469 1756 1590 1807 fidelium
1610 1764 1766 1806 nostrornm
1785 1764 1839 1807 tam
1859 1759 2025 1823 presentium
2044 1773 2125 1821 quam
2144 1762 2173 1806 et
2193 1764 2222 1803 io

526 1866 687 1925 futurorum,
714 1851 853 1937 qualiter
878 1881 897 1915 a
924 1863 1089 1915 venerabilis
1113 1866 1197 1915 abbas
1222 1848 1394 1931 Geroldus,
1419 1872 1515 1935 quem
1539 1850 1643 1935 primo
1667 1862 1775 1929 nostre
1801 1849 2013 1913 ordinationis
2037 1848 2089 1913 die
2113 1871 2173 1934 per

527 1957 717 2043 electionem
741 1958 876 2021 fratrum
900 1974 1066 2022 monasterio
1085 1971 1252 2021 Lauresham
1277 1955 1375 2037 (lictu,
1403 1970 1477 2035 quod
1497 1976 1539 2020 est
1558 1977 1745 2019 constructum
1764 1972 1793 2020 iu
1812 1970 1916 2020 honore
1935 1971 2078 2020 beatorum
2103 1985 2170 2036 apo-

526 2077 663 2128 stolorum
682 2079 757 2128 Patri
777 2084 805 2127 et
823 2076 903 2127 Pauli
928 2084 955 2128 et
981 2079 1027 2127 ubi
1052 2086 1163 2129 sanctus
1183 2078 1316 2127 Nazaritrs
1333 2091 1350 2121 a
1378 2062 1588 2148 corporaliter
1611 2064 1706 2143 iacet,
1737 2086 1795 2149 pro
1819 2061 1963 2126 eiusdem
1987 2060 2074 2126 lionis
2097 2085 2170 2127 con-

525 2172 708 2234 versatione
739 2168 890 2233 abbatem
921 2192 1051 2257 preesse
1082 2170 1232 2249 fecimus,
1264 2182 1365 2234 obtulit
1391 2183 1533 2233 obtutibus
1562 2184 1662 2233 nostris
1695 2169 1972 2233 continuationem
2003 2184 2170 2233 inmunitatis

526 2277 727 2341 dilectissimi
751 2277 888 2340 senioris
911 2298 950 2340 ae
974 2278 1188 2340 antecessoris
1213 2292 1298 2340 nostri
1325 2291 1395 2357 bone
1421 2291 1549 2357 memorie
1578 2277 1705 2341 Ottonis
1735 2291 1905 2356 imperatoris
1924 2291 2043 2355 augusti,
2069 2291 2170 2354 inqua
2191 2304 2218 2343 rs

525 2400 750 2458 continebatur⁰‚
775 2395 893 2462 qualiter
910 2397 983 2447 idem
1002 2384 1110 2448 senior
1132 2404 1227 2447 noster
1248 2399 1337 2462 ipsum
1357 2397 1551 2445 monasterium
1571 2397 1606 2446 ob
1625 2411 1744 2446 amorem
1764 2397 1807 2445 dei
1828 2381 2098 2468 devotionemque
2118 2396 2169 2445 irs·

524 2513 595 2556 trum
620 2505 722 2555 ibidem
749 2489 809 2553 (loo
834 2490 1044 2553 servientium
1068 2519 1176 2569 semper
1200 2505 1252 2553 sub
1277 2489 1460 2552 firmissima
1483 2503 1601 2552 tuitione
1620 2509 1647 2552 et
1672 2503 1842 2551 inmunitatis
1861 2502 2020 2552 defensione
2043 2503 2077 2553 ab
2097 2504 2169 2552 omni

523 2612 713 2678 inquietudine
740 2610 884 2677 iudiciario
910 2611 1055 2675 potestatis
1075 2610 1227 2659 consistere
1253 2609 1371 2659 fecisset.
1413 2593 1552 2680 Insuper
1575 2596 1673 2658 etiam
1696 2596 1823 2681 rogavit
1845 2625 1896 2658 nos
1920 2594 2007 2659 idem
2032 2609 2170 2676 predictus

523 2721 608 2769 abbas
632 2703 804 2783 GeroldUS,
836 2724 867 2766 ut
893 2731 994 2766 morem
1023 2702 1160 2765 senioris
1190 2702 1292 2765 nostri
1320 2725 1467 2779 sequentes
1498 2722 1657 2781 preceptum
1683 2715 1872 2766 huiuscemodi
1894 2730 1910 2761 a
1937 2718 2107 2766 inmunitatis
2133 2717 2170 2765 ob

523 2823 703 2872 reverentiam
722 2823 810 2871 sancti
830 2822 954 2903 martyris
974 2822 1085 2871 Nauarii
1102 2834 1119 2865 s
1140 2823 1214 2871 circa
1240 2823 1329 2887 ipsum
1349 2822 1543 2871 monasterium
1561 2821 1620 2872 fieri
1639 2838 1819 2872 censeremus.
1857 2822 1941 2873 Cuius
1960 2824 2087 2888 petitioni
2112 2830 2172 2895 per
2189 2837 2218 2876 so

522 2915 741 2978 interventum
762 2926 862 2994 dilecte
884 2914 1031 2999 coniugis
1057 2935 1150 2995 nostre
1170 2926 1301 2977 videlicet
1319 2915 1432 2999 regino
1452 2912 1655 3001 cunegunde
1678 2944 1710 2977 ae
1728 2943 1744 2974 a
1766 2928 1898 2994 Willigisi
1916 2930 2077 2999 Mogontine
2096 2929 2170 2979 sedis

524 3024 687 3077 venerabilis
706 3024 908 3091 archiepiscopi
925 3039 942 3069 s
962 3041 1101 3075 assensum
1118 3026 1276 3091 prebuimus
1294 3032 1321 3075 et
1339 3024 1392 3075 hoe
1409 3034 1500 3093 nostre
1520 3028 1692 3076 auctoritatis
1709 3036 1867 3093 preceptum
1886 3043 1951 3092 erga
1969 3028 2059 3093 ipsum
2077 3042 2169 3077 mons·

523 3134 635 3183 sterium
654 3138 682 3183 et
700 3132 848 3181 monachos
868 3131 970 3182 ibidem
989 3131 1041 3182 deo
1056 3130 1204 3182 militantes
1223 3133 1393 3182 inmunitatis
1413 3138 1495 3197 atque
1512 3134 1637 3182 tuitionis
1654 3147 1671 3177 s
1691 3135 1780 3198 gratia
1799 3149 1848 3199 pro
1862 3134 1947 3183 divini
1967 3133 2058 3183 cultus
2076 3149 2170 3183 amore

523 3246 550 3289 et
569 3241 656 3305 anime
676 3246 769 3309 nostre
789 3240 910 3290 remedio
925 3239 984 3289 fieri
997 3239 1177 3298 decrevimus,
1197 3254 1246 3304 per
1259 3239 1332 3303 quod
1346 3240 1511 3304 precipimus
1530 3246 1613 3303 atque
1631 3241 1766 3299 iubemus,
1786 3247 1816 3289 ut
1835 3238 1927 3291 nullus
1946 3239 2028 3290 iudex
2042 3238 2170 3305 publicus

523 3345 565 3396 vel
586 3346 717 3412 quislibet
736 3363 769 3397 ex
789 3346 935 3396 iudiciaria
960 3352 1098 3411 potestate
1125 3351 1173 3394 aut
1197 3342 1271 3394 ullus
1291 3361 1323 3395 ex
1343 3343 1470 3394 fidelibus
1493 3347 1594 3396 nostris
1613 3353 1668 3396 tam
1687 3349 1859 3412 presentibus
1878 3362 1958 3411 quam
1979 3354 2006 3397 et
2024 3348 2123 3397 suturis
2141 3349 2170 3396 in
2189 3360 2216 3399 ss

523 3451 656 3517 ecclesias
682 3460 730 3502 aut
757 3451 819 3503 loca
838 3451 881 3503 vel
905 3467 986 3517 agros
1006 3467 1056 3501 seu
1076 3450 1195 3515 reliquas
1216 3452 1404 3515 possessiones
1423 3451 1538 3516 predicti
1558 3455 1723 3511 monasterii,
1750 3469 1817 3518 quas
1843 3454 1974 3504 moderno
1994 3462 2115 3520 tempore
2141 3455 2171 3504 in

523 3559 691 3624 quibuslibet
709 3560 787 3625 pagis
807 3557 851 3608 vel
871 3559 1016 3608 territoriis
1035 3558 1106 3607 infra
1124 3557 1256 3607 ditionem
1275 3558 1352 3623 regni
1371 3559 1458 3607 nostri
1477 3560 1548 3608 iuste
1568 3565 1595 3608 et
1615 3558 1740 3624 legaliter
1758 3559 1890 3625 possidet,
1909 3559 1952 3610 vel
1971 3575 2025 3627 qne
2040 3560 2170 3626 deinceps

522 3683 538 3715 a
558 3665 702 3716 catholicis
721 3667 788 3715 viris
808 3666 897 3716 eidem
916 3663 1016 3731 collate
1036 3665 1138 3715 fuerint
1157 3666 1331 3723 monasterio,
1351 3664 1385 3714 ad
1401 3680 1498 3714 causas
1517 3665 1668 3715 audiendas
1687 3664 1731 3715 vel
1752 3666 1828 3715 freda
1847 3672 1895 3716 aut
1913 3667 2016 3717 tributa
2035 3666 2171 3731 exigenda

522 3780 570 3822 aut
594 3775 749 3823 mansiones
768 3770 812 3821 vel
833 3780 943 3838 paratas
962 3770 1101 3821 iaciendas
1128 3778 1176 3821 aut
1194 3770 1378 3821 fideiiussores
1397 3769 1535 3820 tollendos
1562 3778 1610 3821 aut
1628 3771 1751 3822 homines
1771 3773 1857 3838 ipsius
1877 3773 2034 3822 monasterii
2053 3780 2108 3821 tam
2128 3774 2168 3822 in-

521 3896 626 3945 genuos
648 3895 729 3944 quam
754 3894 848 3928 servos
871 3884 1071 3943 superterram
1091 3879 1178 3943 ipsius
1197 3884 1400 3927 commanentes
1419 3878 1520 3927 iniuste
1540 3876 1742 3943 distringendos
1762 3894 1812 3927 uec
1833 3876 1903 3928 ullas
1922 3878 2101 3929 redibitiones
2120 3886 2170 3928 aut
2190 3893 2218 3931 so

521 3985 633 4036 illicitas
653 3987 814 4036 occasiones
833 3984 1012 4049 requirendas
1031 3985 1131 4033 uostris
1152 4000 1202 4032 nec
1221 3983 1320 4033 futuris
1339 3984 1508 4049 temporibus
1526 3985 1633 4049 ingredi
1652 3984 1753 4034 audeat
1772 4000 1821 4034 nec
1842 4001 1874 4035 ea
1893 4000 1946 4053 que
1965 4000 2049 4050 supra
2068 4000 2169 4035 memo·

521 4092 580 4133 rata
598 4090 662 4134 sunt
680 4084 790 4148 penitus
810 4083 919 4146 exigere
939 4088 1087 4146 presumat.
1117 4081 1214 4131 Liceat
1235 4068 1333 4130 etiam
1352 4090 1502 4131 memorato
1521 4083 1614 4159 abbati
1633 4084 1744 4146 suisque
1764 4083 1970 4133 successoribus
1989 4098 2032 4133 res
2051 4082 2170 4148 predicti

521 4181 679 4230 monasterii
698 4181 750 4229 sub
769 4179 929 4228 defensione
948 4180 1127 4228 immunitatis
1147 4186 1239 4245 nostre
1260 4179 1352 4243 quieto
1372 4178 1468 4228 ordine
1488 4179 1637 4244 possidere.
1671 4180 1810 4244 Quicquid
1830 4181 1911 4229 etiam
1930 4182 1973 4229 ius
1991 4180 2050 4229 fisci
2070 4180 2169 4230 exinde

522 4278 630 4342 exigere
652 4284 755 4347 usque
775 4261 836 4325 huo
858 4281 974 4341 poterat,
994 4277 1023 4325 in
1041 4277 1177 4340 integrum
1198 4276 1286 4326 eidem
1305 4277 1490 4326 concessimus
1510 4279 1685 4337 monasterie,
1704 4276 1810 4327 scilicet
1829 4278 1905 4327 utin
1925 4276 2081 4327 alimoniam
2100 4294 2167 4343 pau-

521 4390 615 4439 perum
634 4382 662 4423 et
680 4374 818 4438 stipendia
837 4373 1031 4423 monachornm
1051 4374 1152 4423 ibidem
1165 4374 1218 4423 deo
1231 4372 1422 4424 tamulantium
1441 4376 1606 4440 perennibus
1625 4376 1795 4440 temporibus
1814 4375 1939 4441 proficiat
1957 4377 1985 4424 in
2004 4377 2168 4439 augmemis.
2189 4389 2217 4428 so

521 4480 556 4529 Et
575 4480 685 4544 quando
705 4478 815 4544 quidem
834 4479 928 4529 divina
947 4480 1093 4529 vocatione
1112 4495 1194 4545 snpra
1213 4480 1303 4529 dictus
1327 4480 1412 4530 abbas
1431 4479 1475 4529 vel
1495 4496 1668 4531 successores
1689 4482 1747 4531 eius
1766 4481 1800 4531 de
1819 4481 1870 4531 hac
1897 4480 1958 4532 luce
1982 4483 2169 4546 migraverint,

522 4584 651 4650 quamdiu
677 4586 729 4650 ipsi
756 4585 883 4634 monachi
901 4587 973 4635 inter
991 4601 1020 4635 se
1039 4583 1108 4635 tales
1128 4587 1250 4636 invenire
1269 4588 1418 4651 potuerint,
1443 4588 1490 4651 qui
1510 4588 1596 4652 ipsam
1616 4589 1857 4653 congregationem
1876 4587 2027 4638 seeundum
2045 4586 2169 4652 regulam

521 4684 610 4733 sancti
630 4682 774 4733 Benedicti
793 4698 888 4747 regere
908 4682 1029 4741 valeant,
1056 4683 1194 4748 perhanc
1214 4686 1406 4734 auctoritatem
1431 4682 1540 4757 nostro
1565 4670 1826 4751 confirmationis,
1856 4686 1928 4735 sicut
1956 4672 2045 4757 prins
2069 4669 2169 4735 habe-

521 4774 600 4839 bant
624 4798 665 4839 ox
689 4805 838 4840 consensu
859 4775 986 4839 Ottonis
1010 4777 1212 4861 imperatoris
1237 4778 1375 4861 augusti,
1401 4788 1539 4840 licentiam
1559 4791 1679 4840 habeant
1704 4789 1824 4857 eligendi
1850 4793 2011 4850 abbatem,
2039 4792 2169 4855 quatinus

522 4897 573 4961 ipsi
599 4898 672 4946 servi
699 4896 752 4955 dei,
778 4897 825 4961 qui
850 4896 952 4946 ibidem
979 4897 1031 4947 deo
1050 4895 1224 4955 famulantur,
1243 4910 1259 4941 r
1286 4912 1336 4963 pro
1364 4897 1443 4946 nobis
1469 4881 1652 4968 dilectoque
1677 4883 1815 4968 coniuge
1838 4894 1949 4947 nostra
1971 4882 2170 4967 Cunig‘unda
2189 4913 2218 4951 so

522 4986 684 5052 addeum
708 4987 842 5052 devotas
872 5011 987 5075 preces
1015 4988 1192 5053 effundant.
1238 4988 1282 5053 nt
1300 5009 1330 5052 ut
1355 5003 1405 5053 hec
1432 5004 1581 5053 recantas
1612 5000 1721 5073 nostre
1749 4989 2000 5054 confirmationis
2029 4988 2105 5053 hinc
2137 5002 2171 5054 et

521 5095 554 5157 in
582 5106 775 5181 perpetuum
805 5095 899 5159 firma
927 5105 1131 5183 permaneat,
1161 5126 1244 5160 manu
1271 5097 1404 5181 propria
1427 5109 1597 5159 firmantes
1620 5094 1717 5180 sigilli
1751 5112 1835 5159 nostri
1861 5111 2039 5175 impressione
2065 5111 2170 5175 signari

521 5217 658 5266 iussimus.

628 5351 766 5438 Signum
789 5351 899 5416 domni
922 5352 1092 5417 Heinrici(¹
1119 5355 1206 5440 regis
1233 5353 1439 5416 invictissimi
1464 5357 1538 5429 (Mi.

610 5583 655 5639 la
680 5582 826 5652 [Bresslau]
891 5583 917 5648 a)
938 5582 1167 5649 utapembmeben
1188 5581 1228 5638 Π.
1319 5581 1347 5639 bi
1369 5583 1394 5633 A
1484 5582 1510 5647 e)
1532 5579 1560 5631 in
1578 5596 1632 5647 qua
1650 5579 1842 5632 continebatur
1860 5581 1926 5644 sebit
1943 5554 2029 5632 durch
2046 5580 2170 5633 Schraib-
2188 5603 2217 5642 ω

679 5655 764 5720 srbler
782 5656 826 5707 des
846 5654 967 5722 Cepisten
989 5656 1018 5706 in
1038 5654 1112 5719 vu,
1138 5671 1212 5707 musa
1233 5654 1295 5705 doit
1318 5654 1382 5704 aber
1408 5656 1517 5717 eroum
1541 5651 1643 5701 werden
1725 5649 1753 5717 d)
1777 5649 1903 5704 Heinrici
1925 5650 2037 5704 secundi
2055 5653 2093 5714 A,
2118 5652 2171 5706 das

681 5727 783 5778 Μῄονα
801 5726 875 5778 Wort
892 5725 1012 5791 offendar
1029 5727 1131 5778 Zusatz
1147 5726 1192 5779 dea
1211 5725 1340 5793 Caeretes,
1366 5724 1415 5776 der
1432 5724 1482 5774 dm
1499 5722 1725 5787 nemausam
1750 5722 1792 5774 die
1811 5722 2050 5788 assummum
2070 5722 2170 5775 hinzu-

678 5800 797 5863 serrem
812 5799 895 5865 rme*
