4836 6492
531 444 597 506 638
1127 442 1591 500 KAISERURKL'NDEN.

526 636 679 701 fidelibus
703 636 838 700 nostris:
862 634 1019 698 Heinrico
1042 631 1120 698 duci
1144 642 1177 695 et
1200 630 1325 695 Ezzoni
1347 629 1492 716 palatino
1523 631 1633 695 comiti
1664 654 1725 697 nec
1750 654 1816 695 non
1840 631 1952 697 Ottoni
1976 631 2099 711 comiti,
2131 631 2187 717 qui

526 743 608 808 nihil
632 766 652 808 a
674 765 776 827 regno
800 740 854 806 vel
878 762 899 805 a
921 739 1016 805 nobis
1039 761 1142 825 usque
1167 737 1274 802 adhuc
1298 735 1421 801 habere
1437 738 1500 801 visi
1524 750 1608 817 sunt,
1632 761 1673 802 ea
1696 739 1822 802 ratione
1837 736 2115 819 beneficiavimus,
2139 750 2185 819 ut,

526 852 604 936 quin
627 849 793 937 predictus
816 847 920 912 abbas
943 848 1009 911 iam
1033 846 1124 911 senio
1149 845 1316 910 confectus
1340 843 1509 909 commode
1533 843 1627 911 nobis
1651 843 1740 909 dorni
1763 844 1942 932 militiaque
1966 846 2090 910 servire
2121 868 2187 910 non

526 967 665 1043 poterat,
689 956 753 1042 ipsi
776 967 809 1020 et
831 954 969 1019 heredes
993 977 1106 1019 eornm
1129 975 1188 1039 pro
1213 951 1328 1017 eodem
1352 949 1471 1015 abbate
1491 953 1623 1038 suisque
1639 951 1884 1019 successoribus
1901 952 2026 1016 curiam
2042 952 2184 1038 regalem

524 1074 641 1150 petant
664 1074 697 1127 et
719 1064 754 1126 in
778 1060 1021 1148 expeditionem
1045 1071 1131 1142 eant,
1156 1058 1260 1124 abbas
1283 1082 1362 1124 vero
1387 1059 1502 1145 suique
1527 1081 1733 1123 successores
1757 1082 1777 1122 a
1800 1060 1891 1123 curia
1914 1059 2006 1145 regia
2035 1070 2068 1124 et
2098 1061 2216 1124 omnis

525 1170 747 1257 expeditione,
771 1167 1046 1255 quemadmodum
1070 1166 1174 1232 abbas
1205 1166 1246 1230 tle
1277 1178 1390 1231 sancto
1415 1164 1639 1247 Willibrordo,
1670 1167 1801 1231 omnino
1832 1166 1896 1231 sint
1922 1164 2028 1249 liberi,
2059 1167 2123 1230 nisi
2151 1168 2185 1230 in

525 1276 786 1363 Mogontienscm
810 1276 881 1339 sive
905 1275 1099 1339 Mettensem
1123 1287 1180 1339 aut
1204 1272 1433 1339 Coloniensem
1457 1274 1623 1338 civitatem
1653 1273 1695 1337 ad
1725 1273 1878 1360 generale
1910 1273 2085 1338 concilium
2115 1275 2183 1337 sire

526 1383 734 1470 colloquium,
759 1382 869 1469 aliqua
895 1405 1016 1468 magna
1046 1382 1241 1446 necessitate
1273 1391 1421 1466 cogente,
1451 1380 1573 1445 fuerint
1601 1381 1740 1445 invitati.
1793 1379 1838 1444 Et
1866 1403 1907 1445 ne
1938 1381 2046 1467 anime
2076 1392 2184 1463 nostre

526 1491 757 1556 detrimentum
781 1489 858 1555 inde
882 1490 1055 1576 patiamur,
1080 1490 1173 1569 sies,
1198 1512 1262 1575 que
1278 1510 1299 1553 a
1313 1486 1464 1554 fidelibus
1481 1486 1603 1553 Christi
1619 1488 1726 1553 eidem
1743 1489 1962 1553 sacratissimo
1979 1488 2051 1553 loco
2068 1487 2184 1553 collata

525 1609 610 1681 sunt,
633 1621 694 1663 nos
717 1599 836 1662 iniuste
860 1597 988 1662 auferre
1011 1595 1193 1677 videamur,
1217 1596 1332 1660 timore
1356 1595 1410 1659 dei
1434 1607 1466 1660 et
1487 1618 1597 1660 amore
1620 1596 1749 1685 iusticie
1770 1596 1848 1660 tacti
1871 1618 2015 1661 necnon
2029 1594 2184 1660 Aribonis
2202 1623 2227 1661 ro

525 1705 810 1792 Mogoneiacensis
834 1716 867 1769 et
890 1705 1057 1790 Popponis
1073 1703 1279 1767 Treuirensis
1303 1725 1341 1767 ac
1358 1702 1518 1788 Piligrimi
1535 1700 1739 1768 Coloniensis
1763 1701 2000 1767 venerabilium
2025 1702 2183 1790 archiepi-

525 1835 699 1898 scoporum
722 1812 925 1898 aliorumque
948 1809 1095 1874 fidelium
1118 1821 1301 1875 nostrorum
1325 1809 1548 1875 cohortatione
1573 1810 1759 1874 commoniti
1783 1811 1962 1891 servitium,
1987 1809 2074 1896 quod
2090 1809 2184 1874 nobis

526 1930 560 1985 et
584 1918 780 2006 quibusdam
804 1916 1094 2005 predecessoribus
1118 1917 1237 1981 nostris
1261 1916 1301 1981 de
1326 1916 1442 1981 cadem
1466 1915 1600 1982 abbatia
1622 1919 1657 1980 in
1680 1916 1825 1983 secundo
1849 1939 1980 2004 semper
2003 1941 2089 1982 anno
2113 1940 2183 2005 per-

526 2025 726 2107 solvebatur,
751 2049 809 2112 pro
834 2024 957 2089 eisdem
989 2022 1083 2089 bonis
1113 2035 1146 2088 et
1175 2023 1447 2110 possessionibus,
1478 2047 1542 2112 que
1573 2024 1649 2089 inde
1680 2023 1882 2107 abstidimus,
1914 2024 1976 2090 deo
2007 2036 2183 2112 sanctoque

525 2133 664 2198 Iohanni
689 2132 899 2221 ewangeliste
923 2144 955 2197 et
977 2130 1075 2196 beato
1091 2131 1272 2196 Maximino
1296 2133 1488 2219 cunctisque
1504 2153 1564 2219 per
1580 2154 1636 2196 eos
1651 2130 1733 2196 inibi
1749 2130 1924 2197 abbatibus
1940 2132 1974 2196 in
1990 2144 2183 2220 perpetuum
2201 2156 2225 2196 n

526 2240 727 2326 ignoscendo
751 2239 957 2326 indulgemus
982 2250 1014 2303 et
1036 2238 1235 2325 indulgendo
1266 2240 1476 2324 ignoscimus,
1507 2250 1540 2303 et
1569 2262 1610 2303 ne
1641 2239 1714 2326 quis
1745 2262 1970 2304 successorum
2001 2250 2183 2304 nostrorum

526 2370 642 2434 regum
665 2347 719 2411 vcl
741 2348 973 2434 imperatorum
997 2347 1084 2411 idem
1108 2346 1276 2411 servitium
1299 2347 1334 2410 in
1357 2346 1537 2432 periculum
1562 2346 1670 2433 anime
1693 2358 1803 2433 nostre
1827 2368 1866 2411 ac
1883 2369 1940 2434 sue
1956 2345 2034 2410 inde
2050 2346 2182 2411 ulterius

526 2456 649 2541 exigat,
674 2455 736 2518 nisi
760 2478 800 2520 ea
815 2453 912 2535 bona,
936 2478 1001 2541 que
1016 2476 1081 2518 non
1097 2463 1164 2518 tam
1180 2454 1215 2517 in
1230 2464 1375 2517 nostrum
1391 2475 1489 2539 quam
1505 2454 1539 2517 in
1555 2476 1667 2517 eorum
1684 2453 1853 2517 servitium
1869 2452 1945 2517 inde
1962 2452 2181 2533 distraximus,

526 2585 570 2626 ex
593 2563 720 2648 integro
744 2560 862 2626 reddat
884 2572 940 2627 aut
962 2561 1122 2636 restituat,
1145 2571 1257 2624 nostra
1280 2560 1441 2647 imperiali
1465 2561 1658 2624 anctoritate
1683 2559 1910 2625 constituendo
1933 2560 2132 2647 precipimus
2151 2571 2182 2624 ct

525 2667 738 2756 precipiendo
763 2668 1002 2733 confirmamus.
1047 2668 1252 2754 Precipimus
1276 2668 1374 2731 ctiam
1398 2677 1495 2754 atque
1519 2666 1743 2732 interdicimus
1766 2668 1892 2754 prefato
1916 2666 2027 2732 abbati
2051 2668 2181 2753 suisque
2198 2693 2224 2731 ro

525 2773 771 2840 successoribus
793 2777 828 2839 in
858 2785 1063 2863 perpetuum,
1095 2798 1136 2839 ne
1167 2774 1207 2838 de
1240 2773 1374 2861 reliquis
1407 2772 1553 2839 curtibus
1586 2775 1656 2838 sive
1689 2773 1793 2856 bonis,
1827 2797 1891 2862 que
1924 2773 1967 2839 ad
1998 2773 2182 2861 prebendas

524 2883 662 2947 fratrum
685 2905 706 2946 a
728 2883 846 2947 nostris
869 2880 1156 2968 predecessoribus
1179 2880 1313 2969 regibus
1337 2893 1368 2945 et
1391 2880 1641 2968 imperatoribus
1665 2893 1697 2945 et
1720 2903 1780 2968 per
1802 2905 1861 2946 nos
1885 2882 1984 2946 etiam
1998 2881 2183 2968 specialiter

524 2989 676 3075 delegata
699 3000 784 3071 sunt,
808 2988 907 3053 alicui
932 2989 972 3053 de
997 2988 1174 3054 maioribus
1198 2989 1267 3053 sive
1290 2987 1402 3053 liberis
1425 2987 1611 3053 hominibus
1634 3000 1690 3053 alit
1713 2988 1819 3076 aliene
1842 2988 1965 3075 familie
1980 2987 2033 3053 vel
2050 2988 2182 3053 alterins

524 3096 686 3185 aecclesie
709 3095 908 3182 quibuslibet
932 3094 1145 3160 servitoribus
1161 3098 1337 3183 quicquam
1352 3094 1551 3160 beneficiare
1566 3107 1767 3182 presumant,
1790 3097 1824 3159 in
1848 3095 1898 3160 his
1914 3095 2068 3161 videlicet
2085 3095 2180 3160 locis:

524 3202 680 3267 Prichina
703 3203 791 3290 qnod
814 3204 956 3290 inpage
979 3203 1136 3268 Einrichc
1160 3204 1255 3268 situm
1288 3214 1346 3285 est,
1378 3201 1672 3268 Gunthereshusun
1701 3203 1789 3290 quod
1819 3205 1852 3267 in
1882 3226 1968 3289 pago
1992 3202 2181 3267 Drcchere⁸
2198 3217 2224 3259 ὃ

524 3310 612 3373 iacet
635 3332 709 3373 cnm
733 3311 800 3374 snis
823 3312 1027 3397 pertinentiis
1051 3334 1115 3398 que
1137 3309 1180 3375 ad
1203 3315 1352 3397 sagimen
1375 3310 1510 3374 fratrum
1534 3309 1632 3373 etad
1656 3309 1857 3375 infirm0rum
1881 3333 1993 3374 curam
2008 3310 2180 3396 portinent,

527 3415 717 3499 Suabheim,
742 3417 982 3499 Hesinesheim,
1006 3418 1255 3500 Euemesheim,
1278 3417 1489 3500 Bricinheim,
1506 3417 1733 3499 Weildcstcin,
1757 3415 1918 3499 Albucha,
1936 3417 2067 3503 Bingin,
2084 3416 2181 3481 Holz·

526 3523 618 3605 husa,
654 3523 898 3609 Scoringesfelt,
928 3524 1180 3607 Hukinesheim,
1214 3525 1424 3607 Bukinheim,
1459 3523 1619 3606 Alsontia,
1653 3524 1773 3611 Apula,
1808 3524 1988 3606 Furniuelt,
2024 3524 2179 3601 Siemera,

526 3630 737 3713 Mannendal,
760 3630 926 3713 Narheim,
951 3631 1236 3714 Folemaresbach‚
1260 3631 1566 3714 Pruovesderuodl,
1592 3632 1782 3714 Okesheim,
1812 3630 2054 3713 Amolfesberc‚
2085 3632 2180 3695 Meis·

526 3737 632 3822 braht,
656 3736 903 3822 Rata-esdorse
926 3738 1053 3821 Ebeno,
1075 3739 1266 3821 Bikendorf,
1283 3739 1451 3821 Liezniha‚
1468 3737 1741 3821 Decima,l'allis,
1757 3739 1942 3822 Burnacha,
1959 3738 2179 3819 Haneuuilire.
2197 3755 2223 3793 ⁸⁰

525 3845 664 3911 Meroldi
676 3845 921 3928 uilla‚Uuimari
934 3847 1084 3933 ecclesia,
1096 3846 1220 3929 Curta,
1232 3846 1409 3928 Serannal,
1420 3845 1847 3928 Luzelenkiricha,ll'ilare,
1858 3846 2005 3929 Taucna,
2015 3847 2179 3925 Bessiaco,

525 3952 786 4039 Druhdeldinga,
818 3954 1043 4041 Mnnnin'nga‚
1078 3965 1111 4019 et
1140 3955 1175 4018 in
1202 3955 1335 4019 civitate
1369 3954 1509 4019 Metensi
1545 3965 1577 4019 et
1612 3955 1824 4019 circmncirea
1853 3955 1968 4018 vineas
2003 3953 2116 4019 domos
2149 3964 2180 4017 et

525 4059 663 4142 areolas,
688 4072 721 4124 et
743 4062 777 4124 in
800 4084 886 4148 pago
904 4062 1136 4147 Sallmgounee
1161 4061 1350 4143 Dincriche,
1367 4061 1525 4142 Iuolkurt,
1542 4061 1720 4148 Bisangaf,
1744 4061 1822 4126 item
1845 4062 1880 4125 in
1902 4084 1989 4148 pago
2005 4060 2180 4125 Musolensi

525 4166 603 4231 villa
638 4191 703 4255 qne
737 4181 874 4234 vocatur
908 4170 1109 4254 Lukesinga,
1145 4169 1270 4234 Loania
1304 4180 1336 4233 et
1370 4168 1571 4249 Riuanacha,
1607 4179 1640 4233 et
1673 4169 1759 4233 inter
1792 4167 1962 4233 Mosellam
1997 4179 2031 4233 et
2065 4168 2180 4234 Suram

525 4274 724 4339 Marchidith
748 4287 780 4340 ct
803 4275 941 4340 Billiche
966 4288 999 4341 ct
1022 4276 1154 4340 Kriske.
1200 4276 1254 4340 Ex
1278 4275 1327 4340 his
1352 4298 1430 4362 ergo
1454 4275 1539 4340 villis
1563 4288 1595 4341 et
1619 4288 1752 4341 eornm13
1776 4276 1990 4363 pertinentiis,
2021 4286 2056 4343 ut
2085 4286 2180 4339 antea
2197 4289 2221 4330 ³⁵

525 4382 742 4469 precepimus,
765 4381 873 4447 nullus
897 4383 1018 4448 audeat
1040 4382 1166 4470 aliquid
1188 4382 1386 4448 beneficiare
1410 4382 1508 4447 alicui
1531 4382 1634 4448 libero
1657 4382 1711 4447 vel
1734 4383 1841 4448 alieno
1857 4383 1990 4465 homini,
2010 4382 2070 4447 sed
2084 4381 2180 4447 liceat

524 4485 602 4552 inde
626 4487 738 4554 abbati
762 4491 894 4576 suisque
918 4489 1162 4556 successoribus
1185 4490 1359 4555 luminaria
1382 4490 1544 4573 aecclesie
1567 4502 1761 4573 restaurare,
1786 4490 1917 4577 edificia
1939 4512 2133 4577 recuperare
2149 4500 2179 4554 et

525 4607 646 4679 cetera,
671 4619 735 4683 que
758 4598 944 4661 necessaria
968 4608 1043 4663 sunt
1066 4597 1231 4681 fratribus,
1254 4620 1443 4685 procurare,
1468 4599 1620 4685 quatinus
1643 4621 1702 4684 pro
1726 4621 1808 4686 pace
1833 4608 1866 4662 et
1888 4599 2011 4662 unitate
2043 4596 2179 4683 ecclesie

525 4713 558 4766 et
581 4725 640 4788 pro
665 4714 751 4768 statu
773 4705 867 4790 regni
890 4706 993 4769 nostri
1016 4716 1048 4769 et
1071 4705 1200 4793 imperii
1230 4728 1269 4770 ac
1300 4728 1526 4770 successorum
1556 4716 1740 4770 nostrorum
1770 4704 2026 4770 misericordiam
2058 4702 2179 4768 domini

524 4832 564 4873 oo
588 4809 720 4874 valeant
743 4833 881 4875 exorare
905 4810 1050 4893 liberius,
1074 4835 1139 4899 quo
1163 4811 1205 4877 ab
1230 4811 1439 4899 expeditione
1462 4814 1586 4899 pariter
1609 4824 1642 4878 et
1664 4836 1685 4877 a
1715 4813 1808 4877 curia
1836 4835 1898 4878 nec
1925 4835 1991 4878 non
2020 4810 2063 4877 ab
2094 4810 2179 4876 omni
2197 4828 2221 4866 to

524 4915 627 5002 regali
651 4919 783 4983 servitio
808 4918 870 4983 hac
893 4929 1005 4984 nostra
1021 4920 1182 5007 imperiali
1198 4921 1407 5007 preceptione
1429 4918 1549 4985 liberos
1565 4943 1622 4985 eos
1638 4930 1670 4984 et
1686 4918 1852 4985 absolutos
1868 4942 1940 4985 esse
1956 4920 2178 4985 constituimus

524 5034 622 5109 atque
638 5024 814 5090 firmamus.
851 5025 1086 5091 Censtituimus
1103 5037 1253 5114 preterca
1270 5027 1331 5093 hoc
1348 5038 1380 5092 et
1396 5027 1458 5093 hac
1474 5040 1586 5093 nostra
1601 5025 1763 5114 imperiali
1779 5028 1989 5114 preceptione
2004 5028 2178 5107 firmamus,

524 5140 569 5213 ut,
593 5131 621 5194 si
645 5132 718 5217 quis
742 5133 880 5197 fortasse
904 5134 1033 5199 illorum
1055 5133 1201 5199 fidelium
1224 5146 1407 5200 nostrorum
1431 5145 1487 5199 aut
1510 5135 1569 5199 tilii
1592 5134 1730 5199 filiorum
1756 5156 1897 5217 suorum,
1924 5133 2043 5222 quibus
2066 5134 2180 5199 eadem

523 5234 612 5301 bona
642 5249 675 5303 et
704 5241 928 5326 possessiones
959 5243 1064 5306 sancti
1088 5241 1243 5306 Iohannis
1278 5240 1488 5328 ewangeliste
1524 5254 1556 5306 ct
1585 5243 1692 5308 sancti
1714 5242 1887 5307 Maximini
1921 5243 1956 5305 in
1989 5240 2180 5306 beneficium

525 5345 813 5430 commodavimus,
838 5349 909 5413 sine
930 5346 1050 5435 herede
1066 5348 1165 5413 fuerit
1180 5346 1363 5431 defunctus,
1387 5347 1594 5429 beneficium,
1618 5350 1705 5437 quod
1722 5347 1764 5415 ab
1781 5348 1896 5414 eadem
1912 5347 2048 5414 abbatia
2062 5347 2180 5413 habere
2200 5361 2223 5402 a

595 5522 661 5579 tu).
688 5523 930 5597 [Perta-Bresslau]
960 5530 987 5591 a)
1003 5527 1095 5581 estber
1106 5529 1155 5579 der
1168 5528 1240 5579 Zeila
1252 5527 1446 5595 nacbpetraeea
1500 5527 1529 5595 b)
1546 5528 1739 5595 ursprslneb'clt
1752 5525 1990 5591 Pruobesderuod,
2002 5526 2077 5578 ἀακη
2090 5543 2108 5577 v
2120 5525 2182 5577 aber

685 5596 704 5648 b
722 5598 927 5665 noctem-apra,
945 5601 996 5652 dae
1014 5598 1032 5651 b
1050 5600 1115 5652 eser
1132 5599 1205 5651 abbr
1219 5599 1312 5666 pailet
1366 5604 1391 5665 c)
1414 5601 1447 5664 A,
1466 5606 1531 5652 aaa
1546 5597 1730 5653 Rnteresdorf
1781 5598 1811 5665 d)
1831 5598 2026 5666 eremesa
2037 5596 2181 5657 Βῑοηωιι,

686 5668 1057 5723 comminansque
1081 5687 1096 5723 r
1121 5671 1331 5738 amparem
1354 5670 1456 5723 obwohl
1479 5671 1529 5723 das
1554 5672 1677 5738 fulgendo
1701 5687 1732 5725 cr
1756 5672 1829 5723 nicht
1852 5670 1946 5737 pailet
1971 5671 2015 5733 ist,
2041 5670 2113 5721 batte
2136 5668 2183 5720 aar

685 5740 825 5793 Scbres‘ber
836 5743 986 5807 jedeosalle
1003 5743 1045 5795 dr’e
1063 5743 1147 5794 ΡΜ
1166 5740 1290 5795 Serenae
1308 5745 1345 5794 im
1363 5742 1447 5795 Sinna
1509 5744 1535 5811 e)
1554 5743 1605 5795 das
1621 5745 1710 5795 meite
1728 5741 1737 5794 l
1755 5758 1824 5796 corr.
1842 5759 1894 5794 aus
1912 5740 1922 5794 i
1986 5740 2010 5807 l)
2029 5740 2080 5792 doe
2096 5742 2182 5793 mite

688 5827 703 5863 n
722 5813 788 5864 dher
805 5813 853 5865 der
871 5814 943 5867 Zeta
960 5814 1156 5880 norbenroyso
1227 5816 1257 5883 g)
1279 5816 1304 5866 A
2201 5823 2226 5863 ⁵⁰
