4804 6498
845 467 1079 523 HEINRICH
1103 466 1142 520 II.
1184 464 1279 521 1007.
1829 458 1890 519 159

238 659 386 739 fecimus,
411 658 488 743 quia
511 658 617 742 ipsum
641 666 830 741 preceptum
854 653 1004 718 inanibus
1028 653 1168 739 propriis
1191 652 1364 731 tenuimus,
1389 650 1490 715 oculis
1514 651 1685 733 vidimus,
1711 650 1764 715 dei
1787 653 1893 736 gratia

240 765 391 849 legimus3
428 775 459 827 et
489 774 680 850 preceptum
711 763 809 824 etiarn
840 760 977 845 legimus
1014 759 1054 822 de
1085 757 1169 821 valle
1200 755 1295 820 Claui
1325 779 1345 820 a
1375 756 1502 821 seniore
1539 768 1649 821 nostro
1681 756 1802 823 Ottone
1835 759 1892 820 im-

240 880 390 956 peratore
425 881 537 932 sancto
572 865 718 931 Eusebio
753 888 954 929 concessum.
1012 864 1139 927 Damus
1174 873 1207 926 et
1240 861 1407 926 reddimus
1442 877 1554 927 sancto
1589 861 1735 926 Eusebio
1771 876 1892 927 cortem

240 977 477 1040 Romanianurn
508 977 542 1038 in
571 977 734 1059 integrum
764 975 857 1036 iuxta
886 970 1006 1034 donum
1035 969 1152 1032 Karuli
1181 970 1386 1055 imperatoris
1417 981 1450 1032 ct
1481 969 1679 1054 Sestignnm,
1711 969 1893 1052 Bedolium,

204 1108 219 1147 s
241 1082 428 1163 Clauazam,
452 1081 644 1161 Pomorum,
666 1078 817 1143 Causade
838 1080 871 1141 in
892 1079 1064 1161 integrum,
1084 1075 1228 1139 Mentem
1247 1074 1425 1139 Uictimoli.
1470 1076 1505 1140 Si
1529 1076 1602 1162 quis
1623 1075 1664 1139 dc
1689 1075 1738 1138 his
1763 1076 1893 1140 omniuo

240 1188 486 1253 Uercellensem
505 1187 678 1252 ecclesiam
697 1185 896 1249 disvestierit
914 1183 966 1247 vel
986 1181 1216 1262 molestaverit,
1241 1180 1327 1244 mille
1349 1180 1450 1245 libras
1471 1183 1543 1245 auri
1565 1197 1748 1267 componat,
1772 1182 1893 1245 medie-

240 1306 340 1359 tatem
364 1293 458 1358 nobis
482 1306 515 1358 et
538 1293 675 1358 ecclesie
699 1292 846 1372 alteram,
871 1302 903 1353 et
926 1288 1066 1353 ecclesia
1089 1310 1149 1351 sua
1172 1289 1311 1351 retineat
1334 1289 1584 1374 imperpetuum.
1632 1288 1728 1368 Quod
1760 1300 1795 1352 ut
1825 1312 1893 1352 cre·

241 1401 338 1465 datur
361 1413 393 1464 et
417 1410 638 1482 conservetur,
662 1399 723 1462 hoc
747 1407 938 1484 preceptum
961 1418 1059 1458 manu
1083 1405 1195 1457 nostra
1216 1394 1418 1457 firmavimus
1443 1406 1475 1457 et
1499 1394 1650 1457 iussimus
1675 1394 1819 1479 sigillari.

350 1542 486 1625 Signum
510 1540 632 1605 douni‘l
655 1540 792 1603 llcnrici
816 1546 901 1617 (11.)Θ
925 1538 1011 1620 regis
1035 1536 1249 1599 invictissimi.

198 1710 225 1748 ιο
349 1683 560 1747 Eberhardus
584 1680 797 1746 cancellarius
821 1679 914 1743 vices
1147 1675 1427 1740 archicancellarii
1451 1677 1651 1761 recognovit.

349 1825 446 1888 Anno
470 1824 632 1887 dominice
663 1822 897 1885 iucarnationis
922 1834 1018 1900 MVII,
1050 1818 1227 1882 indictione
1251 1833 1285 1899 V,
1316 1841 1401 1881 anno
1432 1817 1552 1883 donniss
1580 1818 1715 1882 Henrici
1746 1821 1832 1905 regis
1855 1835 1894 1902 v3

243 1943 351 1996 actum
374 1930 581 2017 Radaspone.

1019 2223 1110 2310 133.

243 2400 421 2473 Heinrich
447 2398 651 2471 certooscltt
676 2424 727 2468 an
754 2396 812 2468 die
841 2394 1067 2492 biscbbjlr'clrc
1092 2393 1230 2466 Kircbe
1254 2419 1298 2465 za
1324 2392 1464 2467 Possau
1488 2395 1585 2466 scine
1614 2392 1729 2469 Gater
1756 2395 1895 2470 Elima-

201 2553 225 2592 ιο
244 2518 341 2615 dorf
358 2518 438 2591 trud
464 2518 600 2590 Aldern
623 2542 736 2614 pepon
762 2514 830 2587 dos
858 2512 933 2590 (lat
959 2512 1115 2608 Treffen.

1522 2656 1573 2716 See
1595 2660 1676 2718 1007
1691 2661 1780 2733 April
1803 2664 1849 2720 17.

354 2841 598 2915 Oriqinaldiplom
620 2840 661 2897 im
684 2839 711 2897 lt.
736 2837 943 2896 Reiclrsorclrio
965 2854 1000 2895 zu
1024 2835 1165 2893 llle'tnclrcn
1190 2835 1262 2901 (A).

351 2983 444 3040 Haud
461 2982 585 3054 Metron.
607 2980 712 3039 sato.
733 2979 945 3054 12511111-
964 2978 1118 3051 Horumpr
1139 2978 1170 3035 in
1193 2977 1307 3035 Wiener
1324 2977 1507 3037 Jalrtarler
1529 2979 1581 3037 der
1602 2979 1756 3039 Iriteratrtr
1777 2972 1840 3050 44⁶,
1858 2983 1897 3040 12

351 3092 383 3147 n⁰
398 3091 440 3146 28
463 3089 607 3147 woldam
625 3087 666 3145 D.
687 3116 730 3124 -
749 3086 829 3144 llos.
850 3085 943 3143 Beira
960 3088 1032 3153 23⁰,
1054 3085 1115 3142 327
1134 3087 1167 3142 n⁰
1182 3085 1242 3142 213
1264 3102 1317 3142 aas
1335 3084 1362 3141 Α
1381 3105 1423 3131 =
1443 3084 1641 3157 Ardersbosen
1661 3087 1824 3145 Handbocb
1846 3088 1898 3146 der

199 3218 226 3256 ro
354 3195 452 3253 Gesclr.
477 3195 627 3253 Kttrntens
649 3196 695 3263 2⁶,
718 3195 759 3250 85
783 3194 814 3250 n⁰
829 3193 867 3249 41
899 3191 1109 3264 narollslr'r'ndip
1140 3191 1192 3248 mit
1214 3195 1272 3244 XV.
1296 3192 1337 3249 id.
1362 3193 1435 3249 mai.
1459 3221 1503 3229 -
1526 3192 1652 3251 Bdltmer
1673 3193 1744 3266 Rq.
1762 3196 1828 3253 991.
1852 3224 1896 3232 -

352 3300 475 3373 Stumps
493 3300 564 3374 Rep.
589 3301 674 3358 1446.

356 3444 489 3514 Versosst
506 3443 566 3501 trad
579 3442 754 3517 procurater
773 3460 825 3499 ron
844 3438 914 3498 ΕΙ).
954 3440 1016 3497 Zur
1031 3438 1165 3511 Dadunp
1183 3440 1231 3497 des
1247 3440 1446 3498 Artvslellortes
1466 3442 1522 3515 syl.
1543 3441 1582 3501 N.
1599 3443 1709 3500 Arellio
1726 3444 1779 3513 20,
1796 3443 1855 3501 175
1871 3446 1895 3514 s.

353 3619 410 3687 (C.)
434 3609 452 3699 ξ
475 3611 513 3673 In
537 3611 668 3673 nomine
693 3620 825 3672 sanctae
850 3620 883 3670 et
906 3606 1095 3671 individuae
1120 3609 1282 3670 trinitatis.
1329 3607 1505 3672 Heinricns
1536 3608 1647 3672 divina
1677 3610 1808 3673 favente
1832 3610 1895 3674 cle-

245 3720 367 3783 mentia
390 3741 459 3781 rex.
566 3716 601 3779 Si
626 3728 757 3779 sauctae
782 3715 835 3778 dei
859 3714 1039 3778 aecclesiae
1064 3713 1266 3778 venerabilia
1288 3713 1438 3799 augendo
1462 3714 1653 3779 meliorare⁸
1677 3715 1896 3781 studuerimus

201 3849 227 3889 πο
246 3826 334 3907 loca,
369 3846 530 3911 supernae
565 3820 582 3910 ᾖ
617 3821 926 3906 recompensationis
962 3821 1199 3884 aemolumenta
1233 3843 1439 3906 nequaqnam
1474 3820 1651 3885 diffidimus
1690 3822 1766 3886 iude
1802 3822 1896 3887 nobis

246 3932 425 4018 profutura.
464 3930 672 4015 Quapropter
690 3929 831 3991 omnium
852 3940 983 3990 sanctae
1004 3926 1056 3990 dei
1076 3927 1255 3990 aecclesiae
1275 3926 1418 3991 fidelium
1438 3930 1637 4013 presentium
1657 3952 1696 3992 ac
1716 3930 1895 3994 futurorum

246 4039 374 4102 noverit
397 4036 566 4117 industria,
598 4035 736 4121 qualiter
766 4046 898 4097 sauctae
923 4033 1148 4097 Patauieusisb
1173 4033 1354 4097 aecclesiae
1385 4035 1577 4120 episcopus‘
1603 4034 1785 4100 Cristianus
1816 4060 1895 4100 nun-

247 4155 385 4231 cupatus
408 4154 550 4206 nostram
580 4140 798 4204 hurnillimae‘¹
822 4139 1015 4226 postulando
1046 4139 1126 4204 adiit
1156 4139 1371 4221 clementiam,
1402 4162 1466 4226 quo
1498 4141 1639 4227 quedam
1669 4154 1799 4206 nostrae
1823 4167 1895 4228 pro-

247 4252 393 4338 prietatis
416 4249 531 4335 predia
553 4247 790 4311 Emustesdorf
815 4258 847 4309 ct
870 4245 1007 4309 Albarin
1037 4245 1126 4309 dicta
1156 4247 1188 4308 in
1218 4256 1324 4331 pago⁰
1545 4249 1607 4311 sita
1637 4260 1670 4312 ct
1699 4251 1733 4312 in
1764 4251 1896 4313 comita-

202 4381 229 4420 so
247 4368 302 4422 tu⁰
517 4355 643 4418 comitis
660 4376 738 4438 erga
754 4352 902 4439 predium
920 4352 1064 4415 Trouina
1079 4352 1201 4416 dictum
1219 4351 1280 4415 sibi
1303 4352 1548 4439 aecclesiaeque
1565 4377 1643 4419 sime
1661 4366 1895 4419 commutantes

247 4475 358 4528 nostra
388 4460 546 4526 auctorali
576 4460 750 4524 traditione
781 4460 1055 4523 confimrarcmns.
1110 4458 1211 4523 Citius
1242 4458 1394 4544 precibus
1426 4459 1643 4547 advocatique
1677 4464 1726 4525 sui
1759 4462 1895 4545 legitimi

248 4570 429 4656 Gumponis
452 4567 602 4631 nomines
628 4577 873 4651 ceterorumque
904 4576 969 4628 tam
1000 4563 1191 4628 clericorum
1215 4588 1312 4650 quam
1336 4565 1492 4630 laicorum
1517 4565 1579 4629 sibi
1603 4566 1817 4631 subtitorum‘l
1839 4567 1895 4632 ob·

247 4676 414 4740 ordientes
437 4697 542 4760 nuper
560 4674 648 4737 dicta
671 4671 796 4757 predia,
821 4684 915 4756 prout
939 4672 1020 4735 iuste
1046 4684 1078 4734 ct
1101 4671 1250 4755 legaliter
1273 4673 1445 4756 potuimus,
1471 4672 1629 4736 ecelesiae
1650 4675 1838 4737 Patanicnsi
1862 4675 1896 4738 in

247 4779 473 4846 concambium
497 4779 601 4865 predii
626 4779 770 4842 Treuina
793 4779 901 4841 vocati
932 4788 1065 4841 aeterua
1094 4777 1336 4841 confirmatione
1360 4779 1598 4864 proprietantcs
1622 4780 1895 4861 continuavimus,

202 4912 228 4952 so
247 4912 321 4953 cum
345 4885 494 4952 omnibus
518 4909 629 4949 eorum
648 4885 840 4949 adiacentiis
861 4897 893 4947 et
912 4881 1103 4947 utensilibus
1122 4884 1276 4948 videlicet
1294 4884 1392 4948 rebus
1411 4884 1586 4948 mobilibus
1608 4897 1640 4948 et
1663 4885 1895 4951 inmobilibus⁸

247 4995 402 5082 quaesitis
425 4993 478 5057 vel
502 4991 704 5079 inquirendis
727 4992 813 5054 areis
836 4990 995 5053 aedificiis
1014 4989 1145 5053 familiis
1164 4991 1331 5076 utriusque
1351 5013 1449 5055 sexus
1474 4993 1567 5054 terris
1591 4991 1685 5055 cultis
1711 5004 1742 5056 et
1765 4993 1896 5057 incultis

318 5224 381 5280 182.
406 5226 432 5289 c)
451 5223 554 5274 donam
574 5223 663 5273 delv
685 5238 733 5273 ron
756 5226 826 5272 2cm
844 5223 872 5272 in
893 5222 932 5281 B:
956 5221 1024 5272 arnt
1046 5221 1107 5272 bier
1128 5222 1228 5285 bedorf
1242 5221 1291 5271 der·
1313 5221 1379 5273 rm
1397 5223 1472 5273 einer
1489 5222 1661 5287 Eryrtnzuny
1680 5223 1754 5273 nicht
1825 5222 1853 5291 d)
1871 5225 1897 5276 B

407 5302 432 5361 e)
451 5297 501 5345 das
520 5295 558 5347 11.
576 5294 643 5345 strbt
666 5295 694 5343 in
715 5292 738 5343 B
755 5292 882 5343 zwisalten
901 5291 1076 5344 Eberhardus
1097 5293 1155 5342 und
1177 5291 1355 5344 cancellarius
1428 5291 1451 5357 l)
1474 5294 1673 5357 anauspefrtllte
1697 5295 1787 5345 Lrtclce
1809 5297 1839 5347 in
1863 5297 1895 5350 Β.

407 5369 450 5418 Do
471 5368 521 5415 wir
539 5366 610 5414 nield
630 5366 730 5427 wr'rsm,
750 5364 781 5415 od
797 5364 847 5413 das
867 5364 899 5416 I).
918 5380 965 5414 ron
982 5365 1065 5415 ciuem
1084 5363 1316 5414 Kaualet'bcomten
1335 5365 1399 5414 oder
1416 5367 1499 5415 tinem
1517 5364 1744 5416 Pricotarbreiber
1761 5367 1896 5417 moridie-t

202 5457 229 5495 to
407 5441 450 5503 ist,
476 5441 581 5487 mittan
606 5438 657 5487 wir·
681 5435 750 5486 auch
772 5435 954 5499 dolrinqestellt
976 5436 1032 5485 sein
1051 5434 1145 5499 bosen,
1172 5436 1203 5485 ob
1226 5436 1263 5485 im
1283 5436 1328 5488 Or.
1347 5433 1487 5503 Uuilligisi
1505 5436 1592 5499 nond,
1615 5436 1673 5487 dem
1693 5437 1813 5503 Capuan
1832 5438 1896 5489 aber

407 5508 562 5559 antem-liet
581 5507 653 5572 oliab,
677 5507 741 5557 oder
762 5506 794 5556 ob
810 5507 859 5557 der·
876 5505 1030 5569 lucrumst,
1053 5509 1101 5555 mr't
1123 5507 1171 5557 der
1192 5506 1493 5571 szleiorqanaation
1515 5507 1589 5557 nicht
1612 5509 1750 5572 yendymd
1771 5508 1897 5575 bekannt,

405 5581 454 5632 den
473 5580 576 5630 Nomen
594 5578 639 5628 des
658 5577 840 5628 Erztanzlers
857 5578 968 5629 artsliesa
985 5577 1042 5627 und
1059 5577 1257 5641 nochzutroqeu
1278 5593 1385 5643 rerqasr
1456 5580 1485 5643 g)
1502 5576 1568 5629 doni
1586 5579 1620 5643 B,
1639 5580 1687 5643 rql.
1706 5579 1777 5630 Zeta
1796 5583 1819 5633 9.

320 5668 381 5723 iffi.
408 5666 554 5737 fflresslau]
598 5667 624 5729 a)
642 5666 707 5717 aber
724 5666 781 5717 dem
800 5681 816 5715 a
835 5665 928 5715 Homer
1005 5664 1034 5727 h)
1053 5665 1110 5717 dem
1128 5668 1234 5717 zrreitrn
1253 5682 1268 5716 a
1287 5666 1354 5729 fehlt
1372 5668 1415 5717 ein
1434 5666 1525 5717 Strich
1603 5666 1627 5733 c)
1653 5667 1780 5719 dubinter
1797 5668 1896 5720 ocbeint

408 5740 511 5790 rodiert
529 5755 563 5787 zu
581 5740 638 5788 sein
703 5734 733 5803 d)
753 5738 777 5786 A
846 5740 871 5799 e)
892 5737 1090 5801 rtrrousprsdllte
1107 5736 1195 5788 dela
1213 5740 1263 5800 feb·
1281 5738 1331 5787 den
1351 5740 1426 5787 Gau·
1445 5739 1501 5787 und
1522 5739 1724 5801 Grofennomen
1778 5738 1800 5803 ὓ
1822 5737 1856 5794 N,
1870 5742 1895 5791 A

203 5828 229 5866 ts
408 5812 435 5878 g)
450 5808 655 5873 innobilium,
676 5808 723 5857 mit
735 5811 808 5859 einer·
821 5807 1063 5871 conformarem,
1081 5808 1151 5857 wohl
1166 5810 1217 5859 aar
1230 5825 1242 5858 s
1255 5809 1489 5860 ‹tracttmsmden
1504 5810 1587 5861 Form
1604 5810 1650 5861 dea
1663 5810 1754 5861 teretes·
1769 5811 1896 5862 Zeiclsens
