4798 6486
852 415 1088 473 HEINRICH
1111 416 1150 471 11.
1191 415 1287 472 1016.
1834 412 1898 474 463

245 614 279 670 et
300 603 433 670 incultis
458 605 545 690 agris
569 603 660 668 silvis
682 605 786 690 pratis
810 605 941 691 pascuis
965 605 1059 690 aquis
1082 625 1283 689 aquarumve
1308 601 1500 668 decursibus
1515 603 1579 667 viis
1595 613 1628 668 et
1643 604 1740 667 inviis
1757 603 1900 670 exitibus

244 722 278 776 et
300 709 470 792 reditibus,
502 733 577 774 curn
607 708 758 775 omnibus
780 709 983 793 utensilibus,
1015 732 1078 797 que
1101 709 1156 774 vel
1185 708 1284 774 scribi
1314 709 1369 773 vel
1397 710 1558 774 nominari
1587 720 1733 797 possunt,
1763 713 1798 775 in
1826 734 1900 798 per·

243 828 377 905 petuum
401 816 646 904 possidendum.
692 817 738 882 Et
760 828 797 881 ut
819 817 880 882 hec
903 828 1013 882 nostre
1035 815 1218 881 traditionis
1242 817 1419 882 auctoritas
1448 816 1543 880 firma
1572 829 1763 903 permaneat
1792 830 1825 882 ct
1851 820 1900 883 in·

245 923 413 1007 convulsa,
437 922 522 988 hanc
545 924 700 1011 paginam
724 923 801 988 inde
826 922 990 988 conscribi
1014 936 1047 988 et
1070 923 1168 1008 sigilli
1190 924 1292 987 nostri
1315 923 1531 1010 impressione
1557 925 1708 1010 insigniri
1736 926 1899 989 iussimus.

208 1117 223 1157 ⁶
353 1083 491 1170 Signum
515 1081 638 1148 domini
660 1082 809 1147 Heinrici
832 1082 1053 1148 Romanorum
1075 1084 1280 1170 imperatoris
1304 1084 1444 1169 augusti.

354 1242 543 1308 Guntberus
568 1242 782 1307 cancellarius
805 1243 879 1307 vice
902 1240 1125 1307 Erchenbaldi
1147 1241 1402 1329 archicapellani
1427 1244 1614 1330 recognovi.

352 1403 442 1469 Data
467 1418 542 1467 xvl.
571 1401 732 1467 kalendas
760 1401 948 1467 novembris
979 1425 1064 1466 anno
1099 1401 1261 1467 dominice
1296 1403 1529 1467 incarnationis
1551 1417 1668 1485 mvn,
1703 1426 1788 1469 anno
1822 1428 1900 1470 vero

245 1510 369 1575 domini
387 1509 536 1574 Heinrici
556 1507 713 1574 secundi·
732 1511 897 1595 regnantis
916 1523 976 1591 xv,
1000 1509 1129 1595 imperii
1150 1520 1336 1592 autem1113
1357 1519 1467 1574 actum
1485 1509 1740 1593 Franconefurt3
1764 1510 1902 1576 feliciter

244 1640 351 1682 amen.

201 1892 242 1931 10·
1017 1842 1110 1930 360.

247 2016 427 2091 Heinrich
452 2014 599 2090 ecbeokt
618 2015 698 2089 dem
718 2015 865 2090 Kbster
884 2014 1104 2089 Bartscbee‘d
1127 2014 1187 2089 die
1211 2041 1283 2089 veo
1315 2012 1397 2091 Otto
1414 2014 1492 2089 III.
1521 2014 1638 2113 durcb
1663 2015 1804 2091 Taascb
1829 2044 1902 2093 voa

248 2135 329 2211 dem
357 2133 504 2232 Geafen
531 2135 643 2209 Liuzo
670 2134 899 2209 ermerbcoen
927 2131 1028 2232 Hbfe
1052 2133 1162 2234 Vylen
1187 2134 1269 2209 aad
1293 2132 1447 2211 Curtile.

1388 2298 1539 2375 Daisbseq
1558 2301 1638 2361 1016
1655 2300 1809 2361 December
1827 2304 1855 2361 6.

358 2460 602 2536 Odpiaaldiplom
624 2460 666 2519 im
688 2460 716 2518 k.
735 2459 935 2519 Stootserclaeiv
956 2477 993 2519 za
1014 2458 1197 2530 Ditsseldorf
1216 2459 1288 2528 (A).

204 2638 231 2678 rs
358 2619 438 2697 Quin
469 2619 568 2680 Gereb.
598 2638 654 2679 von
683 2620 858 2680 Bartsclseid
885 2621 949 2680 202
977 2621 1051 2678 22⁰2
1078 2637 1132 2679 aaa
1153 2619 1190 2678 A.
1221 2649 1266 2659 -
1295 2619 1460 2681 Lacomblet
1488 2621 1689 2681 Niederrltein.
1721 2620 1785 2681 UB.
1813 2623 1841 2692 1,
1863 2624 1904 2683 92

355 2729 388 2787 n⁰
404 2728 461 2786 149
483 2744 536 2786 aaa
558 2728 595 2786 A.
619 2756 663 2765 -
687 2725 1003 2802 Stampreq.1680.

361 2886 421 2946 Vos
435 2886 528 2947 Eetclt
546 2889 674 2958 vofosst
691 2887 750 2946 aad
767 2887 799 2946 ia
816 2887 886 2946 zwci
900 2887 1041 2947 Absdtzen
1059 2886 1214 2957 mundiert,
1237 2887 1333 2947 inm
1351 2888 1422 2947 alles
1440 2888 1535 2947 linter
1553 2889 1700 2948 omnibus
1719 2890 1764 2947 fid
1784 2888 1833 2955 (Z.
1846 2890 1903 2958 23)

357 2994 411 3053 mit
439 2995 495 3054 viel
524 2994 678 3065 dualelerer
702 2994 787 3053 Tinte
813 2994 991 3069 qmcbdebea
1019 2994 1067 3054 ist.
1092 3023 1136 3032 —
1160 2993 1249 3068 Vylea
1276 2994 1376 3069 gelam
1398 2994 1471 3068 jetzt
1499 3012 1553 3054 zar
1583 2994 1735 3055 Genseinde
1761 2995 1845 3055 Vaels
1873 2997 1905 3056 ia

357 3100 410 3160 der
438 3100 567 3161 Preciae
595 3101 752 3175 limburg
782 3100 852 3160 siber
881 3101 935 3161 dea
964 3101 1095 3175 duniaco
1125 3100 1225 3160 Besitz
1254 3119 1308 3160 voa
1337 3101 1512 3161 Burtscbeid
1533 3119 1557 3161 s.
1582 3100 1663 3179 Quia
1684 3121 1712 3162 a.
1732 3121 1760 3161 a.
1784 3103 1903 3164 0173.

358 3208 477 3268 Curtile
499 3209 602 3269 tonate
626 3207 965 3268 mnes-sour-Morser
989 3208 1093 3274 (Prov.
1113 3207 1247 3274 Latiticlt)
1272 3207 1340 3268 oder
1360 3206 1587 3268 Catil-Wolters
1611 3208 1755 3276 (Procius
1772 3210 1904 3279 Nemur)

356 3315 433 3388 seim
458 3313 731 3375 Curtii-Nolanam
755 3313 859 3380 (Prov.
878 3313 1028 3382 Brabaat)
1052 3314 1160 3373 sclam
1181 3314 1245 3374 m
1262 3313 1383 3374 Kloster
1402 3313 1561 3375 Gcnbloar
1581 3316 1680 3390 oeldrt
1701 3335 1737 3376 zu
1758 3317 1858 3378 habea

359 3508 417 3583 (C.)
441 3499 459 3591 Β
481 3501 521 3565 In
543 3501 674 3566 nomine
691 3512 824 3566 sanctae
841 3511 874 3565 et
892 3498 1083 3565 individuae
1099 3501 1261 3565 trinitatis.
1299 3500 1477 3566 Heinrious
1494 3488 1548 3566 dei
1563 3504 1670 3589 gratia
1686 3504 1906 3570 Romanorum

251 3610 430 3696 imperator
452 3619 619 3695 augustus.
642 3606 660 3697 ξ
751 3606 911 3674 Omnibus
933 3605 1086 3672 fidelibus
1101 3609 1219 3672 nostris
1241 3607 1447 3695 presentibus
1464 3608 1589 3674 scilieet
1604 3633 1644 3675 ac
1659 3610 1776 3675 futuris
1792 3622 1905 3676 notum

252 3714 507 3798 essevolumus,
532 3714 671 3802 qualiter
693 3737 752 3779 nos
777 3713 818 3779 ob
842 3737 934 3801 spem
957 3714 1086 3779 futurae
1109 3716 1379 3779 remunerationis
1395 3715 1439 3780 ad
1454 3716 1658 3800 aecclesiam,
1683 3720 1817 3805 quaein
1834 3718 1906 3784 loco

205 3846 234 3889 aa
251 3822 393 3888 Porcied
414 3823 581 3887 nominato
604 3833 715 3887 nostra
738 3821 912 3886 devotione
937 3832 1124 3886 constructa
1147 3822 1303 3904 consistit,
1331 3822 1399 3887 deo
1418 3836 1451 3888 et
1480 3825 1601 3889 sanctis
1631 3826 1701 3891 eius
1725 3824 1906 3911 Apollinari

252 3941 351 4017 atque
375 3928 511 3994 Nicolao
534 3928 577 3993 ad
591 3952 687 3994 usum
709 3928 944 3993 monachorum
960 3926 1020 3992 sub
1036 3927 1151 4015 regula
1167 3930 1273 3994 sancti
1287 3928 1462 3996 Benedicti
1477 3929 1600 3995 ibidem
1616 3931 1678 3996 deo
1694 3932 1907 3998 servientium

253 4035 334 4101 duas
358 4047 475 4118 curtes,
499 4035 534 4100 id
557 4048 606 4100 est
620 4035 743 4100 Uillam
766 4045 799 4099 et
814 4033 949 4117 Curtile‚
974 4056 1056 4120 quas
1077 4036 1152 4121 pius
1168 4046 1356 4100 antecessor
1370 4048 1481 4102 noster
1497 4037 1574 4102 Otto
1591 4039 1711 4103 tercius
1730 4040 1907 4125 imperator

252 4153 410 4230 augustus
434 4141 475 4207 de
491 4142 636 4207 Liuzone
660 4143 779 4207 comite
797 4164 858 4228 per
875 4139 1103 4206 concambium
1124 4142 1307 4228 aequisivit,
1332 4165 1407 4208 cum
1423 4142 1574 4208 omnibus
1590 4144 1804 4232 appendiciis,
1822 4168 1905 4231 quae

253 4249 296 4314 ad
320 4249 392 4314 illas
415 4250 486 4314 iure
509 4250 673 4336 pertinere
696 4247 859 4330 videntur,
882 4248 917 4311 in
939 4248 1106 4335 proprium
1131 4247 1300 4332 donamus,
1324 4272 1400 4315 cum
1423 4251 1598 4338 mancipiis
1621 4252 1790 4338 utriusque
1807 4274 1906 4317 sexus

207 4382 236 4424 ao
253 4355 339 4421 villis
363 4358 449 4421 areis
473 4355 631 4420 aedificiis
655 4356 751 4420 terris
776 4354 870 4419 cultis
894 4365 927 4419 et
950 4354 1081 4419 incultis
1104 4357 1236 4442 pascuis
1258 4357 1361 4443 pratis
1377 4359 1501 4444 campis
1518 4357 1608 4421 silvis
1625 4359 1719 4444 aquis
1735 4380 1906 4445 aquarum·

254 4486 317 4551 que
341 4461 534 4527 decursibus
557 4460 792 4550 piscationibus
816 4459 1011 4526 molendinis
1037 4461 1180 4526 exitibus
1204 4474 1237 4527 et
1259 4462 1417 4528 reditibus
1439 4465 1502 4528 viis
1526 4476 1559 4528 et
1588 4465 1685 4530 inviis
1709 4466 1844 4552 quesitis
1874 4477 1907 4531 et

253 4569 467 4658 inquirendis.
514 4569 558 4634 Et
580 4580 616 4633 ut
638 4568 721 4633 haec
744 4578 857 4633 nostra
880 4568 1011 4632 donatio
1037 4591 1124 4633 nunc
1148 4580 1181 4634 et
1202 4571 1424 4656 inposterum
1448 4571 1541 4635 firma
1564 4583 1598 4636 et
1620 4571 1813 4637 inconvulsa
1835 4595 1907 4660 per·

253 4688 393 4761 maneat,
418 4676 480 4742 hoo
502 4686 693 4763 preceptum
716 4686 828 4739 nostra
849 4676 993 4740 iussione
1010 4676 1230 4761 conscriptum
1252 4686 1362 4740 nostra
1378 4677 1521 4763 imagine
1538 4678 1682 4764 sigillare
1699 4680 1905 4766 precepimus

253 4797 295 4868 et,
319 4796 356 4850 ut
377 4784 464 4849 infra
485 4783 625 4865 videtur,
649 4805 748 4846 manu
771 4783 904 4869 propria
926 4780 1219 4847 corroboravimus.

207 4976 235 5020 a
359 4944 377 5036 Β
401 4944 536 5031 Signum
561 4944 672 5009 domni
693 4943 843 5008 Heinrici
866 4941 1089 5029 gloriosissimi
1114 4951 1179 5022 (M.)
1202 4944 1407 5030 imperatoris
1431 4948 1571 5031 augusti.
1595 4945 1613 5034 ξ

359 5104 377 5196 Β
401 5104 602 5171 Gnntberius
627 5102 841 5168 cancellarius
865 5102 908 5167 ad
930 5103 1039 5167 vicem
1061 5100 1285 5167 Hercanbaldi
1307 5102 1546 5190 archiepiscopi
1570 5105 1705 5169 notavit.
1729 5103 1747 5193 ᾗ
1785 5113 1841 5183 (SI.
1863 5113 1905 5186 3.)

360 5267 449 5331 Data
466 5280 544 5330 vm.
568 5265 613 5330 id.
637 5263 785 5329 decemb.
809 5286 895 5328 anno
919 5262 1103 5328 dominicae
1125 5261 1359 5326 incarnationis
1376 5276 1479 5345 ΜΧἮ,
1503 5263 1679 5329 indictione
1699 5278 1796 5347 x1111‚
1821 5287 1906 5329 anno

254 5373 364 5439 domni
386 5373 537 5438 Heinrici
559 5371 764 5459 imperatoris
787 5371 956 5457 regnantis
979 5384 1039 5452 xv,
1062 5369 1192 5456 imperii
1214 5390 1293 5432 vero
1316 5383 1374 5451 1113
1399 5380 1507 5434 actum
1531 5369 1741 5458 Diusburg⁸3
1769 5371 1908 5437 feliciter

253 5502 357 5545 amen.

208 5710 237 5751 to
324 5692 388 5752 85⁹.
415 5698 442 5761 a)
462 5702 493 5747 11.
507 5694 541 5760 B,
560 5694 612 5759 aql.
629 5695 663 5748 D.
677 5696 738 5748 358.

323 5781 388 5840 Μ.
412 5782 558 5853 [Breaslau]
595 5782 622 5853 a)
642 5782 706 5836 oder
723 5780 872 5851 Duisburg,
892 5796 948 5833 sees
965 5780 996 5832 s‘a
1014 5780 1040 5832 A
1058 5778 1131 5830 salat
1148 5777 1236 5831 sicher
1251 5794 1288 5830 ea
1305 5779 1506 5834 embadon
1523 5783 1567 5837 m,
