4804 6498
829 488 1065 546 HEINRICH
1088 490 1128 545 11.
1170 487 1266 547 1005.
1816 484 1875 546 121

223 676 344 741 Bosoni
374 674 498 757 abbati,
529 677 585 762 qni
615 676 720 740 sancti
744 675 896 740 Medardi
919 673 1056 740 cenobio
1080 698 1167 741 nunc
1190 665 1322 763 preesse
1346 676 1487 759 videtur,
1517 677 1699 763 ceterisque
1723 675 1878 742 fratribus

222 780 269 846 ibi
284 781 347 847 deo
363 781 624 847 deservientibus
648 805 825 868 eornmque
849 783 948 846 ctiam
971 781 1215 847 successoribus
1238 782 1404 847 licentiam
1427 783 1658 848 concedimusb
1683 783 1744 848 hac
1767 795 1878 848 nostra

223 888 401 976 preceptali
433 890 554 976 pagina
586 900 767 954 mereatum
800 887 976 953 edificandi
1011 890 1044 952 in
1077 889 1155 953 villa
1187 912 1251 976 que
1286 902 1494 976 nuncupatur
1524 889 1715 954 Duncherio
1748 891 1810 954 sita
1843 892 1877 955 in

223 997 378 1061 comitatu
396 994 536 1082 predicti
552 996 722 1061 Frederiei
740 997 868 1060 comitis
888 996 944 1082 qni
962 1008 1099 1060 vocatur
1114 994 1300 1078 Castrinsis,
1325 1020 1365 1060 ea
1386 995 1541 1061 videlicet
1563 998 1689 1061 ratione
1713 1009 1749 1061 nt
1771 997 1878 1062 nullus

186 1101 290 1165 sdux
321 1125 430 1166 comes
460 1103 645 1167 vicecomes
676 1102 777 1166 iudex
806 1102 859 1167 vel
890 1102 1000 1189 aliqua
1029 1103 1131 1166 nostri
1162 1104 1256 1188 regni
1286 1103 1390 1167 maior
1420 1126 1477 1168 seu
1507 1105 1613 1168 minor
1641 1126 1782 1190 persona
1810 1105 1877 1168 iam

223 1207 344 1273 dictum
375 1207 529 1273 abbatem
552 1220 608 1274 aut
631 1209 748 1274 fratres
778 1209 854 1274 inde
878 1210 1061 1296 inquietare
1084 1209 1138 1273 vel
1161 1209 1356 1274 molestare⁰
1381 1210 1510 1275 audeat.
1556 1211 1600 1275 Et
1623 1222 1659 1275 ut
1681 1210 1744 1275 hoc
1767 1212 1877 1276 verius

222 1315 395 1380 credaturd
425 1314 678 1402 diligentiusque
711 1315 753 1380 ab
785 1314 936 1380 omnibns
968 1315 1169 1397 observetur,
1203 1339 1300 1381 mann
1333 1318 1465 1403 propria
1497 1316 1747 1382 corroborantes
1779 1317 1876 1404 sigilli

221 1424 325 1487 nostri
347 1423 561 1509 impressione
585 1421 699 1487 subtus
722 1424 873 1509 insigniri
896 1424 1059 1487 iussimus.

329 1582 466 1668 Signum
490 1581 623 1645 domni⁰
647 1582 784 1646 Henrici
808 1584 894 1669 regis
918 1583 1132 1647 invictissimi.

178 1764 204 1802 m
328 1731 516 1819 Egilbertns
541 1732 756 1798 cancellarius
780 1733 876 1797 vices
900 1733 1064 1820 Vnilligisi
1087 1733 1364 1821 archicapellani⁸
1388 1735 1588 1821 recognovit.

327 1884 423 1949 Anno
455 1885 617 1950 dominice
646 1886 881 1950 incarnationis
907 1899 971 1966 MV,
1001 1908 1087 1949 anno
1117 1908 1196 1950 vero
1220 1885 1352 1950 domni⁰
1376 1886 1514 1951 Henrici
1544 1886 1680 1952 secundi
1711 1888 1798 1975 regis
1823 1903 1876 1972 ΙΙΙ,

222 1992 398 2057 indictione
419 2007 461 2075 1¹3
491 2004 599 2058 aetum
622 1992 827 2075 Traiectnm3
852 1992 929 2056 data
952 2006 1004 2056 111.
1028 2015 1103 2055 non.
1128 1992 1242 2075 matie,
1266 1992 1405 2057 feliciter
1427 2016 1532 2058 amen.

1017 2291 1085 2378 97.

220 2457 400 2532 Heinrich
426 2456 593 2556 bestritipt
617 2454 698 2529 dem
724 2454 871 2529 Kloster
895 2453 1127 2529 Ecltemocb
1152 2453 1415 2555 Kdnipsscbntz
1439 2455 1521 2530 111111
1545 2454 1759 2549 Wollreclit,
1795 2457 1874 2532 letz-

178 2608 204 2648 11
222 2591 311 2652 teres
327 2575 463 2676 jedocb
488 2588 596 2650 anter
621 2573 814 2649 Verbebalt
839 2573 906 2648 der
930 2572 1157 2674 liiniplicben
1182 2574 1447 2675 thimmonp.

1459 2720 1574 2781 Utreclit
1596 2722 1676 2782 1005
1698 2721 1764 2781 Mai
1782 2724 1829 2782 31.

330 2848 575 2924 quinoldiplmn
597 2847 629 2905 in
652 2846 705 2905 der
727 2843 967 2904 Stadtbibliotlsek
992 2864 1028 2904 zu
1054 2844 1140 2905 Trier
1164 2845 1233 2913 (A).

327 2997 444 3057 Meiller
472 2999 503 3056 in
527 2997 724 3057 lt'otizeablatt
746 2997 775 3066 1,
795 2996 852 3054 114
874 2998 946 3055 22⁰2
974 2996 1187 3072 aamllsttndip
1209 3015 1263 3056 ossa
1291 2997 1472 3057 vidimierter
1493 2997 1645 3069 Absclriti
1667 2999 1743 3058 1111111
1768 2998 1875 3058 Trans·

326 3109 437 3180 sumpts
455 3104 550 3163 saro
566 3104 597 3163 V.
622 3133 666 3143 —
689 3103 785 3177 Beyer
803 3102 993 3163 Mittelrhein.
1014 3102 1078 3162 ΗΒ.
1099 3105 1128 3173 1,
1144 3104 1203 3162 335
1225 3107 1258 3163 a⁰
1272 3106 1337 3164 282
1359 3123 1413 3164 asso
1431 3103 1467 3164 A.
1491 3134 1535 3143 —
1558 3102 1683 3179 Stampf
1696 3104 1768 3181 Rep.
1786 3106 1874 3168 1405.

175 3282 203 3322 ιο
329 3255 516 3317 Geeclsieben
544 3255 618 3315 noct
641 3253 711 3315 Do.
735 3253 782 3313 ΙΙ.
806 3255 878 3325 217,
908 3254 955 3313 die
983 3254 1160 3329 1111111191νί1
1182 3253 1298 3326 31111111
1328 3255 1423 3321 (Zeile
1443 3255 1460 3313 1
1482 3255 1569 3315 sowie
1590 3254 1637 3314 die
1659 3256 1786 3331 Kenios·
1816 3257 1876 3316 und

327 3361 663 3434 Kanzlernntersclnift)
687 3380 742 3421 von
764 3360 836 3432 BD,
859 3361 930 3420 alles
952 3361 1052 3436 ttbn’pe
1072 3380 1127 3420 von
1150 3361 1208 3420 BA
1215 3384 1226 3435 ;
1247 3361 1304 3436 vql.
1330 3360 1368 3421 N.
1389 3360 1498 3420 Archiv
1519 3362 1691 3433 20‚163f.

327 3534 385 3620 (Ο.)
414 3531 432 3622 ᾖ
462 3532 500 3596 In
530 3533 660 3597 nomine
685 3540 817 3595 sanctae
841 3541 874 3594 et
897 3528 1086 3593 individuae
1110 3530 1273 3594 trinitatis.
1320 3530 1497 3594 Heinrieus
1520 3528 1632 3594 divina
1655 3531 1787 3596 favente
1811 3531 1874 3596 cle-

219 3640 341 3704 mentia
370 3661 440 3704 rex.
560 3653 698 3713 Quoniam
724 3654 752 3701 in
770 3651 913 3701 fundando
933 3649 976 3700 vel
1001 3649 1160 3700 renovando
1180 3649 1332 3701 aecclesias
1352 3649 1397 3700 dei
1421 3667 1470 3716 per
1488 3657 1695 3702 autecessorum
1719 3658 1875 3703 nostrornm

221 3777 315 3827 regum
333 3759 442 3811 scilicet
461 3759 505 3809 rel
526 3761 720 3825 imperatorum
739 3766 863 3824 tempora
883 3759 1062 3823 cognorimus
1080 3750 1095 3823 Β
1112 3755 1281 3824 amplificata
1300 3773 1360 3807 asse
1380 3743 1506 3829 regalia
1529 3759 1598 3818 iura,
1622 3766 1744 3809 nostram
1763 3774 1874 3824 qnoque

131 3894 135 3901 ·
173 3877 200 3918 st
219 3869 381 3918 industriam
400 3865 550 3917 dilectione
569 3866 614 3916 dei
640 3872 817 3932 provocatam
843 3881 894 3915 nec
920 3880 976 3914 non
995 3863 1117 3915 fidelium
1142 3872 1301 3915 nostrornm
1317 3856 1503 3916 'suasionibus
1528 3866 1670 3915 incitatam
1695 3871 1806 3932 oportet
1824 3881 1874 3932 pro

218 3973 397 4041 amplianda·
416 3959 539 4046 regillib
560 3974 646 4023 nostri
666 3989 734 4038 pace
753 3974 812 4022 inre
831 3969 967 4021 similibus
987 3971 1132 4036 invigilare
1151 3971 1259 4022 studiis.
1296 3970 1433 4022 Fidelinm
1451 3973 1545 4036 itaque
1564 3978 1720 4023 nostrornm
1739 3971 1874 4024 relatione

220 4083 410 4148 comperimus,
437 4082 632 4131 monasterinm
652 4081 863 4146 esseinregno
883 4079 1202 4129 11011110Δ11111111111111111ο
1223 4079 1335 4138 dictum,
1361 4079 1390 4128 in
1409 4093 1464 4143 quo
1483 4080 1580 4129 beatus
1606 4080 1756 4143 requiescit
1774 4078 1873 4129 liuilli·

220 4189 335 4239 brordns
362 4187 597 4254 archiepiscopus,
623 4187 698 4251 qnod
724 4188 783 4253 ipse
809 4183 975 4236 venerabilis
1001 4201 1018 4235 a
1043 4185 1227 4235 fundamentis
1254 4187 1417 4244 construxit,
1444 4185 1516 4235 datis
1541 4186 1594 4236 sibi
1620 4202 1636 4236 a
1662 4187 1785 4252 piissimo
1809 4203 1874 4252 rege

219 4296 318 4362 Pipino
344 4295 464 4363 prediis;
489 4293 542 4343 boc
562 4295 646 4344 etiarn
672 4293 788 4359 abipso
815 4293 939 4358 principe
965 4289 1077 4356 filioque
1096 4292 1155 4341 eins
1174 4289 1279 4341 Karolo
1299 4308 1425 4342 necnon
1444 4290 1638 4343 Chindouuico
1664 4293 1874 4359 imperatoribus

174 4403 330 4469 suscriptis
349 4399 528 4468 privelegiise
556 4401 608 4450 sub
628 4399 822 4450 mundiburdio
843 4405 870 4449 et
889 4397 1048 4449 deiemione
1067 4398 1275 4448 succedentium
1300 4409 1395 4463 regnan
1414 4397 1458 4449 vel
1477 4399 1673 4465 imperatorum
1692 4398 1874 4451 deliberatum

220 4516 262 4561 est
287 4525 445 4559 mansurum
471 4525 504 4559 ac
530 4506 721 4557 monachicum
741 4507 863 4555 ordinem
882 4504 1033 4556 secundnm
1052 4503 1176 4570 regulam
1195 4506 1285 4555 sancti
1305 4504 1448 4555 Benedicti
1467 4507 1502 4556 ab
1521 4505 1738 4557 inhabitantibus
1756 4507 1794 4557 ibi
1814 4524 1874 4573 per·

219 4614 368 4682 petualiter
393 4614 619 4665 conservandum.
662 4613 743 4675 Quod
769 4614 905 4679 pravitate
932 4611 1076 4662 cuiusdam
1102 4611 1281 4662 Karlomanni
1306 4613 1443 4662 invasoris
1469 4618 1496 4663 et
1522 4613 1694 4678 tyrannidem
1720 4615 1873 4665 exercentis

219 4721 353 4773 violatum
373 4730 424 4782 est,
443 4721 613 4772 monasticae
631 4719 762 4770 videlicet
777 4720 833 4787 vite
852 4735 947 4769 norma
960 4720 1101 4770 destructa
1119 4725 1147 4768 et
1166 4718 1275 4768 clericis
1295 4717 1484 4769 saecularibus
1503 4720 1680 4781 intromissis3
1698 4719 1748 4771 sed
1767 4736 1873 4770 rursum

218 4846 236 4880 a
254 4831 355 4879 domno
372 4844 390 4875 a
411 4830 483 4898 bone
503 4829 633 4896 memorie
653 4828 755 4877 Ottonc
779 4834 899 4897 magno
927 4826 1102 4875 serenissimo
1122 4831 1242 4891 angusto
1261 4827 1395 4875 instinctu
1415 4823 1531 4876 illustris
1550 4826 1603 4875 viri
1622 4826 1746 4891 Sigifridi
1765 4828 1874 4877 comitis

173 4938 369 4988 sesecundum
388 4937 501 4987 decreta
525 4935 765 5003 supradictorum
790 4935 985 4999 imperatorum
1012 4934 1191 4999 inprioremr
1218 4938 1320 4983 statum
1339 4939 1381 4984 est
1405 4940 1568 4999 reparatum,
1594 4935 1746 4984 constituto
1771 4934 1873 4985 ibidem

219 5045 318 5095 abbate
338 5045 503 5107 Rauengero
522 5044 641 5093 nomine.
680 5042 734 5103 Qui
761 5041 857 5091 adiens
883 5042 1058 5090 serenitatem
1078 5039 1205 5090 culminis
1231 5040 1315 5090 nostri
1342 5038 1445 5090 obtulit
1471 5041 1550 5090 nobis
1575 5039 1749 5106 privilegium
1775 5041 1873 5108 prelati

218 5138 328 5223 magni
345 5137 474 5202 Ottonls
498 5136 638 5221 augusti,
663 5149 812 5197 obsecrans
831 5153 862 5196 nt
880 5147 1015 5196 firmitatis
1034 5147 1123 5210 gratia
1145 5131 1307 5218 imperiali
1331 5148 1492 5197 auctoritati
1511 5153 1632 5197 nostram
1650 5163 1760 5212 qnoque
1778 5162 1873 5214 super-

218 5257 380 5309 adderemus
406 5258 608 5308 anctoritatem.
646 5255 733 5305 Cuius
758 5247 910 5321 precibusd
930 5254 988 5303 oba
1008 5269 1127 5303 amorem
1147 5253 1191 5303 dei
1212 5258 1240 5303 et
1258 5254 1440 5304 reverentiam
1464 5255 1552 5320 ipsius
1572 5252 1626 5303 loci
1647 5253 1763 5304 libenter
1780 5270 1873 5304 assen-

218 5380 278 5414 sum
292 5365 483 5423 brebnimns‘,
502 5369 585 5428 atque
600 5363 653 5413 hoc
670 5368 762 5429 nostre
782 5358 935 5425 regalitatis
954 5364 1115 5425 preceptum
1135 5375 1201 5423 erga
1219 5361 1309 5425 ipsum
1329 5362 1525 5411 monasterinm
1544 5361 1601 5412 fieri
1624 5359 1712 5421 libuit,
1731 5377 1781 5429 per
1799 5362 1873 5426 qnod

171 5566 199 5605 so
306 5554 355 5611 stt.
378 5556 408 5624 11)
425 5553 582 5609 cocedimns
594 5555 620 5607 A
681 5556 706 5617 c)
720 5549 873 5619 inquietare
890 5549 1027 5603 molestari
1044 5548 1088 5601 vei
1101 5550 1126 5600 A
1190 5547 1219 5615 d)
1237 5552 1269 5601 ut
1284 5548 1375 5603 verius
1392 5548 1521 5603 credatur
1537 5549 1589 5603 hoc
1602 5551 1628 5603 A
1692 5554 1718 5617 e)
1738 5548 1822 5603 donni
1835 5553 1873 5616 A;

378 5627 428 5680 BC
443 5627 540 5678 wenna
558 5626 627 5677 disse
645 5641 701 5676 nur
718 5624 760 5676 bei
775 5622 961 5674 remanseram
977 5620 1135 5674 seirenes·
1154 5621 1354 5674 rorkommsads
1369 5623 1452 5674 Fons
1470 5621 1544 5674 1111111
1562 5638 1599 5674 on
1671 5620 1693 5689 1)
1714 5622 1784 5687 fehlt
1802 5624 1831 5673 in
1848 5623 1874 5675 A

377 5702 406 5768 g)
428 5696 596 5767 vuilliginus
614 5693 847 5763 archicapellanus
866 5696 891 5745 A
971 5691 1001 5757 11)
1022 5691 1095 5759 maiy
1113 5692 1147 5746 A.

306 5787 354 5843 tt.
379 5785 526 5856 [Bresslau]
583 5788 610 5847 a)
631 5784 760 5835 casnm
776 5785 819 5835 sin
839 5781 985 5834 sunnon
1002 5780 1107 5833 radias
1186 5780 1214 5847 b)
1235 5782 1276 5843 A,·
1299 5781 1357 5837 1⁷1).
1376 5779 1485 5849 imperii
1564 5786 1590 5847 ο)
1613 5783 1638 5833 A
1717 5780 1747 5849 (1)
1766 5780 1785 5833 b
1803 5796 1874 5839 corr.

378 5873 468 5926 ouap
540 5860 796 5923 e)0corr.ausa

286 5979 486 6024 Kalsernrknnden
500 5982 543 6026 111.
1628 5966 1660 6015 16
