4766 6604
548 408 613 469 418
1152 404 1614 463 KAISERURKUNDEN.

656 608 714 679 (C.)
737 597 754 687 ξζ
777 598 817 663 In
839 597 970 662 nomine
994 607 1127 661 sanctae
1152 605 1185 659 et
1206 592 1397 658 individuae
1420 591 1582 656 trinitatis.
1629 589 1806 655 Heinricus
1829 588 1961 653 divina*
1983 588 2120 653 favente
2146 589 2209 653 clr-

545 707 671 772 mentia
685 707 904 771 Romanorum
921 704 1098 789 imperator
1113 711 1280 787 augustus.
1297 697 1315 788 ξ
1410 698 1547 762 Noverit
1563 697 1707 762 omnium
1724 695 1776 761 dei
1793 694 1937 760 fidelium
1953 706 2209 782 nostrorumque

548 826 615 878 tam
647 812 848 899 presentium
883 832 982 897 quam
1015 821 1048 874 et
1081 808 1263 873 futurorum
1296 805 1473 886 industria,
1509 803 1648 891 qualiter
1679 801 1843 867 Arnoldus
1874 801 2210 867 Heroluesueldcnsis

548 919 729 985 aecclesiae
752 915 950 981 venerabilis
973 914 1077 980 abbas
1100 938 1175 980 eum
1199 915 1286 979 omni
1306 910 1579 998 congregationel
1598 909 1830 975 monachorum
1849 908 2051 996 militumque
2071 931 2209 973 suorum

548 1049 607 1091 nos
631 1025 744 1090 adiens
769 1034 965 1111 conquestus
990 1034 1039 1086 est
1061 1021 1182 1086 damna
1205 1019 1399 1102 concambii,
1423 1019 1510 1106 quod
1532 1017 1747 1105 predecessor
1769 1029 1880 1081 noster
1896 1015 2003 1081 bonae
2026 1017 2238 1081 memoriaes

546 1134 627 1197 Otto
649 1132 827 1217 imperator
850 1140 1007 1216 augustus
1031 1151 1105 1193 cum
1129 1127 1291 1193 aecclesia
1321 1149 1380 1191 sua
1411 1126 1490 1191 fecit
1512 1125 1598 1190 ἄιιοο
1623 1125 1653 1188 ei
1677 1123 1793 1211 predia
1815 1123 2037 1206 concedendo,
2067 1123 2208 1188 Moffen·

547 1237 626 1303 dorf
643 1237 798 1302 videlieet
820 1248 854 1301 et
877 1234 1032 1317 Cloboco,
1063 1234 1315 1299 decimationem
1337 1255 1416 1298 vero
1439 1232 1621 1297 aecclesiae
1650 1231 1735 1295 iuste
1758 1232 1986 1317 pertinentem,
2017 1253 2082 1317 que
2108 1231 2209 1294 etiam

549 1346 580 1409 ei
598 1344 700 1409 multo
717 1356 787 1408 erat
805 1343 925 1426 utilior,
949 1341 1138 1410 auferendo.
1178 1339 1281 1405 Cuius
1299 1341 1410 1427 itaque
1430 1339 1653 1427 querimoniae
1672 1338 1935 1403 lamentationem
1956 1336 2208 1423 diligentissime

549 1452 759 1538 inspicientes
778 1451 913 1537 eiusque
932 1449 1037 1514 iustae
1056 1449 1211 1535 peticioni
1231 1470 1399 1512 assensum
1415 1444 1589 1532 prebentes
1613 1444 1728 1532 predia
1751 1443 1845 1509 nobis
1868 1445 1983 1509 merito
2005 1445 2207 1531 pertinentia

549 1559 747 1644 recepimus,
781 1557 1014 1622 decimationes
1047 1566 1157 1621 autem
1189 1553 1390 1619 aecclesiae(1
1421 1554 1512 1617 iure⁰
1545 1564 1578 1616 et
1610 1550 1760 1637 legaliter
1792 1552 1992 1637 pertinentes
2025 1573 2088 1637 per
2123 1551 2206 1615 hane
2224 1574 2247 1611 u

548 1674 694 1730 nostram
724 1663 926 1751 imperialem
959 1664 1115 1749 paginam
1149 1660 1317 1726 reddendo
1349 1659 1558 1725 concedimus
1587 1670 1685 1745 atque
1714 1658 1881 1745 largimur,
1911 1657 2206 1745 concambiumque

549 1770 730 1837 aecclesiae
760 1771 942 1857 perniciose
972 1769 1094 1833 factum
1124 1768 1186 1833 hoc
1216 1767 1313 1832 modo
1343 1766 1569 1852 infringendo‘
1594 1766 1801 1831 dissolvimus
1831 1777 1873 1846 et,
1905 1764 1993 1852 quod
2022 1764 2206 1830 aecclesiae

549 1890 585 1943 ut
607 1878 750 1943 diximus
774 1878 857 1942 iuste
880 1874 1075 1963 pertinebat,
1099 1875 1235 1940 firmiter
1257 1873 1516 1939 corroboramus.
1556 1873 1601 1938 Ut
1623 1884 1732 1937 autem
1755 1872 1837 1937 haec
1860 1884 1990 1937 nostrae
2014 1871 2205 1937 comobora·

548 1986 647 2049 tionis
670 1985 846 2048 auctoritas
869 1981 994 2047 stabilis
1018 1993 1051 2047 ct
1074 1981 1267 2046 inconvulsa
1296 1982 1384 2046 omni
1408 1992 1599 2068 permaneat
1628 1992 1784 2067 tempore,
1814 1979 1877 2044 hoc
1907 1989 2099 2066 preceptum
2130 1979 2203 2043 inde

550 2092 771 2178 conscriptum
793 2114 893 2155 manu
916 2091 1049 2177 propria
1072 2089 1301 2154 confirmantes
1325 2086 1422 2175 sigilli
1445 2088 1547 2152 nostri
1569 2087 1773 2174 inpressione
1796 2087 1949 2151 iussimus
1972 2087 2135 2172 insigniri.
2221 2105 2242 2144 a

656 2231 674 2322 ξ
698 2233 835 2320 Signum
859 2233 970 2298 domni
992 2232 1142 2296 Heinrici
1165 2231 1372 2295 invictissimi
1395 2238 1459 2311 (M.)
1483 2230 1690 2316 imperatoris
1714 2230 1854 2316 augusti.
1878 2227 1896 2317 ξ

656 2373 674 2464 ξ
697 2374 898 2440 Guntherius
917 2373 1131 2439 cancellarius
1149 2374 1223 2438 vice
1242 2371 1454 2438 Ercambaldi
1473 2371 1750 2459 archicappellani
1768 2369 2003 2460 recognovit}
2044 2381 2104 2453 (Sl.
2119 2382 2161 2450 3.)

656 2517 746 2582 Data
768 2531 831 2582 vll.
855 2516 921 2582 kal.
945 2516 1012 2582 feb.
1036 2516 1213 2581 indictione
1236 2530 1298 2597 ΧΠ,
1326 2537 1411 2580 anno
1435 2514 1618 2579 dominicae
1641 2516 1875 2579 incarnationis
1899 2503 1986 2599 dlxv,
2017 2538 2104 2581 anno
2127 2537 2202 2579 vero

552 2624 663 2690 domni
685 2625 834 2689 Heinrici
859 2623 994 2689 secundi
1017 2625 1184 2709 regnantis
1207 2637 1283 2704 xlll,
1307 2623 1435 2709 imperii
1459 2632 1568 2686 autem
1590 2611 1618 2704 l,
1650 2632 1759 2686 actum
1783 2622 2025 2694 Franconowrt„

1332 2922 1422 3009 331.

553 3085 733 3161 Heinrich
757 3084 904 3161 schenkl
929 3085 1009 3160 dem
1036 3085 1183 3160 Kloster
1209 3082 1386 3182 Hersfeld
1410 3084 1478 3159 dus
1503 3085 1650 3159 Kloster
1676 3084 1886 3160 Memora.

1682 3231 1852 3304 stanfort
1874 3233 1953 3293 1015
1975 3233 2111 3293 Februar
2131 3235 2159 3291 5.

663 3410 908 3486 Oriqiaoldiplom
930 3410 970 3468 im
993 3410 1022 3469 le.
1040 3409 1240 3488 Stualsarelaiu
1262 3428 1298 3468 zu
1319 3409 1463 3485 llerburq
1487 3411 1559 3477 (A).

666 3553 832 3613 Sclmiuclce
853 3552 935 3613 Mon.
959 3552 1050 3611 Haec.
1075 3553 1104 3621 3,
1119 3552 1183 3611 248
1206 3553 1272 3611 a⁰1
1296 3570 1349 3610 aas
1371 3552 1524 3623 Absclua'st
1548 3554 1608 3620 (a).
1632 3583 1676 3590 -
1699 3553 1831 3612 willelm
1854 3554 1886 3613 ia
1908 3552 2045 3613 Miltleil.
2069 3573 2124 3613 aas
2144 3553 2200 3612 derv

664 3661 763 3719 Gebict
785 3659 1048 3733 histor-iactantia.
1069 3658 1271 3734 Forecbuupen
1294 3661 1323 3729 5,
1341 3659 1380 3717 74
1402 3676 1455 3718 aeas
1477 3678 1496 3717 a
1508 3661 1544 3718 A.
1564 3690 1608 3698 —
1627 3659 1809 3719 Dobeaecler
1830 3660 1901 3735 Rep.
1919 3662 1989 3720 642.
2013 3691 2059 3699 -
2080 3661 2200 3720 Base
2213 3675 2236 3716 a

661 3768 732 3843 Rep.
750 3768 835 3826 1134.
860 3796 904 3804 -
927 3765 1051 3840 Stampf
1069 3766 1140 3841 Rep.
1157 3766 1244 3824 1643.

666 3910 799 3981 Versusvt
821 3928 875 3968 von
899 3908 962 3979 EC,
985 3911 1038 3969 der
1059 3908 1173 3968 damula
1195 3908 1300 3967 teiedcr
1322 3926 1370 3967 am
1387 3908 1469 3979 Hofe
1491 3928 1555 3967 war
1578 3910 1636 3968 uad
1658 3910 1690 3968 ia
1712 3910 1764 3968 der
1785 3911 1919 3970 officiales
1940 3910 2006 3970 Zeu
2026 3912 2107 3971 daea
2130 3909 2200 3970 aicit

661 4017 763 4075 immet·
790 4036 881 4091 percu
910 4035 946 4075 zu
975 4016 1190 4075 destirameadeu
1213 4015 1345 4085 Einlluss
1374 4017 1434 4086 auf
1457 4016 1512 4075 due
1534 4015 1636 4076 Dictat
1664 4017 1773 4093 einiper
1794 4017 1867 4077 DD.
1892 4019 2026 4093 ampeabt
2054 4019 2114 4079 leat.
2159 4016 2200 4075 Εν

661 4124 711 4183 bat
734 4124 805 4182 uucl
829 4124 882 4182 den
903 4122 1024 4182 Gentem
1046 4123 1095 4181 des
1117 4121 1157 4181 D.
1175 4123 1232 4181 331
1254 4123 1341 4181 seroie
1362 4122 1409 4181 die
1431 4129 1523 4181 ersten
1545 4124 1609 4181 tier
1629 4124 1727 4183 Worte
1748 4124 1801 4183 der
1822 4123 2010 4201 Siqmmzeile
2030 4125 2198 4202 pecinaci

663 4231 720 4289 uriel
742 4249 822 4289 araur
844 4233 904 4302 auf
921 4231 1010 4289 mucra
1033 4249 1088 4288 voa
1112 4229 1171 4287 ΘΒ
1192 4229 1412 4304 berqerieltletea
1435 4230 1589 4304 Bluaqaael,
1613 4231 1728 4290 uelcltcs
1750 4232 1804 4291 wie
1825 4231 1866 4291 D.
1884 4233 1943 4292 330
1965 4233 2012 4291 die
2033 4239 2108 4292 erate
2129 4230 2199 4290 zeto
2213 4244 2235 4283 a

663 4338 721 4395 und
751 4337 944 4404 (obceicbeud
973 4356 1027 4397 voa
1057 4337 1109 4395 der
1132 4336 1170 4395 N.
1196 4337 1305 4395 Archiv
1327 4338 1456 4406 22,156
1483 4343 1662 4412 pectuscum
1684 4339 1818 4406 Aumrbt)
1843 4340 1915 4399 eceb
1938 4341 1991 4399 dus
2013 4339 2057 4399 M.
2080 4337 2197 4400 matut.

664 4443 723 4502 (ΞΒ
745 4444 795 4501 lut
817 4444 895 4502 ἄανυν
918 4445 1019 4503 ῑιᾶἄνν
1041 4444 1112 4502 noct
1134 4443 1187 4501 dea
1207 4442 1322 4502 Sellass
1343 4444 1396 4502 der
1415 4442 1611 4518 Siqaumzeile,
1634 4445 1681 4504 die
1698 4445 1884 4521 Recopaitiou
1904 4447 1964 4506 aad
1980 4447 2027 4506 die
2045 4446 2199 4516 Datim

662 4550 862 4624 ainzupeftqa
891 4550 952 4608 dies
978 4551 1078 4620 durfte
1104 4569 1153 4608 am
1179 4552 1208 4609 5.
1230 4550 1365 4609 Februur
1385 4551 1558 4625 gleichzeitip
1586 4551 1638 4610 mit
1660 4553 1712 4611 der
1732 4552 1912 4628 Vollziebuuq
1940 4554 2000 4613 aad
2021 4553 2199 4629 Besieqelum

548 4652 552 4659 ’
663 4657 716 4715 der
740 4657 876 4715 Urlunde
901 4657 1049 4731 qescbelten
1075 4657 1147 4725 seia,
1176 4657 1244 4714 uber
1270 4656 1356 4715 deren
1379 4657 1758 4732 Entstebuaqeuerkttltuisse
1784 4661 1841 4719 air
1866 4661 1952 4720 achon
1979 4661 2009 4719 iu
2037 4661 2089 4720 dev
2109 4658 2198 4719 vorte-

664 4763 800 4839 merlcuap
822 4781 857 4821 aa
880 4761 921 4821 D.
939 4764 998 4824 330
1019 4764 1188 4838 qesproclua
1210 4763 1308 4822 baben.
2213 4772 2235 4815 a

666 4937 726 5015 (C.)
748 4930 766 5020 ξ
789 4932 826 4996 ln
850 4933 981 4996 nominc
1005 4942 1137 4995 sanctae
1161 4942 1193 4996 et
1216 4930 1406 4996 individuae
1430 4934 1592 4997 trinitatis.
1638 4934 1815 4999 Heinricus
1845 4935 1959 5000 divina
1987 4936 2117 5001 favente
2144 4932 2198 4999 cle·

557 5041 680 5106 mentia
709 5040 928 5104 Romanorum
958 5040 1135 5125 imperator
1165 5050 1331 5123 augustus.
1356 5037 1373 5127 ξ
1493 5040 1528 5105 Si
1558 5040 1759 5105 venerabilia
1789 5042 2023 5107 aecclesiarum
2053 5043 2107 5108 dei
2135 5041 2199 5106 loca

558 5148 695 5212 alicuius
719 5147 796 5211 doni
819 5148 1020 5211 incremento
1050 5145 1154 5210 ditare
1185 5145 1237 5209 vel
1268 5144 1443 5210 sublimare
1474 5146 1701 5229 studuerimus,
1733 5147 1827 5214 nobis
1856 5150 2050 5236 animaeque
2079 5162 2197 5215 nostrae

558 5277 598 5319 ac
630 5255 722 5341 regni
754 5255 853 5318 statui
885 5253 919 5318 id
951 5252 1047 5317 valde
1080 5252 1283 5339 profuturum
1316 5275 1387 5316 esse
1420 5255 1552 5319 minime
1585 5253 1782 5319 dubitamus.
1829 5254 2037 5343 Quapropter
2066 5257 2198 5321 omnium

558 5360 679 5425 Christi
696 5361 839 5425 fidelium
855 5372 1103 5446 nostrorumque
1119 5361 1319 5446 presentium
1335 5360 1460 5425 scilicet
1475 5384 1513 5425 ac
1532 5362 1714 5426 futurorum
1733 5364 1860 5427 noverit
1877 5361 2047 5446 industria,
2072 5361 2234 5451 quatiere

629 5555 694 5611 830.
720 5554 926 5624 [Pola-Bloch]
963 5559 989 5622 a)
1015 5557 1065 5609 dac
1082 5558 1170 5607 tuente
1188 5554 1198 5606 i
1215 5556 1343 5607 armathen
1362 5573 1379 5608 u
1398 5557 1454 5609 und
1471 5575 1490 5609 n
1508 5558 1693 5624 mcbtrdqlielt
1710 5560 1847 5625 eiapefrlpt
1925 5557 1955 5625 b)
1979 5566 2046 5612 stati
2062 5561 2109 5614 dea
2124 5560 2197 5613 Μ

721 5644 735 5679 e
754 5644 812 5678 reor
830 5628 1022 5696 urmnpls'eb
1042 5644 1058 5679 a
1074 5628 1248 5693 umbriacen,
1273 5627 1391 5679 durator
1409 5630 1501 5682 warde
1524 5646 1539 5681 e
1561 5635 1665 5695 pesam,
1691 5631 1755 5682 aber
1773 5630 1869 5682 wieder
1885 5630 2050 5696 amalonem
2073 5632 2129 5685 uad
2143 5627 2197 5680 stall

719 5699 809 5751 ἄινᾶονι
827 5700 878 5749 (lus
896 5715 912 5749 a
930 5702 962 5751 in
982 5715 998 5752 e
1015 5700 1158 5763 corrigam
1248 5701 1273 5763 c)
1300 5714 1403 5754 occia.
1422 5716 1516 5766 ausa
1538 5701 1665 5752 dubietas·
1686 5703 1753 5754 noch
1775 5704 1818 5753 εἰη
1837 5701 1993 5770 amasa,
2017 5704 2125 5771 woltls,
2145 5710 2198 5751 aaa·

720 5772 823 5822 radim
895 5769 924 5835 d)
950 5787 994 5821 um
1013 5770 1106 5822 letzim
1125 5786 1140 5821 e
1160 5771 1301 5822 θονννᾶἄν
1372 5774 1398 5835 e)
1424 5787 1527 5826 ceorr.
1546 5788 1597 5823 uua
1616 5789 1632 5823 a
1704 5773 1729 5839 f)
1755 5789 1770 5824 r
1786 5789 1855 5828 corr.
1874 5789 1926 5826 uus
1942 5771 1960 5829 i.
