4836 6504
819 497 1057 554 HEINRIOH
1079 500 1118 556 Π.
1160 498 1255 557 1008.
1802 493 1867 557 213

212 684 403 770 episcopum
432 684 597 748 communi
626 683 840 749 unanimitate
872 686 1026 750 convenit
1056 685 1222 773 quoddam
1254 686 1363 751 facere
1395 685 1624 751 concambium
1653 698 1764 752 nostro
1793 689 1867 752 usui

213 811 409 875 congruum,
442 811 481 853 θο
512 788 668 854 videlicet
699 800 796 876 pacto
828 802 864 855 ut
895 812 955 854 nos
986 805 1123 858 aeclesiae
1154 808 1243 857 sancti
1272 807 1404 873 Stephani
1436 807 1635 873 protomartiris
1662 807 1734 857 infra
1761 823 1867 858 murum

211 895 423 981 Mogontlnae
448 910 569 960 civitatis
595 916 769 960 constructae
795 912 822 960 in
840 911 1057 976 'stipendiarium
1082 920 1111 963 et
1132 928 1268 963 annonam
1291 913 1422 963 fratribus
1442 913 1494 964 deo
1514 913 1617 964 ibidem
1635 898 1867 964 famulantibus

212 1032 293 1068 omne
319 1015 456 1082 predium,
483 1015 558 1080 quod
585 1023 644 1065 nos
667 1001 840 1067 habuimus
858 1004 904 1067 -in
932 1003 1004 1069 loco
1027 1004 1156 1069 Amena
1186 1004 1284 1087 dicto,
1316 1016 1348 1068 et
1379 1004 1536 1091 quicquid
1565 1004 1609 1069 ad
1631 1004 1721 1069 illam
1744 1016 1867 1070 curtem

175 1109 355 1196 spertinet
384 1108 418 1172 in
446 1130 534 1194 pago
559 1106 851 1194 Oberenlogenahe
880 1125 1041 1176 nommato
1071 1111 1106 1175 in
1136 1112 1290 1175 comitatu
1315 1109 1447 1175 Gisonis
1478 1113 1619 1194 comitis,
1650 1133 1709 1198 per
1738 1111 1867 1176 kartam

212 1225 357 1280 nostram
380 1236 439 1300 pro
458 1213 516 1279 tali
532 1215 785 1279 commutatione
804 1215 1016 1298 traderemus,
1040 1217 1193 1303 quatinus
1213 1239 1273 1281 nos
1290 1239 1351 1303 per
1369 1217 1564 1282 advocatum
1583 1217 1686 1304 ipsius
1704 1216 1866 1282 aeclesiae

212 1322 379 1387 larzonem
410 1321 562 1385 comitem
592 1330 717 1385 curtem
741 1332 959 1388 Buoehmabahb
983 1321 1105 1387 dictam
1136 1346 1210 1387 cum
1242 1321 1392 1387 omnibus
1423 1323 1493 1387 eius
1516 1322 1713 1409 appenditiis
1739 1338 1769 1387 iu
1793 1354 1866 1403 pago

213 1443 368 1508 Raagoum
385 1455 402 1487 s
423 1443 451 1491 m
470 1443 603 1493 comitatu
622 1440 766 1493 adalberti
785 1444 894 1493 comitis
912 1429 1074 1493 iacentem
1093 1428 1135 1494 ad
1155 1429 1330 1494 aeclesiam
1349 1430 1454 1493 sancti
1473 1429 1562 1493 Petri
1581 1429 1719 1515 apostoli
1738 1428 1866 1494 Baben·

212 1533 315 1621 berge
339 1545 557 1600 constructam
576 1550 604 1599 tn
623 1549 763 1614 proprium
782 1536 1031 1621 susciperemus.
1070 1535 1167 1601 Unde
1185 1558 1245 1622 pro
1264 1536 1515 1600 commutatione
1535 1536 1683 1622 superius
1701 1537 1868 1600 nominata

169 1668 197 1708 so
214 1641 302 1706 idem
324 1640 475 1728 predium
497 1639 626 1706 Amena
648 1642 713 1705 lam
737 1640 860 1706 (lictum
881 1664 992 1707 nostrae
1015 1657 1147 1723 potestati
1171 1657 1242 1706 iuste
1265 1657 1452 1721 mancipatum
1471 1654 1608 1706 aeclesiae
1627 1658 1716 1706 sancti
1736 1657 1867 1722 Stephani

214 1763 413 1829 protomartiris
432 1733 502 1812 inira
520 1777 626 1812 murum
645 1747 856 1833 Mogontlnae
875 1764 995 1814 civitatis
1015 1769 1189 1815 constructae
1209 1761 1242 1812 et
1259 1763 1388 1813 fratribus
1410 1763 1463 1813 deo
1483 1762 1584 1813 ibidem
1602 1763 1784 1813 servientibus
1804 1778 1866 1812 curn

214 1855 302 1919 omni
322 1868 460 1919 utilitato
480 1867 604 1919 aeclesiis
621 1868 852 1920 decimationibus
872 1881 889 1913 ⁵
906 1870 987 1920 etiam
1005 1871 1148 1934 utriusque
1165 1886 1247 1919 sexus
1264 1871 1408 1936 mancipiis
1425 1871 1495 1920 arcis
1512 1869 1644 1919 aedificiis
1660 1871 1764 1935 campis
1781 1871 1867 1935 pratis

215 1976 325 2041 pascuis
344 1976 423 2025 terris
444 1961 576 2048 quidem
595 1973 678 2025 cultis
698 1982 726 2026 et
744 1973 856 2026 incultis
875 1976 952 2026 silvis
971 1977 1099 2041 omnique
1118 1975 1248 2027 silvatica
1266 1976 1386 2028 utilitate
1403 1977 1483 2042 aquis
1500 1991 1688 2042 aquarumque
1705 1976 1866 2026 decursibus

214 2082 414 2150 piscationibus
439 2082 603 2134 molendinis
624 2095 641 2127 s
669 2083 721 2132 riis
745 2090 772 2133 et
797 2084 878 2132 inviis
905 2083 1024 2133 exitibus
1050 2090 1078 2133 ot
1101 2083 1236 2134 reditibus
1262 2085 1394 2148 quaesitis
1421 2090 1449 2133 et
1474 2083 1563 2133 adhuc
1589 2081 1797 2148 quomodolibet
1822 2099 1866 2131 ac·

170 2208 197 2248 15
216 2188 356 2254 quirendis
378 2201 395 2233 s
416 2204 478 2238 cum
504 2189 578 2239 omui
604 2189 762 2255 integritate
788 2188 959 2239 donavimus.
996 2190 1032 2239 Et
1057 2196 1088 2240 ut
1112 2190 1194 2240 buius
1220 2198 1330 2241 nostrae
1356 2189 1457 2255 regalis
1482 2190 1632 2241 auctoritas
1658 2191 1867 2254 mancipationis

214 2295 291 2346 firma
309 2295 416 2346 stabilis
436 2303 464 2346 et
482 2294 644 2346 inconvulsa
663 2294 860 2362 perpetualiter
878 2297 1020 2355 consistat,
1045 2297 1098 2347 hoc
1122 2304 1280 2362 preceptum
1300 2297 1437 2347 conscribi
1462 2298 1591 2347 iussimus
1618 2305 1646 2346 ct
1671 2293 1755 2362 sigilli
1780 2297 1866 2346 nostri

214 2403 386 2468 inpressione
405 2403 612 2455 corroboratum
631 2400 719 2469 regali
735 2415 753 2447 s
774 2408 868 2452 nostra
886 2418 968 2452 manu
987 2403 1083 2452 subtus
1102 2403 1277 2453 firmavimus.

321 2519 339 2610 ξ
363 2521 499 2607 Signum
522 2521 633 2585 domni
655 2521 804 2585 Heinrici
828 2522 892 2608 (II.)
915 2522 1003 2606 regis
1025 2522 1241 2585 invictissimi.
1265 2519 1283 2609 ᾖ

321 2661 339 2752 ξ
361 2663 564 2728 Eberhartus
588 2663 803 2729 cancellarius
827 2675 860 2728 et
883 2665 1056 2750 episcopus
1075 2666 1148 2728 vice
1165 2663 1331 2749 Uuilligisi
1350 2663 1607 2750 archicapellani
1626 2664 1829 2749 conscripsit.
1850 2661 1868 2751 ᾖ

168 2802 196 2843 so
1704 2777 1760 2849 (Sl
1780 2777 1822 2847 2.)

320 2877 444 2942 Datum
467 2891 526 2942 xv.
549 2876 616 2942 kal.
640 2878 721 2941 iunii
752 2900 837 2942 anno
861 2877 1045 2941 dominicae
1075 2877 1309 2942 incarnationis
1340 2875 1510 2941 millesimo
1534 2891 1612 2960 VIII,
1642 2898 1728 2941 anno
1758 2888 1867 2940 autem

213 2984 364 3048 Heinrici
387 2985 474 3070 regis
498 2983 633 3048 secundi
650 2999 699 3066 vl,
722 2983 900 3048 indictione
916 2998 969 3065 VI3
993 2994 1102 3049 actum
1125 2984 1313 3069 blogoncie3
1338 2982 1477 3047 feliciter
1499 3005 1605 3047 amen.

1001 3319 1089 3406 tra

213 3490 393 3566 Heinrich
418 3491 610 3591 uberudpt
632 3492 673 3564 in
699 3489 813 3590 Folpe
845 3492 941 3565 eines
972 3489 1149 3564 Toascbes
1174 3489 1345 3563 mitatem
1370 3487 1596 3587 Jm‘zbiscbof
1618 3487 1771 3587 Willt‘pis
1798 3514 1867 3561 oon

168 3648 196 3690 ,s
215 3608 343 3682 Maias
369 3608 441 3683 deu
466 3608 643 3683 Brr'r'derrr
669 3609 735 3683 der
760 3608 898 3683 Kirclre
933 3608 995 3682 des
1019 3608 1053 3683 ts.
1072 3607 1236 3707 Stephon
1262 3607 1418 3681 daselbst
1434 3605 1513 3704 fiir
1546 3607 1617 3681 den
1649 3632 1723 3680 von
1756 3607 1867 3680 iliaca

215 3727 466 3827 obpctreteaca
490 3728 584 3827 Hof
600 3727 845 3803 Bitcllcadacls
869 3728 947 3802 scia
975 3724 1051 3803 Gat
1073 3753 1116 3801 zu
1143 3726 1236 3800 seit.

1464 3871 1566 3931 Maias
1586 3872 1667 3932 1008
1686 3870 1753 3931 Mai
1772 3872 1820 3929 18.

274 4014 276 4017 ¹
326 4051 569 4128 Ouuinalcliplom
591 4053 632 4112 im
653 4053 763 4128 prosali.
781 4051 981 4111 Staatsarclriv
1002 4069 1038 4109 zu
1060 4049 1235 4109 Darmstadt
1259 4049 1332 4117 (Α).

322 4194 447 4270 Stampf
464 4198 539 4254 Acta
560 4196 636 4255 incd.
653 4196 694 4254 Io
717 4195 787 4270 (opt.
805 4193 837 4254 S.
853 4194 929 4260 879)
953 4196 986 4252 n⁰
1001 4194 1040 4252 34
1062 4210 1115 4252 aas
1136 4194 1174 4251 A.
1198 4221 1243 4229 -
1266 4189 1390 4264 Stamps
1408 4189 1480 4265 Ray.
1497 4192 1584 4251 1494.

169 4366 197 4407 ω
326 4338 387 4414 Vpl.
411 4339 459 4398 dic
478 4337 705 4412 Vorbcmerlranp
726 4356 761 4395 za
784 4335 824 4394 D.
843 4336 910 4394 177.
929 4364 974 4373 —
993 4333 1033 4393 D.
1052 4335 1110 4392 179
1132 4334 1171 4392 ist
1193 4333 1271 4391 nicht
1293 4333 1325 4391 ia
1347 4333 1437 4391 cirtem
1456 4333 1534 4408 Zaqe
1555 4332 1715 4406 herpattellt
1736 4332 1868 4405 socrdem·

322 4446 457 4505 rrachdcm
480 4445 527 4504 dic
548 4428 640 4503 ersten
664 4444 762 4502 beiden
784 4442 880 4501 Wortc
902 4442 954 4500 der
978 4439 1323 4510 Corroborruioasformel
1351 4438 1527 4513 aeschriebca
1557 4457 1665 4509 roarea,
1694 4439 1778 4498 roard
1806 4439 1868 4497 ciac

321 4552 418 4612 Parate
439 4552 567 4628 penaeas
590 4550 648 4609 aad
670 4550 740 4609 alles
762 4549 862 4623 stripe
884 4553 943 4608 crst
964 4552 1062 4621 sptttcr
1084 4546 1278 4620 hiazaqcftlpt.

322 4729 380 4799 (C.)
403 4718 422 4809 ᾗ
443 4720 483 4784 In
505 4719 637 4783 nomine
662 4730 795 4783 sanctae
819 4728 851 4781 et
873 4714 1064 4780 individuae
1087 4715 1251 4778 trinitatis.
1298 4713 1475 4777 Heinricus
1506 4712 1618 4777 divina
1647 4712 1778 4778 favente
1803 4713 1866 4778 cle·

212 4829 336 4892 mentia
365 4850 435 4892 rex.
549 4826 704 4891 Omnium
732 4835 916 4888 nostrorum
944 4821 1090 4886 fidelium
1119 4833 1187 4886 tam
1219 4821 1418 4907 presentium
1448 4842 1547 4906 quam
1577 4830 1609 4884 et
1639 4818 1656 4908 ᾗ
1685 4820 1865 4885 firturorum

168 4963 195 5006 a
213 4936 342 4999 noverit
370 4934 547 5016 industria,
581 4931 722 5019 qualiter
752 4931 838 4995 inter
868 4952 928 4993 nos
958 4938 991 4992 et
1011 4926 1212 5014 Willigisum
1242 4925 1431 5015 Mogontinq
1464 4925 1552 4991 sedis
1584 4925 1865 5012 archiepiscopum

212 5042 377 5105 communi
400 5039 613 5105 unanimitate
637 5039 791 5103 convenit
810 5035 974 5123 quoddam
997 5033 1106 5099 facere
1131 5030 1358 5097 concambium
1380 5044 1491 5097 nostro
1511 5033 1585 5097 usui
1608 5055 1802 5118 congraum,
1825 5055 1865 5096 ao

211 5146 367 5212 videlicet
388 5160 486 5234 paeto
508 5157 545 5210 ut
566 5168 626 5210 nos
650 5158 786 5209 aeclesiae
812 5159 901 5208 sancti
920 5156 1052 5222 Stephani
1078 5155 1276 5219 protomartiris
1302 5154 1372 5204 inira
1397 5169 1504 5203 murum
1530 5139 1720 5228 Mogonlinq
1745 5154 1867 5203 civibrtis

212 5275 369 5333 constructe
395 5269 423 5319 in
447 5267 657 5334 stipendiarium
683 5264 849 5315 famulitium
873 5263 1004 5314 iratribus
1029 5262 1082 5313 deo
1109 5261 1210 5311 ibidem
1235 5261 1419 5310 servientibus
1444 5276 1523 5311 omne
1549 5259 1681 5326 predium,
1707 5259 1782 5325 quod
1805 5268 1865 5309 nos

211 5359 409 5449 habuimlus]
440 5361 475 5424 in
507 5359 590 5447 [loco
620 5357 738 5445 Rigala
768 5355 898 5445 dicto]⁸,
930 5368 963 5419 et
993 5352 1149 5441 quicquid
1178 5351 1235 5440 a[d
1264 5351 1365 5440 illa]m
1395 5362 1520 5416 curtem
1548 5352 1689 5437 pertinet
1718 5353 1752 5415 in
1779 5374 1864 5437 pago

165 5492 195 5533 so
211 5467 399 5533 bleineueld
423 5474 616 5543 nominatio]
642 5465 676 5528 in
700 5461 881 5552 colmita]tu
898 5460 1039 5525 Becilini
1063 5460 1200 5542 comitis,
1224 5481 1284 5546 per
1302 5458 1432 5523 kartam
1450 5468 1594 5523 nostram
1616 5480 1676 5543 pro
1698 5456 1757 5523 tali
1778 5482 1864 5522 casin-

283 5661 347 5718 tta.
372 5661 401 5730 b)
419 5662 470 5714 dus
488 5662 563 5715 Iam
580 5658 600 5712 h
617 5659 675 5711 aad
692 5658 740 5711 der
757 5659 846 5710 meite
863 5656 954 5709 Stricta
971 5655 1017 5707 des
1034 5654 1260 5720 corberpebsrrdcn
1279 5670 1296 5706 a
1312 5653 1369 5718 aas
1382 5653 1483 5708 asar.

283 5751 347 5807 raa.
373 5749 520 5821 [Bresslsu]
557 5752 584 5817 a)
602 5749 672 5801 disse
689 5748 745 5800 aad
762 5748 806 5799 dic
820 5745 960 5812 folpsadra
976 5744 1084 5796 Lriolrcrs
1102 5743 1171 5795 narb
1189 5744 1240 5795 dors
1257 5742 1532 5798 castaneae
1549 5741 1607 5793 aad
1624 5742 1682 5794 dem
1698 5743 1767 5795 Sion
1786 5749 1865 5795 anter

372 5821 630 5888 Bemmautpunp
647 5820 695 5871 der
713 5818 780 5871 noch
797 5817 982 5870 sorbendam
1001 5816 1173 5880 Schriftrests
1190 5819 1301 5881 crpdnzt
