4804 6498
818 491 1071 550 ,HEINRICH
1092 493 1131 548 Π.
1173 491 1267 549 1004.

1023 677 1089 763 82.

230 839 408 913 Heinrich
434 840 598 941 bestdtt'pt
622 838 703 914 den
728 837 1022 915 Nonnenloloster
1047 838 1220 914 Drit'beclt
1245 835 1390 932 Sobata,
1417 838 1634 912 Immonitdt
1656 836 1737 912 ond
1760 836 1880 913 Wabl·

230 958 337 1033 recbt.
1377 985 1555 1062 nonna
1578 985 1657 1045 roos
1679 984 1790 1059 nano
1809 985 1836 1045 1.

340 1127 583 1203 Orioimldiplom
605 1129 646 1188 int
669 1129 769 1199 [breti.
795 1126 1019 1203 Stolberoiscbcn
1040 1127 1151 1187 Archiv
1172 1147 1208 1187 zu
1229 1128 1430 1204 Wernt'oerode
1453 1128 1523 1196 (A).

336 1269 478 1329 menno
499 1269 572 1330 DD.
596 1275 706 1330 centnm
728 1271 766 1330 31
789 1273 821 1329 n⁰
840 1272 880 1330 21
904 1289 957 1330 ons
979 1271 1016 1330 ri.
1047 1300 1092 1308 -
1122 1269 1246 1345 Stompf
1262 1270 1338 1330 Aeto
1365 1271 1440 1330 ised.
1466 1271 1525 1329 363
1551 1271 1584 1328 n⁰
1602 1271 1666 1330 260
1695 1287 1748 1328 otta
1770 1269 1806 1328 A.
1839 1298 1881 1308 -

336 1376 443 1437 Jacobs
464 1375 633 1437 Drbbeclter
658 1377 722 1437 ΠΒ.
746 1378 767 1435 i
789 1381 821 1437 n⁰
841 1380 862 1436 5
884 1396 937 1437 ons
959 1378 997 1448 A,
1020 1378 1099 1436 nebn
1120 1377 1286 1437 Facsirnn'le.
1310 1406 1354 1416 -
1378 1376 1713 1452 StampsRco.1390“.

339 1518 525 1578 Gescbrieben
539 1538 593 1578 oon
608 1519 668 1578 ΕΒ
684 1519 768 1586 (tiber
782 1520 836 1580 das
850 1519 955 1579 Dictat
973 1520 1030 1594 ool.
1047 1519 1088 1579 D.
1105 1520 1161 1587 si)
1177 1524 1261 1579 nmen
1276 1520 1445 1594 Benntrmtp
1460 1519 1600 1577 encoma
1613 1518 1663 1577 des
1677 1517 1747 1577 DO.
1761 1517 1806 1577 II.
1819 1519 1884 1578 225

338 1625 406 1685 oder
427 1626 694 1685 wobrscbeinlicber
715 1627 764 1685 des
786 1645 841 1686 ons
857 1628 929 1701 jetrt
951 1646 1009 1685 nnr
1030 1627 1063 1686 in
1084 1626 1200 1686 barrem
1222 1626 1337 1702 Auerno
1359 1627 1521 1685 erboltmn
1544 1624 1613 1685 DO.
1638 1624 1704 1684 III.
1726 1626 1793 1684 167.
1835 1624 1883 1684 ln·

337 1732 400 1791 dero
429 1733 486 1791 wir
514 1733 561 1792 die
586 1732 875 1809 Uebereinstimmnnp
906 1735 959 1792 mit
991 1734 1043 1793 der
1071 1738 1195 1792 ennoea
1222 1733 1358 1793 Urlrnnde
1388 1732 1480 1792 dorcb
1508 1732 1679 1791 Pctiidrnck
1710 1732 1882 1803 bezeichnen,

338 1847 450 1897 missen
478 1839 535 1917 wir
563 1839 762 1913 dobiooestellt
789 1841 851 1899 sein
880 1841 987 1910 lmsen,
1017 1840 1169 1899 innoietoet't
1197 1840 1244 1899 die
1272 1840 1496 1915 Abroet'cbnnoen
1524 1840 1574 1898 dea
1602 1838 1644 1898 D.
1665 1841 1708 1899 82
1736 1858 1791 1898 von
1819 1840 1883 1899 dem

338 1943 408 2004 Do.
425 1944 471 2004 ΙΙ.
496 1948 556 2015 anf
573 1945 627 2005 dos
649 1946 794 2005 colerere
810 1945 880 2005 DO.
898 1946 962 2005 ΙΙΙ.
987 1947 1189 2021 eomnboebeu.
1213 1975 1256 1985 —
1283 1946 1326 2006 Ob
1343 1947 1403 2005 nnd
1425 1947 1457 2005 in
1474 1946 1593 2005 welcber
1610 1945 1702 2005 Wette
1723 1947 1770 2005 dic
1784 1946 1883 2005 beiden

339 2052 488 2110 omubolb
507 2052 559 2110 der
573 2051 820 2127 Dotnetnnoszet'le
839 2054 912 2112 wobl
931 2072 987 2112 oon
1005 2053 1127 2112 ondcer
1141 2053 1234 2112 Hond
1252 2054 1471 2129 binzrtpesit'pten
1486 2052 1599 2111 Nomen
1621 2052 1658 2118 (a.
1675 2052 1751 2111 Note
1766 2053 1802 2119 d)
1818 2070 1883 2111 rom

339 2157 440 2217 [abab
461 2159 513 2218 der
531 2158 667 2218 Urbnnde
688 2160 721 2217 in
742 2159 905 2235 Beziebnno
926 2160 1030 2230 stebcu,
1054 2159 1122 2219 oder
1144 2161 1178 2219 ob
1201 2160 1287 2219 deren
1313 2160 1425 2234 ibltper
1448 2159 1491 2218 bei
1513 2159 1594 2217 ibren
1612 2158 1792 2233 Erwirlsnw
1814 2158 1882 2218 oder

339 2264 547 2341 Austertt'pnno
569 2266 630 2324 cine
652 2265 736 2325 Rolle
756 2266 874 2340 oapielt
895 2267 995 2336 baben,
1018 2267 1057 2325 ist
1078 2267 1157 2325 nicbt
1178 2285 1214 2325 en
1236 2267 1421 2326 entscbeidcn.

189 2440 215 2480 rs
340 2422 399 2494 (C.)
425 2413 443 2504 ᾖ
473 2415 511 2479 In
535 2416 666 2481 nomine
690 2428 822 2481 sanctae
846 2427 879 2480 et
900 2416 1089 2481 individuae
1112 2416 1275 2480 trinitatis.
1329 2416 1505 2481 Heinricus
1529 2414 1642 2479 dimna
1663 2416 1795 2480 favente
1819 2414 1882 2480 cle·

233 2522 355 2585 mentia
383 2544 453 2586 rex.
574 2522 695 2587 Notum
725 2524 767 2587 sit
795 2522 944 2587 omnibus
967 2521 1119 2587 fidelibus
1149 2523 1267 2587 nostris
1296 2521 1523 2609 praesentibus
1553 2521 1678 2586 scilicet
1701 2532 1734 2585 et
1755 2521 1882 2605 inituris,

234 2640 353 2706 qualiter
376 2658 428 2692 nos
453 2651 514 2714 per
540 2630 758 2693 interventum
782 2628 1013 2693 dilectissimae
1041 2626 1059 2717 ξ
1086 2628 1180 2693 nobis
1204 2630 1375 2715 coniugis·
1397 2640 1527 2693 nostrae
1552 2627 1769 2714 Cunigundae
1792 2628 1883 2693 vide-

232 2734 310 2799 licet
332 2736 465 2821 reginae
492 2749 630 2815 quoddam
655 2751 851 2801 monasterium
877 2751 1026 2801 inhonore
1051 2756 1164 2800 sanctae
1183 2750 1288 2800 Mariae
1312 2751 1456 2815 sanctique
1475 2750 1534 2800 Uiti
1557 2751 1682 2815 martyris
1706 2751 1735 2799 in
1755 2749 1816 2800 loco
1836 2751 1883 2815 qui

233 2855 333 2906 dicitur
357 2857 476 2907 Drubiki
499 2841 654 2906 moderno
678 2843 844 2928 temporeb
868 2863 1057 2907 constructum
1077 2870 1095 2902 a
1125 2858 1153 2906 in
1181 2853 1296 2927 nostreb
1325 2859 1450 2907 tuitionis
1478 2857 1665 2908 defensionem
1693 2856 1883 2922 suscipientes,

188 2973 216 3013 ao
235 2946 389 3037 [pletente
412 2971 490 3013 vero
513 2980 546 3014 ac
571 2951 793 3014 consentiente
808 2948 954 3014 Arnoldo
979 2965 1129 3030 episcopo
1149 2951 1183 3013 in
1206 2950 1299 3014 cuius
1323 2950 1489 3036 episcopio
1506 2950 1603 3013 situm
1627 2959 1690 3031 est,
1707 2974 1724 3006 s
1752 2963 1786 3013 ab
1809 2966 1884 3013 omni

232 3070 349 3141 humane
375 3071 559 3121 infestationis
585 3070 707 3120 dominio
733 3086 782 3137 per
806 3070 859 3120 hoc
885 3078 995 3122 nostrae
1021 3072 1195 3121 auctoritatis
1221 3077 1399 3137 praeceptum
1424 3069 1622 3137 perpetualiter
1647 3069 1824 3131 absolvimus,
1851 3085 1885 3121 ea

232 3176 364 3227 videlicet
389 3178 514 3227 rationee
543 3183 573 3227 ut
599 3176 691 3227 nullus
710 3177 857 3243 episcopus
877 3193 968 3228 comes
988 3176 1031 3227 vel
1052 3178 1135 3227 iudex
1159 3184 1207 3228 ant
1226 3184 1447 3243 exactoresque
1471 3176 1570 3242 aliquis
1590 3179 1700 3229 omnino
1719 3180 1748 3227 in
1767 3177 1883 3243 praeisti

232 3285 390 3336 monasterii
410 3286 491 3335 rebus
510 3284 683 3335 iudiciariam
702 3291 858 3351 praesumat
877 3284 1008 3350 deinceps
1028 3301 1156 3335 exercere
1176 3291 1350 3351 potestatem,
1370 3287 1422 3334 nisi
1443 3301 1523 3350 quern
1543 3286 1705 3351 praescripti
1724 3285 1883 3335 monasterii

233 3393 380 3453 abbatissa,
407 3377 463 3443 ubi
494 3401 580 3442 nunc
610 3400 764 3465 praeesse
787 3378 918 3443 videtur
945 3389 1002 3442 aut
1025 3401 1089 3467 que
1118 3377 1181 3442 sibi
1212 3380 1408 3443 successerit
1430 3379 1465 3441 in
1487 3400 1537 3461 re,
1561 3390 1680 3457 publicis
1707 3390 1883 3453 utilitatibus,

188 3507 215 3547 ab
233 3484 504 3550 conlaudantibus
527 3483 703 3567 sororibus,
729 3497 843 3565 elegerit
862 3499 1036 3550 advocatum·
1074 3500 1110 3549 Et
1128 3500 1374 3564 quotienscumque
1392 3497 1562 3549 inevitabilis
1585 3514 1644 3548 sors
1668 3499 1763 3548 mortis
1782 3481 1882 3548 abba·

163 3596 168 3604 '
232 3593 345 3655 tissam
375 3591 547 3675 deleverit,
578 3614 706 3655 sorores
737 3591 869 3679 quidem
898 3605 1011 3657 liberam
1038 3607 1110 3656 inter
1135 3622 1165 3657 se
1191 3592 1243 3657 vel
1274 3591 1405 3656 aliunde
1428 3607 1548 3656 babeant
1573 3612 1737 3671 potetatem
1764 3604 1883 3671 eligendi

232 3713 400 3762 abbatissam
418 3714 477 3762 sine
497 3711 581 3762 ullius
600 3712 827 3773 contradictione,
847 3698 1018 3763 dumtaxat
1032 3722 1098 3763 non
1114 3700 1156 3762 sit
1171 3700 1277 3763 minor
1291 3720 1433 3784 perbona
1448 3697 1616 3784 dignitate,
1643 3710 1747 3777 talique
1772 3727 1883 3777 prorsus

232 3820 291 3869 iure
310 3818 493 3885 perfruantur,
512 3818 587 3884 quali
606 3818 650 3869 vel
670 3818 885 3869 Ganderesheim
905 3819 948 3869 vel
969 3818 1203 3887 Quidilingoburg
1222 3818 1354 3871 moniales
1373 3820 1425 3870 deo
1444 3821 1595 3870 servientes
1615 3821 1656 3869 uti
1674 3818 1811 3869 videntur.
1847 3818 1883 3868 ist

233 3932 264 3976 ut
285 3926 340 3976 boc
363 3932 472 3976 nostrae
499 3911 620 3997 regalis
647 3927 823 3976 auctoritatis
846 3934 1024 3993 praeceptum
1047 3928 1152 3977 firmum
1177 3934 1205 3978 et
1228 3926 1327 3978 stabile
1351 3933 1518 3992 permaneat,
1543 3927 1672 3976 iussimus
1691 3926 1761 3976 hanc
1781 3931 1884 3976 cartam

188 4039 215 4081 tu
233 4033 369 4083 conscribi
394 4039 422 4083 et
447 4018 544 4105 sigilli
570 4034 658 4083 nostri
679 4035 849 4099 inpressione
869 4034 980 4100 signari,
1000 4051 1083 4100 quam
1103 4042 1130 4085 et
1149 4050 1231 4085 manu
1250 4035 1361 4100 propria
1380 4035 1476 4084 subtus
1495 4033 1669 4084 firmavimus.

337 4159 356 4251 ξ
379 4160 516 4248 Signum
539 4161 649 4226 domni
672 4162 821 4226 Heinrici
845 4169 909 4241 (Μ.)
933 4165 1021 4250 regis
1044 4163 1260 4251 invictissimi.
1285 4160 1303 4251 ᾖ

337 4303 564 4394 {Egilbertus
587 4304 802 4370 cancellarius
825 4306 898 4369 vice
922 4304 1086 4391 Uuilligisi
1113 4303 1366 4390 archicapellani
1388 4326 1497 4391 recog.
1521 4301 1538 4392 ff
1715 4310 1772 4383 (SI.
1796 4310 1838 4382 2.)

338 4446 427 4511 Data
449 4447 514 4512 kal.
539 4470 614 4534 aug.
638 4470 723 4511 anno
743 4447 926 4513 dominicae
949 4448 1183 4511 incarnationis
1202 4461 1298 4529 isim,
1322 4445 1500 4511 indictione
1518 4461 1541 4529 1,
1565 4468 1650 4509 anno
1673 4443 1882 4509 verodomni

230 4553 379 4618 Heinrici
402 4553 538 4618 secundi
561 4555 648 4641 regis
672 4568 730 4638 1113
754 4566 863 4619 actum
886 4553 1132 4641 Magadaburg3
1156 4555 1190 4618 in
1215 4553 1269 4618 dci
1292 4554 1422 4618 nomine
1445 4552 1586 4617 feliciter
1610 4551 1740 4618 amend¹

186 4909 213 4950 a
1030 4854 1097 4942 83.

232 5016 410 5091 Heinrich
434 5016 579 5092 sabate
603 5016 683 5091 dero
709 5016 855 5091 liloster
880 5016 1073 5119 Menborp
1099 5017 1338 5116 Besitznnpen
1364 5018 1404 5089 in
1430 5016 1496 5090 der
1520 5015 1678 5090 Lousitz.

1402 5144 1550 5220 Ntenburo
1572 5145 1653 5206 1004
1675 5143 1785 5219 Anonst
1806 5145 1835 5203 8.

336 5291 400 5350 83⁰.
442 5289 685 5365 Oricinoldiplom
707 5290 749 5349 int
771 5290 846 5348 berz.
870 5289 970 5349 Hono·
994 5288 1053 5347 nnd
1071 5285 1271 5347 Stoottorcbio
1294 5304 1329 5346 en
1351 5286 1453 5346 Zerbst
1477 5287 1545 5355 (A).

336 5431 439 5492 Krtont
467 5432 535 5491 Ant.
565 5431 740 5509 Bollertsted.
765 5432 804 5491 94
827 5432 874 5491 cit.
906 5460 949 5470 —
978 5430 1160 5489 Heinernnnn
1189 5430 1325 5489 Albrecbt
1347 5431 1399 5490 der
1420 5430 1488 5489 Bltr
1509 5431 1570 5491 430
1591 5431 1664 5488 n⁰8
1692 5446 1746 5488 ons
1768 5429 1805 5488 A.
1837 5458 1882 5468 —

184 5558 213 5597 so
337 5538 517 5599 Heinentonn
541 5537 605 5598 ci).
629 5540 747 5598 Anltolt.
772 5539 801 5609 i,
822 5539 860 5597 74
883 5540 914 5597 n⁰
934 5538 972 5595 94
995 5556 1048 5597 ans
1070 5538 1106 5596 A.
1138 5567 1182 5575 -
1213 5536 1535 5612 StnmpsReo.1392.

317 5715 364 5773 82.
388 5714 534 5786 [Breselan]
589 5718 616 5783 a)
634 5715 757 5786 coniugis
775 5733 793 5769 n
811 5716 867 5780 auf
875 5715 970 5769 Rasna·
1030 5715 1060 5779 b)
1075 5718 1200 5783 tempore
1221 5746 1253 5753 -
1272 5719 1365 5786 nosue
1383 5716 1440 5779 anf
1448 5715 1544 5768 Bostar
1596 5714 1623 5779 c)
1642 5713 1770 5767 debiam
1786 5714 1883 5767 Rosttr

389 5786 418 5855 d)
436 5794 518 5840 nmen
535 5805 580 5840 om
592 5789 695 5854 Rana,
716 5792 782 5840 ten
800 5788 944 5840 emboli
960 5788 1009 5841 der
1027 5788 1114 5839 Worte
1128 5786 1240 5840 nornine
1259 5786 1385 5855 feliciter,
1408 5787 1477 5839 wohl
1494 5802 1544 5839 oon
1562 5786 1685 5852 ondam
1703 5785 1767 5839 abe
1784 5786 1881 5853 chiob-

388 5861 498 5926 eeitt'acr
515 5860 615 5912 Hand:
633 5858 779 5914 Giselbret.
798 5856 907 5914 Herolt.
