4836 6492
861 469 1099 527 HEINRICH
1120 469 1159 525 11.
1202 468 1297 526 1022.
1843 462 1907 524 613

364 800 584 867 Guntherius¹
608 799 821 866 cancellarius
844 800 938 865 vicey
959 798 1117 864 Aribonis
1140 797 1420 886 archicappellani
1441 799 1643 884 recognovit.

362 943 470 1008 Data*
493 943 608 1007 nonis·
631 936 815 1006 decembris
834 940 1011 1006 indictione
1029 940 1084 1024 vl,
1108 963 1194 1006 anno
1212 940 1395 1006 dominicae
1414 942 1646 1006 incarnationis
1664 954 1779 1024 mn,
1803 952 1907 1006 anno⁰

255 1073 335 1117 vero
360 1050 483 1115 domini
505 1049 642 1114 Hernici
672 1046 827 1113 secundid
854 1048 1021 1135 regnantis
1043 1057 1135 1132 xxv,
1165 1048 1294 1135 imperii
1324 1058 1433 1112 autem
1452 1061 1535 1131 VIII3
1566 1059 1676 1126 actum
1699 1046 1908 1113 Grounaha¹.

225 1395 239 1434 a
1034 1346 1127 1436 481.

257 1513 436 1589 Heinrich
459 1511 605 1588 schenkt
628 1512 710 1586 derra
729 1507 986 1612 Collepiotsttfl
1000 1535 1046 1585 zu
1063 1507 1331 1608 Heiliqenstudt
1349 1510 1454 1583 daea
1471 1509 1687 1585 Manassae
1707 1509 1906 1588 Geisledeu.

1439 1672 1640 1735 Groue1022
1663 1673 1817 1736 December
1834 1679 1863 1737 9.

363 1838 519 1899 Faceimile
547 1838 596 1897 des
624 1838 697 1898 eiad
725 1838 765 1896 im
788 1836 898 1896 Archiv
926 1835 975 1895 des
999 1833 1218 1910 Godepiohtisla
1242 1852 1278 1895 za
1301 1834 1514 1909 Heiliyeastadt
1537 1834 1730 1908 befindlichm,
1752 1837 1825 1911 jem
1847 1857 1907 1897 uer·

362 1945 519 2005 sclollenea
544 1944 693 2020 originale
721 1945 754 2003 in
775 1945 850 2003 Acta
873 1941 926 2002 SS.
951 1941 1033 2001 Iunii
1055 1941 1098 2001 ed.
1118 1939 1145 2001 Ι.
1170 1941 1260 2012 3,19
1285 1940 1357 2008 (A).
1381 1970 1426 1980 -
1448 1942 1563 2017 Aaszuq
1592 1943 1633 2000 im
1658 1941 1829 2018 Copialbaelt
1859 1945 1908 2005 des

365 2052 455 2124 sum
473 2051 685 2127 Heiliqenatadt
702 2069 756 2110 aas
773 2051 836 2111 deta
854 2050 938 2110 Euda
955 2049 1004 2109 dee
1022 2049 1069 2107 16.
1085 2047 1114 2108 J
1113 2048 1141 2107 b.
1161 2067 1194 2122 p.
1211 2048 1251 2106 74
1273 2048 1315 2107 im
1337 2048 1365 2108 lc.
1386 2047 1577 2108 Kreiaarchiv
1598 2067 1634 2109 aa
1656 2050 1816 2126 Wa'rzburq
1836 2052 1906 2119 (B).

363 2213 531 2288 Papebroclr
551 2212 778 2271 Commentarius
795 2211 830 2270 de
845 2210 1024 2284 mamyribus
1040 2210 1136 2269 Aureo
1154 2213 1182 2268 et
1198 2207 1311 2268 Iustino
1328 2209 1361 2268 in
1376 2209 1450 2269 Actu
1468 2208 1521 2269 SS.
1542 2209 1625 2269 Iunii
1642 2211 1685 2270 ed.
1706 2210 1733 2271 Ι.
1753 2213 1782 2283 3,
1798 2212 1838 2271 79
1856 2230 1910 2272 aas

363 2322 390 2380 A
408 2321 456 2388 (a)
482 2341 524 2367 =
545 2320 631 2391 Wolf
644 2318 733 2378 Polit.
755 2317 854 2377 desei.
878 2317 928 2376 der
945 2316 1125 2388 Eiebsfeldca
1143 2316 1160 2372 1
1186 2314 1355 2392 (Gottinpen
1373 2317 1479 2387 1792),
1507 2316 1571 2377 ΠΒ.
1589 2317 1611 2375 4
1632 2319 1665 2375 n⁰
1682 2321 1712 2377 2.
1733 2348 1777 2356 —
1795 2317 1906 2379 Dobeu·

363 2429 444 2487 eclcer
466 2426 537 2502 aeq.
555 2426 625 2485 667.
649 2455 692 2464 —
715 2425 842 2485 Borma
863 2423 935 2498 Ray.
953 2424 1041 2482 1233.
1065 2452 1109 2461 —
1133 2421 1445 2497 StampsRey.1796.
1804 2434 1810 2442 ·

369 2588 500 2659 Versasst
529 2587 589 2646 and
610 2586 787 2661 pesclrieben
809 2604 863 2644 aron
888 2584 955 2644 GR.
993 2582 1060 2644 Dea
1082 2583 1197 2660 Amara
1219 2584 1249 2642 B
1271 2584 1360 2644 baben
1383 2586 1440 2644 wir
1468 2586 1553 2645 seben
1583 2585 1646 2644 dan
1669 2585 1825 2646 Forsimile
1853 2606 1910 2646 nter

364 2714 403 2755 aa
425 2695 495 2754 ercet
517 2692 623 2753 Stellen
645 2693 826 2764 anzusbbren
848 2690 957 2766 yebobt.

365 2888 423 2961 (C.)
447 2878 464 2969 ᾗ
486 2880 525 2944 Iu
548 2881 678 2944 nomine
703 2887 835 2943 sanctae
859 2889 892 2942 et
915 2876 1104 2942 individuae
1128 2878 1289 2942 trinitatis.
1335 2879 1511 2943 Heinricus
1541 2878 1654 2943 divina
1682 2880 1814 2945 favente
1845 2881 1908 2947 cle·

256 2990 379 3053 mentia
401 2988 621 3052 Romanorum
644 2987 821 3072 imperator
844 2994 1011 3070 augustus.
1120 2983 1156 3049 Si
1179 2983 1382 3049 venerabilia
1413 2985 1646 3051 aecclesiarum
1675 2987 1728 3052 dei
1755 2987 1828 3052 loca
1851 2988 1908 3052 ali-

257 3097 350 3161 cuius
373 3093 451 3161 doni
474 3092 644 3159 commodo
668 3091 772 3157 ditare
796 3091 1025 3173 studuerimus,
1048 3088 1066 3179 ᾖ
1088 3089 1182 3156 nobis
1212 3091 1248 3156 id
1278 3092 1436 3178 regnique
1459 3094 1561 3156 nostri
1585 3095 1683 3158 statui
1705 3095 1909 3181 profuturum

257 3225 329 3293 esse
359 3203 491 3267 minime
522 3199 716 3266 dubitamus.
763 3199 972 3285 Quapropter
1001 3198 1129 3263 noverit
1158 3200 1301 3264 omnium
1332 3198 1454 3265 Christi
1483 3199 1628 3266 fidelium
1660 3213 1909 3289 nostrorumque

211 3333 239 3374 ro
256 3310 463 3391 universitas,
491 3307 629 3395 qualiter
651 3330 711 3371 nos
735 3329 793 3392 pro
817 3304 961 3370 remedio
985 3306 1134 3369 animae·
1156 3317 1253 3393 atque
1277 3319 1448 3394 parentum
1471 3317 1653 3373 nostrorum
1677 3331 1827 3374 necnon
1850 3332 1911 3397 per

257 3418 473 3482 interventum
489 3413 719 3479 dilectissimae
736 3411 948 3478 contectalisl’
963 3423 1094 3477 nostrae
1111 3410 1328 3499 (lvnigvndae
1344 3413 1499 3479 videlicet
1516 3415 1734 3501 imperatricis
1750 3429 1909 3503 augustae

257 3536 355 3610 atque
378 3520 533 3587 Arihonis
555 3521 832 3607 Mogontiacensis
856 3519 1036 3584 aecclesiae
1058 3518 1256 3584 venerabilis
1280 3520 1517 3608 archiepiscopi
1547 3521 1678 3586 cuidam
1706 3525 1775 3588 eius
1798 3547 1909 3589 mona·

257 3631 355 3695 sterio
378 3628 598 3716 Heiligonstat
626 3617 725 3708 dicto,
755 3625 813 3691 ubi
841 3628 991 3713 preciosa
1021 3627 1188 3691 martirum
1212 3626 1313 3691 Aurei
1337 3640 1436 3714 atque
1458 3628 1575 3715 Iustini
1604 3652 1742 3715 corpora
1764 3632 1908 3718 requies-

258 3748 345 3818 cunt,
372 3736 415 3801 ad
444 3758 539 3801 usum
568 3735 704 3800 fratrum
731 3733 854 3798 ibidem
878 3734 939 3797 deo
964 3734 1200 3797 serviencium⁰
1225 3757 1373 3799 mansum
1396 3758 1496 3799 uuum
1520 3746 1553 3799 et
1576 3736 1640 3800 duo
1665 3738 1824 3802 curtificia
1848 3739 1910 3803 sita

212 3866 239 3907 ss
257 3845 291 3908 in
314 3843 392 3908 villa
416 3841 574 3907 Geizlaha
597 3842 686 3907 dicta
708 3843 741 3905 in
766 3863 851 3928 pago
874 3863 953 3905 vero
971 3839 1161 3904 Eichesuelt
1184 3841 1273 3904 etin
1296 3842 1451 3905 comitatu
1468 3841 1660 3906 Willihehni
1684 3845 1810 3908 comitis
1834 3869 1908 3910 cum

258 3949 408 4016 omnibus
432 3950 501 4015 eius
524 3948 728 4035 appendiciis
752 3950 846 4012 terris
869 3947 965 4012 cultis
989 3959 1022 4011 et
1039 3946 1169 4011 incultis
1187 3947 1289 4033 pratis
1309 3948 1439 4032 pascuis
1458 3947 1548 4011 silvis
1568 3948 1795 4015 venationibus
1815 3954 1909 4038 aquis

258 4079 459 4146 aquarumve
482 4053 674 4121 decursibus
697 4052 931 4142 piscationibus
954 4054 1017 4117 viis
1048 4064 1080 4117 et
1110 4054 1206 4116 inviis
1237 4051 1380 4117 exitibus
1410 4065 1443 4118 et
1465 4053 1623 4119 reditibus
1647 4058 1783 4141 quesitis
1807 4069 1839 4122 et
1861 4061 1908 4123 in-

259 4164 425 4253 quirendis
449 4164 631 4250 ceterisque
655 4159 806 4226 omnibus
829 4184 893 4247 que
917 4159 1219 4247 quomodocumque
1239 4159 1304 4224 dici
1325 4160 1393 4224 sive
1410 4158 1509 4225 scribi
1526 4171 1582 4226 ant
1596 4163 1757 4226 nominari
1773 4178 1910 4250 possunt

258 4269 451 4336 utilitatibus
481 4269 524 4334 ad
553 4270 660 4356 ipsum
690 4290 839 4332 mansum
870 4264 1106 4353 pertinentibus
1137 4290 1197 4354 per
1231 4266 1315 4331 hanc
1349 4279 1492 4332 nostram
1522 4269 1723 4356 imperialem
1753 4273 1908 4357 paginam

213 4401 240 4440 ao
259 4377 468 4443 concedimus
500 4386 598 4462 atque
631 4374 788 4461 largimur
820 4385 852 4438 et
884 4373 925 4438 de
958 4384 1067 4437 nostro
1100 4375 1170 4438 iure
1203 4396 1242 4438 ac
1275 4374 1418 4439 dominio
1449 4376 1484 4439 in
1507 4377 1576 4440 eius
1600 4378 1650 4442 ius
1674 4389 1707 4441 et
1730 4378 1908 4444 dominium

258 4484 389 4550 omuino
411 4482 677 4565 transfundimus,
701 4503 742 4546 ea
758 4481 913 4545 videlicet
936 4481 1062 4545 ratione
1086 4492 1120 4545 ut
1139 4479 1333 4545 Richbertus
1352 4481 1499 4546 eiusdem
1517 4486 1706 4549 monasterii
1724 4487 1909 4573 prepositus

258 4589 386 4678 sibique
415 4590 565 4678 posthinc
596 4588 809 4653 succedentes
839 4586 975 4652 liberam
1005 4586 1148 4652 hahcant
1177 4587 1217 4653 de
1249 4587 1364 4653 eodem
1394 4611 1507 4653 manso
1537 4592 1671 4677 eiusque
1704 4584 1934 4679 pertinentiis'

258 4696 466 4763 facultatemd
489 4696 646 4784 quicquid
668 4698 715 4760 cis
734 4695 894 4783 placuerit
914 4695 956 4760 ad
974 4717 1068 4759 usum
1088 4694 1268 4759 aecclesiae
1287 4694 1440 4777 faciendi,
1465 4698 1609 4761 omnium
1630 4698 1796 4763 hominum
1815 4702 1908 4786 regni

257 4807 358 4870 nostri
382 4804 638 4869 contradictione
662 4816 796 4867 remota.
842 4803 886 4867 Et
908 4815 944 4867 ut
966 4801 1048 4867 haec
1071 4812 1201 4866 nostrae
1224 4803 1434 4889 ingenuitatis
1458 4806 1634 4870 auctoritas
1658 4804 1783 4870 stabilis
1807 4818 1839 4871 ct
1861 4809 1908 4872 in·

212 4933 239 4975 as
258 4911 416 4977 convulsa
444 4913 533 4975 omni
561 4911 711 4999 posthinc
741 4920 931 4998 pennaneat
960 4921 1116 4997 tempore,
1146 4908 1209 4974 hoc
1238 4920 1429 4997 preceptum
1459 4911 1534 4975 inde
1565 4914 1783 5000 conscriptum
1810 4939 1909 4980 mauu

257 5019 390 5106 propria
412 5018 640 5083 confirmantes
664 5018 761 5104 sigilli
783 5018 886 5082 nostri
908 5018 1121 5103 impressione
1145 5017 1351 5103 precepimus
1374 5017 1534 5103 insigniri.

328 5250 393 5307 480.
417 5252 453 5320 w)
473 5252 541 5314 fehlt
568 5254 596 5302 in
615 5251 661 5307 Bt·
684 5251 752 5303 steht
776 5251 866 5302 linter
889 5249 938 5301 der
955 5249 1131 5316 semmaa
1154 5251 1184 5301 in
1202 5248 1248 5313 132·
1275 5265 1322 5301 ror
1339 5249 1386 5301 ihr
1411 5252 1439 5300 r'n
1459 5250 1485 5301 P
1553 5254 1582 5317 x)
1601 5251 1647 5317 13¹,-
1671 5250 1830 5305 Guntherus
1850 5254 1913 5307 B'P

417 5326 445 5391 y)
468 5323 542 5384 B²P,·
560 5322 595 5374 ad
613 5321 702 5375 vicem
716 5322 750 5374 13¹
823 5324 848 5385 z)
871 5321 920 5383 B¹‚·
938 5319 1032 5373 datum
1048 5320 1110 5372 13⁹1>
1186 5324 1213 5385 a)
1230 5318 1263 5375 N.
1277 5321 1303 5373 P
1371 5321 1401 5388 h)
1424 5322 1471 5381 B²;
1490 5323 1570 5388 513¹,-
1588 5322 1683 5390 qniuta
1697 5325 1722 5375 P
1791 5326 1817 5394 c)
1837 5343 1908 5379 auno

419 5424 452 5435 -
470 5402 524 5446 XXI
542 5395 658 5459 schitia
677 5395 702 5445 P
770 5392 800 5461 d)
819 5393 887 5458 fehlt
906 5396 934 5444 in
952 5392 990 5445 B*
1062 5394 1089 5459 e)
1104 5399 1159 5445 XIX
1176 5392 1212 5444 13²
1284 5391 1310 5458 f)
1330 5392 1418 5454 B¹B²,·
1436 5392 1604 5446 (ironnachn
1617 5395 1647 5448 P.

211 5503 240 5543 ao
328 5482 393 5541 481.
418 5481 758 5554 [Holtzmann·Bresslau]
800 5492 826 5547 a)
853 5483 980 5534 naniam
1004 5482 1071 5546 fehlt
1096 5484 1126 5533 s'n
1145 5482 1197 5534 AB
1221 5483 1278 5533 sind
1302 5482 1360 5534 also
1383 5483 1451 5534 uach
1477 5484 1547 5535 wohl
1570 5485 1607 5534 im
1633 5486 1759 5550 Ors'ps'ual
1782 5492 1909 5549 nostrae:

416 5572 492 5617 meua
507 5558 564 5609 cias
577 5555 715 5619 Abacbrr‘st
730 5557 760 5604 in
777 5554 896 5607 Sarnade
913 5555 997 5605 Notae
1014 5556 1121 5605 criticae
1139 5559 1165 5618 3,
1179 5557 1237 5617 931,
1258 5554 1309 5606 Ma.
1328 5554 1389 5607 bist.
1409 5557 1463 5605 542
1480 5555 1529 5606 der
1546 5555 1573 5607 k.
1591 5555 1909 5611 Unioersitdtsbr‘bliotheb

417 5644 453 5679 ru
470 5628 619 5693 Gallinam,
637 5628 681 5678 die
698 5627 754 5688 aas
764 5628 807 5678 Aa
825 5626 998 5692 zamri-pelvi,
1017 5632 1126 5677 nostrae
1144 5626 1257 5691 er'nstlyl,
1276 5641 1305 5677 ao
1324 5626 1540 5678 bremetense
1558 5629 1606 5679 wie
1622 5628 1665 5680 die
1680 5629 1841 5695 Aendaany
1859 5649 1908 5683 von

417 5696 517 5752 Iustini
532 5699 577 5763 (Z.
587 5702 636 5764 23)
653 5699 681 5749 in
699 5695 820 5749 Iustinae
837 5697 907 5748 wohl
920 5714 974 5748 nur
991 5697 1169 5749 emendation
1223 5696 1252 5761 b)
1273 5694 1436 5749 contectidis
1448 5699 1482 5762 A,
1499 5698 1568 5750 wohl
1582 5715 1637 5750 nur
1649 5700 1746 5752 Febler
1761 5703 1799 5753 im
1817 5703 1909 5754 ruat.

417 5770 486 5834 mile,
513 5770 600 5822 indam
626 5769 652 5825 al
674 5771 705 5821 ia
723 5768 751 5821 id
770 5770 882 5820 mrleacu
900 5769 1003 5833 aarum
1028 5770 1058 5819 ia
1076 5769 1102 5819 B
1126 5768 1193 5832 fehlt
1217 5769 1260 5819 die
1278 5768 1456 5820 Imeroeata'on
1478 5769 1527 5820 der
1544 5770 1676 5822 Kaiaers'n
1693 5788 1765 5838 punc
1829 5780 1855 5842 c)
1874 5792 1908 5827 on

211 5858 239 5899 aa
418 5842 482 5894 uber
499 5843 548 5894 der
565 5842 638 5894 Zeile
655 5841 850 5907 naehqetroqen
922 5838 951 5908 d)
968 5840 1131 5892 occultatam
1149 5843 1182 5905 A,
1198 5843 1293 5906 yacus
1309 5856 1366 5893 aur
1382 5839 1480 5893 Fallet·
1496 5843 1534 5893 im
1552 5842 1696 5895 Mutila
