4804 6498
574 473 616 535 74
1168 473 1633 530 KAISERURKUNDEN.

573 667 748 731 auctoritas
779 663 905 730 stabilis
929 675 962 728 et
983 662 1176 729 inconvulsa
1198 671 1400 749 permaneat
1431 660 1517 724 hanc
1541 660 1644 723 nostri
1666 659 1836 745 praecepti
1859 658 2017 744 pag‘nam
2047 678 2160 721 manu
2183 676 2254 742 pro

572 773 645 858 pria
667 769 852 836 roboratam
876 769 981 856 sigillo
1004 780 1115 834 nostro
1138 769 1280 855 imprimi
1304 768 1466 832 iussimus.

679 919 698 1011 ξ
721 921 856 1009 Signum
880 920 991 986 domni
1013 920 1164 986 Heinrici
1187 928 1251 999 (M.)
1275 919 1363 1004 regis
1386 918 1604 982 invictissimi.
1628 914 1646 1005 ᾖ

679 1071 908 1164 ξΕςὶΙῦθηιιε
931 1072 1146 1139 cancellarius
1169 1073 1243 1136 vice
1264 1068 1430 1155 Uuilligisi
1455 1067 1710 1155 archicapellani
1734 1069 1936 1154 recognovit.
1960 1064 1978 1156 ξ
2078 1074 2143 1145 (SI.
2166 1073 2211 1142 2.)

679 1225 769 1290 Data
797 1224 864 1289 kal.
887 1223 1053 1290 decembr.
1083 1222 1263 1289 indictione
1285 1237 1313 1304 1,
1345 1243 1431 1286 auno
1460 1220 1696 1286 incarnationis
1719 1218 1903 1283 dominicae
1928 1232 2013 1299 lssn,
2050 1240 2150 1282 anno
2175 1239 2284 1284 veros

573 1332 684 1397 domni
707 1330 856 1396 Heinrici
880 1329 1016 1396 secundi
1040 1331 1127 1415 regis
1151 1344 1195 1411 113
1220 1340 1330 1394 actum
1352 1327 1559 1414 Radespone.

1376 1645 1443 1731 oo.

575 1821 754 1896 Heinrich
780 1819 926 1894 schenkl
951 1819 1017 1894 der
1039 1817 1293 1917 biachbflicheu
1313 1816 1451 1890 Kirche
1477 1843 1522 1890 zu
1548 1815 1749 1918 Wirzbarq
1775 1817 1835 1890 ein
1859 1813 1935 1893 Get
1957 1842 2000 1890 zu
2021 1814 2252 1889 Kirchheim

575 1968 635 2014 am
661 1938 821 2031 Nectar,
855 1940 922 2012 mit
946 1938 1013 2012 der
1037 1938 1294 2038 Bestimmuup,
1330 1935 1414 2010 class
1438 1933 1601 2033 Bischof
1621 1935 1798 2009 Heinrich
1824 1962 1896 2010 voa
1922 1933 2140 2035 Wr‘irzburq
2167 1933 2250 2007 dus·

573 2060 667 2134 selba
690 2085 735 2134 za
755 2057 918 2135 Guuaten
944 2059 1040 2132 does
1064 2083 1137 2131 von
1162 2057 1236 2130 ihm
1261 2057 1302 2129 ia
1328 2055 1395 2129 der
1415 2055 1521 2156 Bury
1546 2054 1699 2152 Louseo
1723 2081 1768 2130 za
1793 2054 2047 2129 avichtcndcn
2078 2054 2251 2128 Klosters
2267 2082 2288 2119 ro

574 2178 773 2253 canende.
1730 2202 1841 2263 Puttde
1864 2204 1942 2264 1003
1965 2201 2132 2262 Decem
2150 2203 2203 2260 25.

685 2392 930 2468 Offffloddiplom
952 2392 993 2451 im
1015 2392 1042 2450 lt.
1067 2390 1274 2450 Reichsarchiv
1296 2410 1332 2450 za
1354 2389 1497 2449 Mhochen
1521 2390 1589 2457 (A).

682 2544 844 2604 Bassachitai
866 2544 1001 2618 Monte
1023 2544 1057 2602 dc
1079 2562 1122 2617 ep.
1149 2543 1246 2603 Gerar.
1272 2544 1331 2601 158
1354 2543 1402 2601 cit.
1433 2572 1477 2580 ·-
1507 2541 1587 2601 Mors.
1620 2542 1714 2601 Boion
1742 2543 1810 2611 28⁰,
1830 2543 1889 2600 315
1911 2543 1943 2599 o⁰
1961 2541 2023 2602 204
2045 2560 2107 2600 ests
2131 2540 2171 2599 A.
2204 2568 2246 2577 -

690 2651 836 2710 Wirtemb.
865 2650 929 2710 UB.
955 2652 983 2720 1,
1006 2651 1069 2711 240
1092 2652 1123 2708 u⁰
1140 2650 1203 2710 204
1225 2668 1278 2708 aus
1300 2648 1336 2707 A.
1362 2679 1405 2688 -
1428 2648 1556 2709 Bo'hoter
1577 2648 1649 2723 Rep.
1671 2649 1738 2707 944.
1764 2678 1807 2687 —
1831 2647 1955 2723 Stampf
1972 2647 2044 2723 Ray.
2067 2649 2165 2708 1370.

686 2801 873 2861 ceumaco
899 2820 953 2859 von
976 2800 1051 2873 nn·
1073 2801 1127 2859 aas
1148 2799 1261 2870 nem,
1285 2800 1338 2859 roe
1359 2801 1523 2860 nouom
1545 2772 1829 2871 renascens,
1853 2800 1927 2859 eost
1948 2818 2004 2859 voe
2024 2799 2095 2860 nn.
2122 2829 2170 2838 -
2194 2796 2244 2855 nr
2260 2813 2281 2853 a

683 2908 737 2967 dua
768 2907 959 2982 Taceadatam
987 2908 1193 2982 umhqdraqeu
1222 2908 1282 2966 arrd
1310 2907 1364 2966 dus
1393 2907 1668 2981 Isscuauatiousjabr
1695 2908 1766 2966 rwch
1797 2907 1874 2966 aida
1902 2911 2050 2982 umpmdzt
2082 2908 2142 2977 iat,
2179 2921 2244 2977 maa

682 3015 736 3073 das
751 3013 791 3073 D.
812 3015 914 3074 heretis
936 3034 988 3073 vor
1009 3016 1073 3074 dem
1095 3017 1145 3073 25.
1163 3013 1317 3073 December
1333 3015 1520 3089 yeachrieber,
1544 3015 1598 3074 dus
1616 3014 1807 3089 Yupesdntum
1829 3014 1899 3073 aber
1916 3016 1977 3085 cass
1988 3013 2036 3073 die
2051 3013 2242 3083 ventinaco

682 3140 719 3180 zu
740 3121 867 3180 beziehen
888 3122 959 3181 sciit.

685 3315 742 3387 (C.)
773 3306 791 3396 ᾖ
819 3308 858 3371 ln
882 3309 1012 3373 nomine
1040 3320 1173 3373 sanctae
1198 3320 1230 3372 et
1256 3308 1445 3373 individuae
1469 3309 1631 3372 trinitatis.
1678 3308 1855 3372 Heinricus
1879 3306 1992 3372 divina
2014 3307 2153 3373 favente
2178 3305 2239 3370 cle·

576 3418 699 3482 mentia
726 3439 797 3481 rex.
913 3415 1033 3480 Notum
1063 3417 1106 3479 sit
1128 3414 1278 3480 omnibus
1306 3427 1438 3480 sanctae
1462 3414 1516 3480 dei
1546 3415 1727 3480 aecclesiae
1756 3416 1941 3501 nostrisque
1964 3413 2121 3481 fidelibus
2145 3433 2239 3501 prae·
2255 3433 2277 3471 a

576 3522 723 3588 sentibus
755 3523 881 3587 scilicet
911 3534 944 3586 et
972 3522 1099 3604 futuris,
1131 3522 1271 3610 qualiter
1301 3545 1361 3586 nos
1390 3520 1407 3611 ξ
1437 3545 1497 3609 per
1527 3524 1747 3587 interventum
1774 3521 1893 3612 dilecte
1924 3523 2073 3608 coniugis
2105 3532 2237 3587 nostras

577 3628 772 3717 Ounigunde
803 3629 958 3693 videlicet
991 3631 1104 3719 regine
1138 3630 1192 3716 pie
1222 3630 1371 3717 petitioni
1401 3629 1563 3693 carissimi
1592 3627 1688 3693 nobis
1718 3629 1867 3693 Heinrici
1897 3627 2057 3715 praesulis
2087 3629 2236 3695 Uuerce

575 3735 769 3824 burcgcnsis
793 3736 836 3801 ad
854 3747 966 3800 votum
989 3736 1223 3823 respondentes
1247 3759 1306 3821 pro
1326 3737 1419 3822 regni
1442 3737 1544 3800 nostri
1568 3734 1746 3800 stabilitate
1771 3748 1803 3799 et
1827 3737 1937 3800 anima
1955 3735 2032 3825 dive
2055 3736 2234 3801 memoriae

577 3844 738 3908 carissimi
768 3844 905 3907 senioris
935 3845 1037 3907 nostri
1062 3843 1191 3908 Ottonis
1215 3844 1332 3907 tercii·
1355 3843 1561 3929 imperatoris
1590 3844 1721 3928 augusti
1750 3865 1808 3907 seu
1832 3844 1933 3928 patris
1957 3842 2059 3908 nostri
2082 3839 2234 3908 Heinrici

576 3962 813 4037 parentumque
844 3961 1027 4015 nostrorum
1051 3949 1216 4037 quoddam
1246 3950 1348 4013 nostri
1378 3951 1457 4014 iuris
1488 3948 1660 4035 praedium
1691 3951 1724 4013 in
1748 3972 1833 4036 pago
1857 3948 2112 4036 Zabernogouui
2142 3960 2176 4013 et
2201 3948 2233 4010 in
2250 3965 2272 4005 a

575 4060 730 4121 comitatu
745 4056 940 4121 Adalbortib
959 4059 1086 4121 comitis
1111 4058 1218 4139 situm,
1242 4056 1348 4121 idest
1370 4056 1528 4144 quioquid
1550 4080 1610 4122 nos
1635 4056 1792 4122 hactenus
1816 4059 2010 4143 potestative
2034 4058 2098 4121 visi
2123 4075 2233 4121 sumus

574 4164 742 4250 possidere
766 4165 799 4226 in
824 4164 902 4228 villa
924 4164 1129 4228 Kirihclreinr
1157 4187 1256 4251 super
1278 4166 1382 4250 ripam
1405 4163 1498 4228 fluvii
1522 4163 1652 4229 Neccar
1676 4166 1814 4245 iacente,
1843 4164 1886 4228 ad
1910 4164 2082 4253 ecclesiam
2106 4162 2231 4252 precio·

575 4271 694 4334 nissimi
717 4272 869 4356 martyris
890 4269 1011 4335 Christi
1031 4270 1154 4335 Killani
1178 4273 1212 4335 in
1236 4271 1357 4335 honore
1382 4272 1486 4336 sancti
1504 4270 1685 4336 Salvatoris
1708 4271 1794 4335 infra
1817 4272 1984 4336 civitatem
2007 4293 2093 4358 quae
2113 4270 2232 4336 dicitur

575 4375 774 4462 Uuirziburg
793 4387 1011 4441 constructam
1031 4400 1090 4463 per
1108 4377 1169 4441 hoc
1194 4377 1303 4463 regale
1327 4391 1538 4464 praeceptum
1561 4379 1631 4441 iure
1650 4380 1787 4464 perenni
1807 4376 2010 4457 tradidimus,
2035 4401 2109 4442 curu
2130 4373 2229 4442 omni·

575 4481 636 4546 bus
660 4482 703 4546 ad
726 4482 864 4547 eandem
888 4494 1011 4547 cortem
1030 4507 1160 4571 quoquo
1180 4483 1275 4548 modo
1299 4483 1550 4570 respicientibus
1573 4483 1748 4549 mobilibus
1773 4496 1805 4548 et
1828 4483 2048 4549 immobilibus
2072 4485 2176 4548 servis
2198 4488 2229 4543 et
2244 4498 2267 4538 a

574 4588 701 4652 ancillis
732 4590 817 4652 areis
848 4589 1006 4653 aedificiis
1037 4592 1124 4675 agris
1148 4592 1273 4676 campis
1296 4592 1390 4654 terris
1414 4591 1509 4655 cultis
1534 4604 1566 4656 et
1594 4591 1724 4655 incultis
1754 4593 1857 4678 pratis
1888 4593 2019 4678 pascuis
2049 4593 2119 4655 sive
2145 4610 2227 4656 com·

574 4697 704 4780 pascuis
727 4697 845 4760 vinetis
870 4695 960 4759 silvis
984 4696 1212 4762 venationibus
1236 4698 1330 4784 aquis
1358 4720 1581 4785 aquarumque
1607 4697 1801 4763 decursibus
1824 4697 2019 4763 molendinis
2042 4694 2225 4785 piscationi·

573 4800 635 4866 bus
657 4802 720 4864 viis
745 4815 777 4867 et
807 4804 905 4866 inviis
929 4802 1071 4868 exitibus
1098 4816 1130 4868 et
1157 4802 1316 4868 reditibus
1340 4807 1475 4893 quesitis
1499 4818 1532 4869 et
1561 4804 1765 4892 inquirendis
1796 4807 1864 4871 sive
1888 4804 2039 4870 omnibus
2063 4828 2126 4893 que
2151 4822 2225 4891 quo·

574 4906 654 4972 libet
683 4909 779 4973 modo
810 4910 870 4972 rite
901 4911 1012 4974 vocari
1046 4924 1102 4974 aut
1134 4912 1274 4975 inveniri
1304 4924 1440 4998 possunt
1470 4914 1674 4999 pertinentiis
1705 4912 1862 4977 reditibus
1893 4925 1926 4977 et
1955 4912 2159 4995 utilitatibus,
2188 4927 2224 4971 eo

573 5026 685 5079 tenore
709 5017 861 5103 quatinus
884 5017 1050 5103 praefatus
1073 5017 1204 5104 praesul
1227 5018 1424 5083 venerabilis
1448 5020 1624 5083 Heinriens
1648 5020 1682 5083 in
1706 5032 1813 5084 castro
1837 5019 1925 5106 qnod
1948 5019 2068 5084 dicitur
2089 5017 2223 5093 Loufcn‚
2240 5030 2263 5071 ὤ

573 5120 632 5186 ubi
660 5134 774 5186 saneta
796 5123 1042 5209 Reginsuintdis
1071 5127 1164 5212 virgo
1192 5148 1327 5213 corpor-c
1358 5127 1543 5213 requiescit,
1575 5138 1718 5191 coortem
1749 5124 1811 5190 deo
1841 5126 1991 5212 religiose
2021 5125 2222 5191 militantium

573 5227 634 5292 sub
654 5252 694 5293 ea
717 5251 782 5315 qua
804 5229 868 5294 sibi
890 5242 1003 5318 aptum
1026 5231 1124 5297 fuerit
1146 5232 1348 5318 professione
1371 5232 1546 5319 vigilanter
1569 5234 1718 5297 instituat
1741 5244 1774 5297 et
1796 5256 1856 5319 pro
1876 5232 1971 5298 libitu
1993 5256 2052 5298 suo
2072 5256 2145 5297 eam
2163 5228 2221 5295 dis·

571 5348 674 5423 ponat
696 5348 729 5400 ct
752 5338 818 5401 suis
849 5337 1092 5403 successoribus
1120 5339 1297 5424 regendam
1322 5339 1527 5427 derelinquat
1551 5351 1583 5403 st
1606 5339 1812 5426 praedictum
1842 5339 1949 5405 locum
1973 5364 2047 5405 cum
2071 5336 2221 5405 reditibus

573 5444 640 5507 suis
674 5445 707 5507 in
742 5444 828 5508 illins
863 5447 1125 5532 congregationis
1160 5446 1317 5511 victualia
1351 5457 1383 5511 et
1417 5446 1609 5511 indumenta
1643 5456 1803 5534 perpetua
1838 5446 2013 5511 stabilitate
2048 5451 2219 5521 convertat,

573 5564 682 5615 nostra
706 5552 914 5639 omniumque
945 5575 1170 5617 successorum
1199 5567 1382 5618 nostrorum
1406 5552 1663 5618 contradictione
1686 5564 1820 5619 remota.
1867 5553 1911 5617 Et
1934 5565 1969 5617 ut
1993 5554 2074 5618 hacc
2098 5563 2219 5617 nostrae
2235 5564 2258 5604 ⁴⁰

660 5773 706 5829 oo.
733 5774 878 5899 [loitresslau]
952 5778 978 5844 a)
1003 5794 1018 5828 c
1051 5777 1138 5829 dunis
1169 5777 1313 5829 Pmsoctur
1347 5777 1494 5842 hermeus
1612 5776 1640 5844 b)
1672 5780 1701 5829 ia
1736 5777 1824 5843 dassir
1858 5779 1993 5844 yelasscac
2023 5777 2111 5829 bilche
2146 5771 2220 5827 oach-

728 5863 748 5912 y
771 5863 855 5913 rupea
