<?xml version="1.0" encoding="UTF-8"?>
<!DOCTYPE html PUBLIC "-//W3C//DTD XHTML 1.0 Transitional//EN"
    "http://www.w3.org/TR/xhtml1/DTD/xhtml1-transitional.dtd">
<html xmlns="http://www.w3.org/1999/xhtml" xml:lang="en" lang="en">
 <head>
  <title>
</title>
<meta http-equiv="Content-Type" content="text/html;charset=utf-8" />
  <meta name='ocr-system' content='tesseract 3.04.00' />
  <meta name='ocr-capabilities' content='ocr_page ocr_carea ocr_par ocr_line ocrx_word'/>
</head>
<body>
  <div class='ocr_page' id='page_1' title='image "./monumentagerman01gescgoog/monumentagerman01gescgoog_0463.png"; bbox 0 0 4766 6604; ppageno 0'>
   <div class='ocr_carea' id='block_1_1' title="bbox 1165 447 1626 506">
    <p class='ocr_par' dir='ltr' id='par_1_1' title="bbox 1165 447 1626 506">
     <span class='ocr_line' id='line_1_1' title="bbox 1165 447 1626 506; baseline 0.004 -3"><span class='ocrx_word' id='word_1_1' title='bbox 1165 447 1626 506; x_wconf 80' lang='lat' dir='ltr'><strong>KAISERURKUNDEN.</strong></span> 
     </span>
    </p>
   </div>
   <div class='ocr_carea' id='block_1_2' title="bbox 1345 633 1437 720">
    <p class='ocr_par' dir='ltr' id='par_1_2' title="bbox 1345 633 1437 720">
     <span class='ocr_line' id='line_1_2' title="bbox 1345 633 1437 720; baseline 0 0"><span class='ocrx_word' id='word_1_2' title='bbox 1345 633 1437 720; x_wconf 78' lang='lat'><strong>337.</strong></span> 
     </span>
    </p>
   </div>
   <div class='ocr_carea' id='block_1_3' title="bbox 563 783 2226 885">
    <p class='ocr_par' dir='ltr' id='par_1_3' title="bbox 563 783 2226 885">
     <span class='ocr_line' id='line_1_3' title="bbox 563 783 2226 885; baseline 0.001 -28"><span class='ocrx_word' id='word_1_3' title='bbox 563 784 740 858; x_wconf 70' lang='lat' dir='ltr'><strong>Heinrich</strong></span> <span class='ocrx_word' id='word_1_4' title='bbox 765 783 911 858; x_wconf 79' lang='lat' dir='ltr'><strong>seberrkt</strong></span> <span class='ocrx_word' id='word_1_5' title='bbox 935 784 1016 859; x_wconf 88' lang='lat' dir='ltr'><strong>dem</strong></span> <span class='ocrx_word' id='word_1_6' title='bbox 1041 785 1188 860; x_wconf 87' lang='lat' dir='ltr'><strong>Kioster</strong></span> <span class='ocrx_word' id='word_1_7' title='bbox 1213 785 1275 861; x_wconf 86' lang='lat' dir='ltr'><strong>des</strong></span> <span class='ocrx_word' id='word_1_8' title='bbox 1299 787 1333 862; x_wconf 75' lang='lat' dir='ltr'><strong>a.</strong></span> <span class='ocrx_word' id='word_1_9' title='bbox 1357 786 1551 863; x_wconf 80' lang='lat' dir='ltr'><strong>Abaadias</strong></span> <span class='ocrx_word' id='word_1_10' title='bbox 1575 815 1620 862; x_wconf 83' lang='lat' dir='ltr'><strong>za</strong></span> <span class='ocrx_word' id='word_1_11' title='bbox 1647 784 1756 863; x_wconf 84' lang='lat' dir='ltr'><strong>Come</strong></span> <span class='ocrx_word' id='word_1_12' title='bbox 1783 787 1842 861; x_wconf 82' lang='lat' dir='ltr'><strong>die</strong></span> <span class='ocrx_word' id='word_1_13' title='bbox 1869 784 2134 885; x_wconf 70' lang='lat' dir='ltr'><strong>confiscimen</strong></span> <span class='ocrx_word' id='word_1_14' title='bbox 2160 785 2226 858; x_wconf 87' lang='lat' dir='ltr'><strong>Be·</strong></span> 
     </span>
    </p>
   </div>
   <div class='ocr_carea' id='block_1_4' title="bbox 561 903 2226 1145">
    <p class='ocr_par' dir='ltr' id='par_1_4' title="bbox 561 903 2226 1145">
     <span class='ocr_line' id='line_1_4' title="bbox 561 903 2226 1005; baseline -0.001 -29"><span class='ocrx_word' id='word_1_15' title='bbox 561 904 743 1004; x_wconf 70' lang='lat' dir='ltr'><strong>sitzaapea</strong></span> <span class='ocrx_word' id='word_1_16' title='bbox 780 903 842 978; x_wconf 87' lang='lat' dir='ltr'><strong>des</strong></span> <span class='ocrx_word' id='word_1_17' title='bbox 866 904 994 979; x_wconf 74' lang='lat' dir='ltr'><strong>Attae</strong></span> <span class='ocrx_word' id='word_1_18' title='bbox 1026 931 1099 979; x_wconf 86' lang='lat' dir='ltr'><strong>voa</strong></span> <span class='ocrx_word' id='word_1_19' title='bbox 1124 905 1264 980; x_wconf 82' lang='lat' dir='ltr'><strong>Parma</strong></span> <span class='ocrx_word' id='word_1_20' title='bbox 1297 905 1379 980; x_wconf 86' lang='lat' dir='ltr'><strong>aad</strong></span> <span class='ocrx_word' id='word_1_21' title='bbox 1407 907 1526 980; x_wconf 84' lang='lat' dir='ltr'><strong>seiaer</strong></span> <span class='ocrx_word' id='word_1_22' title='bbox 1551 903 1672 982; x_wconf 66' lang='lat' dir='ltr'><strong>Silene</strong></span> <span class='ocrx_word' id='word_1_23' title='bbox 1697 904 1833 981; x_wconf 84' lang='lat' dir='ltr'><strong>Wibert</strong></span> <span class='ocrx_word' id='word_1_24' title='bbox 1856 905 1937 979; x_wconf 83' lang='lat' dir='ltr'><strong>aad</strong></span> <span class='ocrx_word' id='word_1_25' title='bbox 1960 903 2165 1005; x_wconf 62' lang='lat' dir='ltr'><strong>Siegfried</strong></span> <span class='ocrx_word' id='word_1_26' title='bbox 2187 930 2226 976; x_wconf 74' lang='lat' dir='ltr'><strong>aa</strong></span> 
     </span>
     <span class='ocr_line' id='line_1_5' title="bbox 567 1022 2184 1145; baseline 0.001 -49"><span class='ocrx_word' id='word_1_27' title='bbox 567 1022 772 1097; x_wconf 82' lang='lat' dir='ltr'><strong>Tolarnona</strong></span> <span class='ocrx_word' id='word_1_28' title='bbox 795 1023 877 1097; x_wconf 85' lang='lat' dir='ltr'><strong>aad</strong></span> <span class='ocrx_word' id='word_1_29' title='bbox 899 1025 939 1097; x_wconf 83' lang='lat' dir='ltr'><strong>ia</strong></span> <span class='ocrx_word' id='word_1_30' title='bbox 966 1023 1130 1098; x_wconf 75' lang='lat' dir='ltr'><em>anderen</em></span> <span class='ocrx_word' id='word_1_31' title='bbox 1159 1022 1272 1101; x_wconf 83' lang='lat' dir='ltr'><strong>Ortca</strong></span> <span class='ocrx_word' id='word_1_32' title='bbox 1299 1027 1349 1098; x_wconf 82' lang='lat' dir='ltr'><strong>ira</strong></span> <span class='ocrx_word' id='word_1_33' title='bbox 1375 1024 1515 1100; x_wconf 70' lang='lat' dir='ltr'><strong>Velitis.</strong></span> <span class='ocrx_word' id='word_1_34' title='bbox 1720 1070 1886 1145; x_wconf 52' lang='lat' dir='ltr'><strong>Mmm</strong></span> <span class='ocrx_word' id='word_1_35' title='bbox 1903 1072 1984 1131; x_wconf 84' lang='lat'><strong><em>1015</em></strong></span> <span class='ocrx_word' id='word_1_36' title='bbox 2004 1071 2138 1130; x_wconf 52' lang='lat' dir='ltr'><strong>OM,</strong></span> <span class='ocrx_word' id='word_1_37' title='bbox 2155 1072 2184 1127; x_wconf 69' lang='lat'><strong>4.</strong></span> 
     </span>
    </p>
   </div>
   <div class='ocr_carea' id='block_1_5' title="bbox 670 1230 2253 1307">
    <p class='ocr_par' dir='ltr' id='par_1_5' title="bbox 670 1230 2253 1307">
     <span class='ocr_line' id='line_1_6' title="bbox 670 1230 2253 1307; baseline -0.002 -18"><span class='ocrx_word' id='word_1_38' title='bbox 670 1231 913 1306; x_wconf 76' lang='lat' dir='ltr'><strong>Oripinaldiplora</strong></span> <span class='ocrx_word' id='word_1_39' title='bbox 935 1250 989 1290; x_wconf 81' lang='lat' dir='ltr'><strong>aas</strong></span> <span class='ocrx_word' id='word_1_40' title='bbox 1011 1231 1063 1290; x_wconf 84' lang='lat' dir='ltr'><strong>der</strong></span> <span class='ocrx_word' id='word_1_41' title='bbox 1086 1232 1253 1307; x_wconf 73' lang='lat' dir='ltr'><strong>Samrrrlaap</strong></span> <span class='ocrx_word' id='word_1_42' title='bbox 1276 1232 1392 1291; x_wconf 79' lang='lat' dir='ltr'><strong>Morbis</strong></span> <span class='ocrx_word' id='word_1_43' title='bbox 1419 1233 1451 1290; x_wconf 84' lang='lat' dir='ltr'><strong>ia</strong></span> <span class='ocrx_word' id='word_1_44' title='bbox 1479 1232 1531 1291; x_wconf 87' lang='lat' dir='ltr'><strong>der</strong></span> <span class='ocrx_word' id='word_1_45' title='bbox 1552 1233 1581 1291; x_wconf 74' lang='lat' dir='ltr'><strong>lc.</strong></span> <span class='ocrx_word' id='word_1_46' title='bbox 1603 1231 1947 1291; x_wconf 76' lang='lat' dir='ltr'><strong>Universitdtsbibliotbelc</strong></span> <span class='ocrx_word' id='word_1_47' title='bbox 1968 1250 2004 1289; x_wconf 79' lang='lat' dir='ltr'><strong>za</strong></span> <span class='ocrx_word' id='word_1_48' title='bbox 2028 1230 2130 1289; x_wconf 73' lang='lat' dir='ltr'><strong>Helle</strong></span> <span class='ocrx_word' id='word_1_49' title='bbox 2155 1232 2253 1295; x_wconf 66' lang='lat' dir='ltr'><strong>(Ais</strong></span> 
     </span>
    </p>
   </div>
   <div class='ocr_carea' id='block_1_6' title="bbox 667 1364 2225 1655">
    <p class='ocr_par' dir='ltr' id='par_1_6' title="bbox 667 1364 2225 1655">
     <span class='ocr_line' id='line_1_7' title="bbox 670 1364 2225 1435; baseline -0.001 -13"><span class='ocrx_word' id='word_1_50' title='bbox 670 1366 749 1423; x_wconf 76' lang='lat' dir='ltr'><strong>Tatii</strong></span> <span class='ocrx_word' id='word_1_51' title='bbox 771 1365 882 1423; x_wconf 76' lang='lat' dir='ltr'><strong>Aarrali</strong></span> <span class='ocrx_word' id='word_1_52' title='bbox 904 1366 935 1423; x_wconf 84' lang='lat' dir='ltr'><strong>di</strong></span> <span class='ocrx_word' id='word_1_53' title='bbox 960 1364 1045 1424; x_wconf 71' lang='lat' dir='ltr'><strong>camo</strong></span> <span class='ocrx_word' id='word_1_54' title='bbox 1069 1368 1101 1434; x_wconf 78' lang='lat'><strong>2,</strong></span> <span class='ocrx_word' id='word_1_55' title='bbox 1116 1368 1177 1424; x_wconf 83' lang='grc'><strong>837</strong></span> <span class='ocrx_word' id='word_1_56' title='bbox 1199 1384 1253 1424; x_wconf 84' lang='lat' dir='ltr'><strong>aas</strong></span> <span class='ocrx_word' id='word_1_57' title='bbox 1276 1368 1304 1424; x_wconf 72' lang='lat' dir='ltr'><strong><em>A</em></strong></span> <span class='ocrx_word' id='word_1_58' title='bbox 1327 1386 1369 1412; x_wconf 93' lang='lat'>=</span> <span class='ocrx_word' id='word_1_59' title='bbox 1394 1366 1534 1425; x_wconf 83' lang='lat' dir='ltr'><strong>Preaana</strong></span> <span class='ocrx_word' id='word_1_60' title='bbox 1557 1365 1641 1425; x_wconf 76' lang='lat' dir='ltr'><strong>Sturii</strong></span> <span class='ocrx_word' id='word_1_61' title='bbox 1664 1366 1760 1425; x_wconf 74' lang='lat' dir='ltr'><strong>critici</strong></span> <span class='ocrx_word' id='word_1_62' title='bbox 1783 1367 1843 1423; x_wconf 82' lang='lat'><strong>392</strong></span> <span class='ocrx_word' id='word_1_63' title='bbox 1866 1366 1897 1424; x_wconf 86' lang='lat' dir='ltr'><strong>n⁰</strong></span> <span class='ocrx_word' id='word_1_64' title='bbox 1912 1367 1961 1435; x_wconf 85' lang='lat'><strong>39,</strong></span> <span class='ocrx_word' id='word_1_65' title='bbox 1982 1386 2025 1411; x_wconf 91' lang='lat'>=</span> <span class='ocrx_word' id='word_1_66' title='bbox 2046 1365 2176 1424; x_wconf 81' lang='lat' dir='ltr'><strong>Fossati</strong></span> <span class='ocrx_word' id='word_1_67' title='bbox 2199 1366 2225 1421; x_wconf 76' lang='lat' dir='ltr'><strong>in</strong></span> 
     </span>
     <span class='ocr_line' id='line_1_8' title="bbox 667 1471 2225 1545; baseline -0.002 -14"><span class='ocrx_word' id='word_1_68' title='bbox 667 1472 819 1531; x_wconf 79' lang='lat' dir='ltr'><strong>Pen&#39;odico</strong></span> <span class='ocrx_word' id='word_1_69' title='bbox 847 1472 923 1530; x_wconf 86' lang='lat' dir='ltr'><strong>della</strong></span> <span class='ocrx_word' id='word_1_70' title='bbox 951 1490 1006 1531; x_wconf 83' lang='lat' dir='ltr'><strong>soc.</strong></span> <span class='ocrx_word' id='word_1_71' title='bbox 1034 1471 1166 1530; x_wconf 67' lang='lat' dir='ltr'><strong>Consertae</strong></span> <span class='ocrx_word' id='word_1_72' title='bbox 1195 1473 1303 1541; x_wconf 70' lang='lat'><strong>3,194</strong></span> <span class='ocrx_word' id='word_1_73' title='bbox 1333 1475 1365 1530; x_wconf 84' lang='lat' dir='ltr'><strong>a⁰</strong></span> <span class='ocrx_word' id='word_1_74' title='bbox 1384 1473 1433 1532; x_wconf 78' lang='lat'><strong>47.</strong></span> <span class='ocrx_word' id='word_1_75' title='bbox 1458 1503 1502 1511; x_wconf 93' lang='lat'>—</span> <span class='ocrx_word' id='word_1_76' title='bbox 1531 1473 1766 1545; x_wconf 77' lang='lat' dir='ltr'><strong>Hortzsckaaslry</strong></span> <span class='ocrx_word' id='word_1_77' title='bbox 1798 1472 1856 1531; x_wconf 74' lang='lat' dir='ltr'><strong>arad</strong></span> <span class='ocrx_word' id='word_1_78' title='bbox 1885 1471 2027 1530; x_wconf 78' lang='lat' dir='ltr'><strong>Perlbach</strong></span> <span class='ocrx_word' id='word_1_79' title='bbox 2063 1471 2225 1531; x_wconf 81' lang='lat' dir='ltr'><strong>Lornbnrd.</strong></span> 
     </span>
     <span class='ocr_line' id='line_1_9' title="bbox 671 1577 1506 1655; baseline 0.001 -18"><span class='ocrx_word' id='word_1_80' title='bbox 671 1579 826 1638; x_wconf 81' lang='lat' dir='ltr'><strong>Urlrandeo</strong></span> <span class='ocrx_word' id='word_1_81' title='bbox 849 1580 867 1637; x_wconf 81' lang='lat'><strong><em>9</em></strong></span> <span class='ocrx_word' id='word_1_82' title='bbox 891 1579 957 1636; x_wconf 68' lang='lat'><strong>12⁰4</strong></span> <span class='ocrx_word' id='word_1_83' title='bbox 979 1597 1034 1637; x_wconf 84' lang='lat' dir='ltr'><strong>aas</strong></span> <span class='ocrx_word' id='word_1_84' title='bbox 1056 1579 1092 1637; x_wconf 80' lang='lat' dir='ltr'><strong>A.</strong></span> <span class='ocrx_word' id='word_1_85' title='bbox 1117 1609 1161 1616; x_wconf 97' lang='lat'><em>-</em></span> <span class='ocrx_word' id='word_1_86' title='bbox 1185 1577 1309 1653; x_wconf 78' lang='lat' dir='ltr'><strong>Starnps</strong></span> <span class='ocrx_word' id='word_1_87' title='bbox 1327 1579 1399 1655; x_wconf 71' lang='lat' dir='ltr'><strong>Ray.</strong></span> <span class='ocrx_word' id='word_1_88' title='bbox 1418 1582 1506 1639; x_wconf 84' lang='lat'><strong><em>1656.</em></strong></span> 
     </span>
    </p>
   </div>
   <div class='ocr_carea' id='block_1_7' title="bbox 664 1701 2262 2214">
    <p class='ocr_par' dir='ltr' id='par_1_7' title="bbox 664 1701 2262 2214">
     <span class='ocr_line' id='line_1_10' title="bbox 666 1701 2226 1787; baseline -0.001 -18"><span class='ocrx_word' id='word_1_89' title='bbox 666 1711 816 1770; x_wconf 79' lang='lat' dir='ltr'><strong>Mandiert</strong></span> <span class='ocrx_word' id='word_1_90' title='bbox 851 1731 903 1770; x_wconf 68' lang='lat' dir='ltr'><strong>reon</strong></span> <span class='ocrx_word' id='word_1_91' title='bbox 937 1713 1027 1770; x_wconf 70' lang='lat' dir='ltr'><strong>aneia</strong></span> <span class='ocrx_word' id='word_1_92' title='bbox 1060 1718 1139 1772; x_wconf 75' lang='lat' dir='ltr'><strong>aas</strong></span> <span class='ocrx_word' id='word_1_93' title='bbox 1173 1712 1250 1771; x_wconf 73' lang='lat' dir='ltr'><strong>nicia</strong></span> <span class='ocrx_word' id='word_1_94' title='bbox 1284 1714 1513 1772; x_wconf 74' lang='lat' dir='ltr'><strong>omhweisburea</strong></span> <span class='ocrx_word' id='word_1_95' title='bbox 1548 1713 1705 1772; x_wconf 65' lang='lat' dir='ltr'><strong>Scirem.</strong></span> <span class='ocrx_word' id='word_1_96' title='bbox 1762 1711 1820 1771; x_wconf 80' lang='lat' dir='ltr'><strong>Die</strong></span> <span class='ocrx_word' id='word_1_97' title='bbox 1858 1701 2147 1787; x_wconf 75' lang='lat' dir='ltr'><strong>Ubereiastimmanq</strong></span> <span class='ocrx_word' id='word_1_98' title='bbox 2181 1712 2226 1769; x_wconf 75' lang='lat' dir='ltr'><strong>des</strong></span> 
     </span>
     <span class='ocr_line' id='line_1_11' title="bbox 665 1817 2262 1894; baseline -0.001 -17"><span class='ocrx_word' id='word_1_99' title='bbox 665 1819 865 1878; x_wconf 73' lang='lat' dir='ltr'><strong>Eschatolrolls</strong></span> <span class='ocrx_word' id='word_1_100' title='bbox 883 1820 935 1877; x_wconf 82' lang='lat' dir='ltr'><strong>mit</strong></span> <span class='ocrx_word' id='word_1_101' title='bbox 952 1817 992 1877; x_wconf 89' lang='lat' dir='ltr'><strong>D.</strong></span> <span class='ocrx_word' id='word_1_102' title='bbox 1011 1821 1070 1877; x_wconf 89' lang='grc'><strong>336</strong></span> <span class='ocrx_word' id='word_1_103' title='bbox 1089 1820 1147 1877; x_wconf 84' lang='lat' dir='ltr'><strong>aad</strong></span> <span class='ocrx_word' id='word_1_104' title='bbox 1165 1819 1218 1877; x_wconf 81' lang='lat' dir='ltr'><strong>der</strong></span> <span class='ocrx_word' id='word_1_105' title='bbox 1236 1818 1425 1894; x_wconf 62' lang='lat' dir='ltr'><strong>&amp;prumia</strong></span> <span class='ocrx_word' id='word_1_106' title='bbox 1446 1820 1501 1878; x_wconf 83' lang='lat' dir='ltr'><strong>mit</strong></span> <span class='ocrx_word' id='word_1_107' title='bbox 1518 1818 1558 1879; x_wconf 93' lang='lat' dir='ltr'><strong>D.</strong></span> <span class='ocrx_word' id='word_1_108' title='bbox 1575 1822 1635 1879; x_wconf 85' lang='lat'><strong>338</strong></span> <span class='ocrx_word' id='word_1_109' title='bbox 1662 1820 1733 1879; x_wconf 77' lang='lat' dir='ltr'><strong>idest</strong></span> <span class='ocrx_word' id='word_1_110' title='bbox 1750 1820 1796 1879; x_wconf 73' lang='lat' dir='ltr'><strong>als</strong></span> <span class='ocrx_word' id='word_1_111' title='bbox 1818 1820 1939 1894; x_wconf 67' lang='lat' dir='ltr'><strong>witelich</strong></span> <span class='ocrx_word' id='word_1_112' title='bbox 1956 1820 2142 1888; x_wconf 72' lang='lat' dir='ltr'><strong>asciscinas,</strong></span> <span class='ocrx_word' id='word_1_113' title='bbox 2161 1819 2226 1876; x_wconf 74' lang='lat' dir='ltr'><strong>aas</strong></span> <span class='ocrx_word' id='word_1_114' title='bbox 2243 1836 2262 1872; x_wconf 76' lang='grc' dir='ltr'><strong>ιο</strong></span> 
     </span>
     <span class='ocr_line' id='line_1_12' title="bbox 665 1925 2225 2001; baseline -0.001 -18"><span class='ocrx_word' id='word_1_115' title='bbox 665 1945 697 1983; x_wconf 83' lang='lat' dir='ltr'><strong>er</strong></span> <span class='ocrx_word' id='word_1_116' title='bbox 719 1925 791 1983; x_wconf 71' lang='lat' dir='ltr'><strong>atreb</strong></span> <span class='ocrx_word' id='word_1_117' title='bbox 814 1926 857 1983; x_wconf 86' lang='lat' dir='ltr'><strong>bei</strong></span> <span class='ocrx_word' id='word_1_118' title='bbox 879 1926 931 1984; x_wconf 84' lang='lat' dir='ltr'><strong>der</strong></span> <span class='ocrx_word' id='word_1_119' title='bbox 948 1925 1158 2000; x_wconf 72' lang='lat' dir='ltr'><strong>Atesertipnnq</strong></span> <span class='ocrx_word' id='word_1_120' title='bbox 1180 1925 1274 1985; x_wconf 77' lang='lat' dir='ltr'><strong><em>dieser</em></strong></span> <span class='ocrx_word' id='word_1_121' title='bbox 1291 1925 1365 1985; x_wconf 92' lang='lat' dir='ltr'><strong>DD.</strong></span> <span class='ocrx_word' id='word_1_122' title='bbox 1389 1926 1532 2001; x_wconf 74' lang='lat' dir='ltr'><strong>betkedipt</strong></span> <span class='ocrx_word' id='word_1_123' title='bbox 1554 1946 1628 1997; x_wconf 81' lang='lat' dir='ltr'><strong>war,</strong></span> <span class='ocrx_word' id='word_1_124' title='bbox 1650 1927 1729 1986; x_wconf 72' lang='lat' dir='ltr'><strong>kann</strong></span> <span class='ocrx_word' id='word_1_125' title='bbox 1750 1927 1820 1986; x_wconf 86' lang='lat' dir='ltr'><strong>aber</strong></span> <span class='ocrx_word' id='word_1_126' title='bbox 1841 1927 1913 1985; x_wconf 72' lang='lat' dir='ltr'><strong>aaa</strong></span> <span class='ocrx_word' id='word_1_127' title='bbox 1935 1927 2029 1986; x_wconf 69' lang='lat' dir='ltr'><strong>durch</strong></span> <span class='ocrx_word' id='word_1_128' title='bbox 2049 1926 2225 1999; x_wconf 67' lang='lat' dir='ltr'><strong>Anicianae</strong></span> 
     </span>
     <span class='ocr_line' id='line_1_13' title="bbox 664 2032 2222 2107; baseline 0.001 -17"><span class='ocrx_word' id='word_1_129' title='bbox 664 2052 703 2091; x_wconf 75' lang='lat' dir='ltr'><strong>rra</strong></span> <span class='ocrx_word' id='word_1_130' title='bbox 724 2034 779 2091; x_wconf 84' lang='lat' dir='ltr'><strong>das</strong></span> <span class='ocrx_word' id='word_1_131' title='bbox 800 2037 894 2091; x_wconf 81' lang='lat' dir='ltr'><strong>zaerst</strong></span> <span class='ocrx_word' id='word_1_132' title='bbox 916 2051 970 2091; x_wconf 79' lang='lat' dir='ltr'><strong>eoo</strong></span> <span class='ocrx_word' id='word_1_133' title='bbox 993 2032 1087 2091; x_wconf 81' lang='lat' dir='ltr'><strong>diesen</strong></span> <span class='ocrx_word' id='word_1_134' title='bbox 1109 2033 1303 2107; x_wconf 76' lang='lat' dir='ltr'><strong>peseiriebeae</strong></span> <span class='ocrx_word' id='word_1_135' title='bbox 1325 2032 1414 2093; x_wconf 65' lang='lat' dir='ltr'><strong>Stieis</strong></span> <span class='ocrx_word' id='word_1_136' title='bbox 1434 2034 1548 2094; x_wconf 75' lang='lat' dir='ltr'><strong>erkltrt</strong></span> <span class='ocrx_word' id='word_1_137' title='bbox 1569 2034 1690 2093; x_wconf 77' lang='lat' dir='ltr'><strong><em>werden.</em></strong></span> <span class='ocrx_word' id='word_1_138' title='bbox 1711 2061 1755 2071; x_wconf 93' lang='lat'>-</span> <span class='ocrx_word' id='word_1_139' title='bbox 1772 2032 1839 2093; x_wconf 77' lang='lat' dir='ltr'><strong>Ftr&#39;r</strong></span> <span class='ocrx_word' id='word_1_140' title='bbox 1860 2034 1914 2092; x_wconf 79' lang='lat' dir='ltr'><strong>das</strong></span> <span class='ocrx_word' id='word_1_141' title='bbox 1936 2053 1994 2092; x_wconf 85' lang='lat' dir='ltr'><strong>aar</strong></span> <span class='ocrx_word' id='word_1_142' title='bbox 2016 2052 2089 2092; x_wconf 80' lang='lat' dir='ltr'><strong>zum</strong></span> <span class='ocrx_word' id='word_1_143' title='bbox 2113 2034 2222 2092; x_wconf 70' lang='lat' dir='ltr'><strong>aleina</strong></span> 
     </span>
     <span class='ocr_line' id='line_1_14' title="bbox 668 2138 1856 2214; baseline 0.003 -18"><span class='ocrx_word' id='word_1_144' title='bbox 668 2139 765 2198; x_wconf 70' lang='lat' dir='ltr'><strong>rante</strong></span> <span class='ocrx_word' id='word_1_145' title='bbox 787 2139 975 2214; x_wconf 60' lang='lat' dir='ltr'><strong>sensianum</strong></span> <span class='ocrx_word' id='word_1_146' title='bbox 997 2138 1101 2198; x_wconf 82' lang='lat' dir='ltr'><strong>Dictat</strong></span> <span class='ocrx_word' id='word_1_147' title='bbox 1122 2140 1189 2198; x_wconf 81' lang='lat' dir='ltr'><strong>sind</strong></span> <span class='ocrx_word' id='word_1_148' title='bbox 1211 2140 1258 2199; x_wconf 85' lang='lat' dir='ltr'><strong>die</strong></span> <span class='ocrx_word' id='word_1_149' title='bbox 1280 2139 1353 2199; x_wconf 88' lang='lat' dir='ltr'><strong>DD.</strong></span> <span class='ocrx_word' id='word_1_150' title='bbox 1371 2140 1419 2200; x_wconf 69' lang='lat'><strong>74.</strong></span> <span class='ocrx_word' id='word_1_151' title='bbox 1444 2141 1492 2199; x_wconf 84' lang='lat'><strong>75.</strong></span> <span class='ocrx_word' id='word_1_152' title='bbox 1517 2142 1577 2199; x_wconf 83' lang='lat'><strong>336</strong></span> <span class='ocrx_word' id='word_1_153' title='bbox 1599 2141 1710 2200; x_wconf 68' lang='lat' dir='ltr'><strong>intuta</strong></span> <span class='ocrx_word' id='word_1_154' title='bbox 1734 2140 1856 2200; x_wconf 81' lang='lat' dir='ltr'><strong>worden.</strong></span> 
     </span>
    </p>
   </div>
   <div class='ocr_carea' id='block_1_8' title="bbox 550 2287 2257 5566">
    <p class='ocr_par' dir='ltr' id='par_1_8' title="bbox 550 2287 2257 5566">
     <span class='ocr_line' id='line_1_15' title="bbox 665 2287 2222 2377; baseline 0.001 -24"><span class='ocrx_word' id='word_1_155' title='bbox 665 2297 723 2369; x_wconf 83' lang='lat' dir='ltr'>(C.)</span> <span class='ocrx_word' id='word_1_156' title='bbox 747 2287 765 2377; x_wconf 57' lang='grc' dir='ltr'><strong>ᾖ</strong></span> <span class='ocrx_word' id='word_1_157' title='bbox 788 2288 826 2352; x_wconf 88' lang='lat' dir='ltr'><strong>Iu</strong></span> <span class='ocrx_word' id='word_1_158' title='bbox 851 2290 980 2354; x_wconf 91' lang='lat' dir='ltr'><strong>nomine</strong></span> <span class='ocrx_word' id='word_1_159' title='bbox 1004 2302 1139 2355; x_wconf 87' lang='lat' dir='ltr'><strong>sanctae</strong></span> <span class='ocrx_word' id='word_1_160' title='bbox 1163 2301 1196 2354; x_wconf 90' lang='lat' dir='ltr'><strong>et</strong></span> <span class='ocrx_word' id='word_1_161' title='bbox 1218 2290 1409 2357; x_wconf 77' lang='lat' dir='ltr'>individuae</span> <span class='ocrx_word' id='word_1_162' title='bbox 1437 2292 1599 2357; x_wconf 78' lang='lat' dir='ltr'><strong>trinitatis.</strong></span> <span class='ocrx_word' id='word_1_163' title='bbox 1646 2292 1822 2357; x_wconf 88' lang='lat' dir='ltr'><strong>Heinricus</strong></span> <span class='ocrx_word' id='word_1_164' title='bbox 1852 2291 1965 2355; x_wconf 87' lang='lat' dir='ltr'><strong>divino</strong></span> <span class='ocrx_word' id='word_1_165' title='bbox 1993 2304 2081 2356; x_wconf 89' lang='lat' dir='ltr'><strong>nutu</strong></span> <span class='ocrx_word' id='word_1_166' title='bbox 2108 2293 2222 2356; x_wconf 88' lang='lat' dir='ltr'><strong>Roma·</strong></span> 
     </span>
     <span class='ocr_line' id='line_1_16' title="bbox 555 2396 2257 2484; baseline -0.002 -24"><span class='ocrx_word' id='word_1_167' title='bbox 555 2420 670 2460; x_wconf 76' lang='lat' dir='ltr'><strong>noram</strong></span> <span class='ocrx_word' id='word_1_168' title='bbox 694 2398 871 2483; x_wconf 89' lang='lat' dir='ltr'><strong>imperator</strong></span> <span class='ocrx_word' id='word_1_169' title='bbox 893 2408 1060 2482; x_wconf 84' lang='lat' dir='ltr'><strong>augustus.</strong></span> <span class='ocrx_word' id='word_1_170' title='bbox 1171 2396 1207 2463; x_wconf 84' lang='lat' dir='ltr'><strong>Si</strong></span> <span class='ocrx_word' id='word_1_171' title='bbox 1228 2399 1349 2463; x_wconf 87' lang='lat' dir='ltr'><strong>sanctis</strong></span> <span class='ocrx_word' id='word_1_172' title='bbox 1371 2422 1410 2462; x_wconf 88' lang='lat' dir='ltr'><strong>ac</strong></span> <span class='ocrx_word' id='word_1_173' title='bbox 1429 2397 1672 2464; x_wconf 86' lang='lat' dir='ltr'><strong>venerabilibus</strong></span> <span class='ocrx_word' id='word_1_174' title='bbox 1693 2398 1773 2463; x_wconf 87' lang='lat' dir='ltr'><strong>locis</strong></span> <span class='ocrx_word' id='word_1_175' title='bbox 1793 2398 1920 2484; x_wconf 91' lang='lat' dir='ltr'><strong>deoque</strong></span> <span class='ocrx_word' id='word_1_176' title='bbox 1940 2397 2065 2462; x_wconf 86' lang='lat' dir='ltr'><strong>dicatis</strong></span> <span class='ocrx_word' id='word_1_177' title='bbox 2087 2400 2222 2484; x_wconf 87' lang='lat' dir='ltr'><strong>eiusque</strong></span> <span class='ocrx_word' id='word_1_178' title='bbox 2239 2420 2257 2457; x_wconf 79' lang='lat' dir='ltr'><strong>a</strong></span> 
     </span>
     <span class='ocr_line' id='line_1_17' title="bbox 555 2502 2221 2592; baseline 0.001 -26"><span class='ocrx_word' id='word_1_179' title='bbox 555 2502 768 2568; x_wconf 74' lang='lat' dir='ltr'><strong>servitoribus</strong></span> <span class='ocrx_word' id='word_1_180' title='bbox 790 2516 922 2568; x_wconf 90' lang='lat' dir='ltr'><strong>nostrae</strong></span> <span class='ocrx_word' id='word_1_181' title='bbox 940 2502 959 2592; x_wconf 54' lang='grc' dir='ltr'><strong><em>ᾖ</em></strong></span> <span class='ocrx_word' id='word_1_182' title='bbox 977 2505 1162 2568; x_wconf 87' lang='lat' dir='ltr'><strong>serenitatis</strong></span> <span class='ocrx_word' id='word_1_183' title='bbox 1181 2528 1298 2568; x_wconf 91' lang='lat' dir='ltr'><strong>munus</strong></span> <span class='ocrx_word' id='word_1_184' title='bbox 1318 2504 1525 2587; x_wconf 88' lang='lat' dir='ltr'><strong>conferimus,</strong></span> <span class='ocrx_word' id='word_1_185' title='bbox 1549 2528 1614 2592; x_wconf 90' lang='lat' dir='ltr'><strong>quo</strong></span> <span class='ocrx_word' id='word_1_186' title='bbox 1639 2528 1750 2570; x_wconf 88' lang='lat' dir='ltr'><strong>eorum</strong></span> <span class='ocrx_word' id='word_1_187' title='bbox 1774 2505 1888 2590; x_wconf 83' lang='lat' dir='ltr'><strong>religio</strong></span> <span class='ocrx_word' id='word_1_188' title='bbox 1912 2503 2127 2585; x_wconf 83' lang='lat' dir='ltr'><strong>sublimetur,</strong></span> <span class='ocrx_word' id='word_1_189' title='bbox 2152 2528 2221 2592; x_wconf 90' lang='lat' dir='ltr'><strong>pro·</strong></span> 
     </span>
     <span class='ocr_line' id='line_1_18' title="bbox 555 2609 2223 2698; baseline -0.001 -24"><span class='ocrx_word' id='word_1_190' title='bbox 555 2611 607 2674; x_wconf 88' lang='lat' dir='ltr'><strong>cul</strong></span> <span class='ocrx_word' id='word_1_191' title='bbox 632 2609 731 2674; x_wconf 92' lang='lat' dir='ltr'><strong>dubio</strong></span> <span class='ocrx_word' id='word_1_192' title='bbox 755 2610 918 2674; x_wconf 86' lang='lat' dir='ltr'><strong>credimus</strong></span> <span class='ocrx_word' id='word_1_193' title='bbox 941 2610 1030 2697; x_wconf 90' lang='lat' dir='ltr'><strong>apud</strong></span> <span class='ocrx_word' id='word_1_194' title='bbox 1054 2613 1308 2697; x_wconf 87' lang='lat' dir='ltr'><strong>omnipotentem</strong></span> <span class='ocrx_word' id='word_1_195' title='bbox 1332 2611 1430 2676; x_wconf 90' lang='lat' dir='ltr'><strong>deum</strong></span> <span class='ocrx_word' id='word_1_196' title='bbox 1449 2612 1650 2676; x_wconf 89' lang='lat' dir='ltr'><strong>remunerari</strong></span> <span class='ocrx_word' id='word_1_197' title='bbox 1669 2624 1701 2676; x_wconf 90' lang='lat' dir='ltr'><strong>et</strong></span> <span class='ocrx_word' id='word_1_198' title='bbox 1718 2622 1864 2676; x_wconf 88' lang='lat' dir='ltr'><strong>nostrum</strong></span> <span class='ocrx_word' id='word_1_199' title='bbox 1883 2613 2063 2698; x_wconf 88' lang='lat' dir='ltr'><strong>imperium</strong></span> <span class='ocrx_word' id='word_1_200' title='bbox 2084 2612 2223 2677; x_wconf 78' lang='lat' dir='ltr'><strong>feliciter</strong></span> 
     </span>
     <span class='ocr_line' id='line_1_19' title="bbox 555 2717 2221 2804; baseline -0.001 -23"><span class='ocrx_word' id='word_1_201' title='bbox 555 2719 679 2804; x_wconf 81' lang='lat' dir='ltr'><strong>augeri.</strong></span> <span class='ocrx_word' id='word_1_202' title='bbox 725 2717 834 2781; x_wconf 84' lang='lat' dir='ltr'><strong>Decet</strong></span> <span class='ocrx_word' id='word_1_203' title='bbox 857 2718 943 2780; x_wconf 89' lang='lat' dir='ltr'><strong>enim</strong></span> <span class='ocrx_word' id='word_1_204' title='bbox 968 2727 1000 2781; x_wconf 88' lang='lat' dir='ltr'><strong>ct</strong></span> <span class='ocrx_word' id='word_1_205' title='bbox 1024 2718 1160 2804; x_wconf 89' lang='lat' dir='ltr'><strong>imperio</strong></span> <span class='ocrx_word' id='word_1_206' title='bbox 1184 2727 1294 2782; x_wconf 90' lang='lat' dir='ltr'><strong>nostro</strong></span> <span class='ocrx_word' id='word_1_207' title='bbox 1319 2728 1368 2781; x_wconf 88' lang='lat' dir='ltr'><strong>est</strong></span> <span class='ocrx_word' id='word_1_208' title='bbox 1391 2718 1627 2782; x_wconf 88' lang='lat' dir='ltr'><strong>incrementum</strong></span> <span class='ocrx_word' id='word_1_209' title='bbox 1651 2718 1713 2782; x_wconf 90' lang='lat' dir='ltr'><strong>deo</strong></span> <span class='ocrx_word' id='word_1_210' title='bbox 1743 2717 1923 2783; x_wconf 85' lang='lat' dir='ltr'><strong>retribuere</strong></span> <span class='ocrx_word' id='word_1_211' title='bbox 1948 2721 2038 2783; x_wconf 88' lang='lat' dir='ltr'><strong>etei</strong></span> <span class='ocrx_word' id='word_1_212' title='bbox 2065 2720 2221 2784; x_wconf 89' lang='lat' dir='ltr'><strong>honorem</strong></span> 
     </span>
     <span class='ocr_line' id='line_1_20' title="bbox 556 2821 2219 2913; baseline 0 -26"><span class='ocrx_word' id='word_1_213' title='bbox 556 2824 743 2911; x_wconf 84' lang='lat' dir='ltr'><strong>impendere</strong></span> <span class='ocrx_word' id='word_1_214' title='bbox 769 2823 809 2887; x_wconf 90' lang='lat' dir='ltr'><strong>de</strong></span> <span class='ocrx_word' id='word_1_215' title='bbox 834 2822 894 2905; x_wconf 89' lang='lat' dir='ltr'><strong>his,</strong></span> <span class='ocrx_word' id='word_1_216' title='bbox 919 2846 1003 2910; x_wconf 88' lang='lat' dir='ltr'><strong>quae</strong></span> <span class='ocrx_word' id='word_1_217' title='bbox 1029 2825 1098 2910; x_wconf 91' lang='lat' dir='ltr'><strong>ipse</strong></span> <span class='ocrx_word' id='word_1_218' title='bbox 1123 2821 1222 2905; x_wconf 86' lang='lat' dir='ltr'><strong>dedit,</strong></span> <span class='ocrx_word' id='word_1_219' title='bbox 1252 2826 1306 2910; x_wconf 90' lang='lat' dir='ltr'><strong>qui</strong></span> <span class='ocrx_word' id='word_1_220' title='bbox 1331 2825 1432 2910; x_wconf 84' lang='lat' dir='ltr'><strong>gratis</strong></span> <span class='ocrx_word' id='word_1_221' title='bbox 1456 2824 1593 2890; x_wconf 87' lang='lat' dir='ltr'><strong>honorat</strong></span> <span class='ocrx_word' id='word_1_222' title='bbox 1616 2837 1648 2889; x_wconf 90' lang='lat' dir='ltr'><strong>et</strong></span> <span class='ocrx_word' id='word_1_223' title='bbox 1671 2847 1691 2889; x_wconf 91' lang='lat' dir='ltr'><strong>a</strong></span> <span class='ocrx_word' id='word_1_224' title='bbox 1714 2849 1778 2912; x_wconf 90' lang='lat' dir='ltr'><strong>quo</strong></span> <span class='ocrx_word' id='word_1_225' title='bbox 1802 2825 1905 2889; x_wconf 90' lang='lat' dir='ltr'><strong>omnis</strong></span> <span class='ocrx_word' id='word_1_226' title='bbox 1929 2824 2038 2890; x_wconf 90' lang='lat' dir='ltr'><strong>honor</strong></span> <span class='ocrx_word' id='word_1_227' title='bbox 2061 2824 2219 2913; x_wconf 87' lang='lat' dir='ltr'><strong>procedit.</strong></span> 
     </span>
     <span class='ocr_line' id='line_1_21' title="bbox 555 2929 2255 3018; baseline -0.002 -25"><span class='ocrx_word' id='word_1_228' title='bbox 555 2930 760 2995; x_wconf 86' lang='lat' dir='ltr'><strong>Honoremus</strong></span> <span class='ocrx_word' id='word_1_229' title='bbox 785 2952 863 3015; x_wconf 85' lang='lat' dir='ltr'><strong>ergo</strong></span> <span class='ocrx_word' id='word_1_230' title='bbox 887 2941 1028 3011; x_wconf 87' lang='lat' dir='ltr'><strong>sanctos,</strong></span> <span class='ocrx_word' id='word_1_231' title='bbox 1053 2929 1193 2994; x_wconf 87' lang='lat' dir='ltr'><strong>ditemus</strong></span> <span class='ocrx_word' id='word_1_232' title='bbox 1217 2930 1290 2995; x_wconf 89' lang='lat' dir='ltr'><strong>loca</strong></span> <span class='ocrx_word' id='word_1_233' title='bbox 1313 2944 1510 3013; x_wconf 87' lang='lat' dir='ltr'><strong>sanctorum,</strong></span> <span class='ocrx_word' id='word_1_234' title='bbox 1534 2942 1569 2996; x_wconf 93' lang='lat' dir='ltr'><strong>ut</strong></span> <span class='ocrx_word' id='word_1_235' title='bbox 1592 2932 1680 3018; x_wconf 88' lang='lat' dir='ltr'><strong>ipsos</strong></span> <span class='ocrx_word' id='word_1_236' title='bbox 1703 2931 1868 2996; x_wconf 86' lang='lat' dir='ltr'><strong>adiutores</strong></span> <span class='ocrx_word' id='word_1_237' title='bbox 1892 2930 2091 2997; x_wconf 88' lang='lat' dir='ltr'><strong>babeamus.</strong></span> <span class='ocrx_word' id='word_1_238' title='bbox 2137 2932 2219 3012; x_wconf 78' lang='lat' dir='ltr'><strong>Quo·</strong></span> <span class='ocrx_word' id='word_1_239' title='bbox 2235 2951 2255 2990; x_wconf 79' lang='lat' dir='ltr'><strong>a</strong></span> 
     </span>
     <span class='ocr_line' id='line_1_22' title="bbox 555 3035 2219 3126; baseline 0.001 -27"><span class='ocrx_word' id='word_1_240' title='bbox 555 3039 645 3101; x_wconf 87' lang='lat' dir='ltr'><strong>circa</strong></span> <span class='ocrx_word' id='word_1_241' title='bbox 667 3035 818 3101; x_wconf 89' lang='lat' dir='ltr'><strong>omnibus</strong></span> <span class='ocrx_word' id='word_1_242' title='bbox 842 3037 896 3101; x_wconf 87' lang='lat' dir='ltr'><strong>dei</strong></span> <span class='ocrx_word' id='word_1_243' title='bbox 920 3039 1103 3123; x_wconf 70' lang='lat' dir='ltr'><strong>neumisque</strong></span> <span class='ocrx_word' id='word_1_244' title='bbox 1126 3035 1276 3101; x_wconf 87' lang='lat' dir='ltr'><strong>fidelibus</strong></span> <span class='ocrx_word' id='word_1_245' title='bbox 1299 3036 1506 3124; x_wconf 83' lang='lat' dir='ltr'><strong>presentibus</strong></span> <span class='ocrx_word' id='word_1_246' title='bbox 1530 3050 1563 3102; x_wconf 91' lang='lat' dir='ltr'><strong>et</strong></span> <span class='ocrx_word' id='word_1_247' title='bbox 1585 3039 1701 3102; x_wconf 87' lang='lat' dir='ltr'><strong>futuris</strong></span> <span class='ocrx_word' id='word_1_248' title='bbox 1721 3049 1832 3103; x_wconf 91' lang='lat' dir='ltr'><strong>notum</strong></span> <span class='ocrx_word' id='word_1_249' title='bbox 1851 3060 1922 3103; x_wconf 88' lang='lat' dir='ltr'><strong>esse</strong></span> <span class='ocrx_word' id='word_1_250' title='bbox 1942 3039 2112 3121; x_wconf 80' lang='lat' dir='ltr'><strong>volumus,</strong></span> <span class='ocrx_word' id='word_1_251' title='bbox 2137 3036 2219 3126; x_wconf 88' lang='lat' dir='ltr'><strong>quod</strong></span> 
     </span>
     <span class='ocr_line' id='line_1_23' title="bbox 555 3142 2218 3234; baseline -0.001 -27"><span class='ocrx_word' id='word_1_252' title='bbox 555 3167 613 3207; x_wconf 85' lang='lat' dir='ltr'><strong>nos</strong></span> <span class='ocrx_word' id='word_1_253' title='bbox 638 3167 696 3230; x_wconf 90' lang='lat' dir='ltr'><strong>pro</strong></span> <span class='ocrx_word' id='word_1_254' title='bbox 720 3143 865 3209; x_wconf 89' lang='lat' dir='ltr'><strong>remedio</strong></span> <span class='ocrx_word' id='word_1_255' title='bbox 889 3146 1017 3208; x_wconf 87' lang='lat' dir='ltr'><strong>animae</strong></span> <span class='ocrx_word' id='word_1_256' title='bbox 1042 3156 1172 3207; x_wconf 86' lang='lat' dir='ltr'><strong>nostrae</strong></span> <span class='ocrx_word' id='word_1_257' title='bbox 1203 3154 1236 3208; x_wconf 91' lang='lat' dir='ltr'><strong>et</strong></span> <span class='ocrx_word' id='word_1_258' title='bbox 1265 3145 1367 3208; x_wconf 88' lang='lat' dir='ltr'><strong>nostri</strong></span> <span class='ocrx_word' id='word_1_259' title='bbox 1390 3146 1519 3231; x_wconf 88' lang='lat' dir='ltr'><strong>imperii</strong></span> <span class='ocrx_word' id='word_1_260' title='bbox 1550 3142 1795 3233; x_wconf 82' lang='lat' dir='ltr'><strong>s[ublimi]tate⁸</strong></span> <span class='ocrx_word' id='word_1_261' title='bbox 1819 3144 1980 3209; x_wconf 85' lang='lat' dir='ltr'><strong>donamus</strong></span> <span class='ocrx_word' id='word_1_262' title='bbox 2013 3158 2118 3234; x_wconf 89' lang='lat' dir='ltr'><strong>atque</strong></span> <span class='ocrx_word' id='word_1_263' title='bbox 2149 3168 2218 3209; x_wconf 88' lang='lat' dir='ltr'><strong>eon-</strong></span> 
     </span>
     <span class='ocr_line' id='line_1_24' title="bbox 554 3250 2217 3339; baseline -0.001 -25"><span class='ocrx_word' id='word_1_264' title='bbox 554 3250 700 3314; x_wconf 88' lang='lat' dir='ltr'><strong>cedimus</strong></span> <span class='ocrx_word' id='word_1_265' title='bbox 724 3265 857 3315; x_wconf 90' lang='lat' dir='ltr'><strong>sanctae</strong></span> <span class='ocrx_word' id='word_1_266' title='bbox 877 3250 1047 3317; x_wconf 83' lang='lat' dir='ltr'><strong>Cumanae</strong></span> <span class='ocrx_word' id='word_1_267' title='bbox 1072 3250 1252 3315; x_wconf 84' lang='lat' dir='ltr'><strong>aecclesiae</strong></span> <span class='ocrx_word' id='word_1_268' title='bbox 1277 3251 1465 3314; x_wconf 90' lang='lat' dir='ltr'><strong>monasterii</strong></span> <span class='ocrx_word' id='word_1_269' title='bbox 1488 3252 1592 3315; x_wconf 89' lang='lat' dir='ltr'><strong>sancti</strong></span> <span class='ocrx_word' id='word_1_270' title='bbox 1611 3250 1757 3315; x_wconf 86' lang='lat' dir='ltr'><strong>Abundii</strong></span> <span class='ocrx_word' id='word_1_271' title='bbox 1782 3253 1833 3316; x_wconf 92' lang='lat' dir='ltr'><strong>siti</strong></span> <span class='ocrx_word' id='word_1_272' title='bbox 1859 3274 1923 3315; x_wconf 91' lang='lat' dir='ltr'><strong>non</strong></span> <span class='ocrx_word' id='word_1_273' title='bbox 1947 3250 2050 3339; x_wconf 84' lang='lat' dir='ltr'><strong>longe</strong></span> <span class='ocrx_word' id='word_1_274' title='bbox 2076 3254 2157 3317; x_wconf 89' lang='lat' dir='ltr'><strong>foris</strong></span> <span class='ocrx_word' id='word_1_275' title='bbox 2180 3250 2217 3315; x_wconf 85' lang='lat' dir='ltr'><strong>ab</strong></span> 
     </span>
     <span class='ocr_line' id='line_1_25' title="bbox 554 3355 2217 3443; baseline -0.001 -23"><span class='ocrx_word' id='word_1_276' title='bbox 554 3356 645 3431; x_wconf 87' lang='lat' dir='ltr'><strong>urbe,</strong></span> <span class='ocrx_word' id='word_1_277' title='bbox 676 3359 728 3421; x_wconf 88' lang='lat' dir='ltr'><strong>cui</strong></span> <span class='ocrx_word' id='word_1_278' title='bbox 759 3370 889 3443; x_wconf 88' lang='lat' dir='ltr'><strong>praeest</strong></span> <span class='ocrx_word' id='word_1_279' title='bbox 919 3358 1057 3422; x_wconf 88' lang='lat' dir='ltr'><strong>domnus</strong></span> <span class='ocrx_word' id='word_1_280' title='bbox 1086 3355 1260 3421; x_wconf 81' lang='lat' dir='ltr'><strong>Albericus</strong></span> <span class='ocrx_word' id='word_1_281' title='bbox 1291 3355 1488 3421; x_wconf 87' lang='lat' dir='ltr'><strong>venerabilis</strong></span> <span class='ocrx_word' id='word_1_282' title='bbox 1519 3358 1701 3443; x_wconf 88' lang='lat' dir='ltr'><strong>episcopus,</strong></span> <span class='ocrx_word' id='word_1_283' title='bbox 1733 3380 1861 3422; x_wconf 88' lang='lat' dir='ltr'><strong>omnem</strong></span> <span class='ocrx_word' id='word_1_284' title='bbox 1891 3360 2084 3443; x_wconf 87' lang='lat' dir='ltr'><strong>portionem</strong></span> <span class='ocrx_word' id='word_1_285' title='bbox 2117 3372 2217 3424; x_wconf 81' lang='lat' dir='ltr'><strong>terrac</strong></span> 
     </span>
     <span class='ocr_line' id='line_1_26' title="bbox 553 3462 2251 3550; baseline 0 -23"><span class='ocrx_word' id='word_1_286' title='bbox 553 3463 680 3528; x_wconf 80' lang='lat' dir='ltr'><strong>Alberti</strong></span> <span class='ocrx_word' id='word_1_287' title='bbox 697 3465 885 3528; x_wconf 86' lang='lat' dir='ltr'><strong>Parmensis</strong></span> <span class='ocrx_word' id='word_1_288' title='bbox 901 3464 1107 3550; x_wconf 86' lang='lat' dir='ltr'><strong>filiommque</strong></span> <span class='ocrx_word' id='word_1_289' title='bbox 1132 3464 1211 3543; x_wconf 88' lang='lat' dir='ltr'><strong>eius,</strong></span> <span class='ocrx_word' id='word_1_290' title='bbox 1232 3463 1358 3528; x_wconf 90' lang='lat' dir='ltr'><strong>scilicet</strong></span> <span class='ocrx_word' id='word_1_291' title='bbox 1377 3462 1528 3527; x_wconf 90' lang='lat' dir='ltr'><strong>Uuiberti</strong></span> <span class='ocrx_word' id='word_1_292' title='bbox 1547 3474 1580 3527; x_wconf 94' lang='lat' dir='ltr'><strong>et</strong></span> <span class='ocrx_word' id='word_1_293' title='bbox 1599 3462 1772 3548; x_wconf 88' lang='lat' dir='ltr'><strong>Sigefredi,</strong></span> <span class='ocrx_word' id='word_1_294' title='bbox 1796 3487 1894 3550; x_wconf 90' lang='lat' dir='ltr'><strong>quam</strong></span> <span class='ocrx_word' id='word_1_295' title='bbox 1913 3463 2080 3531; x_wconf 88' lang='lat' dir='ltr'><strong>hactenus</strong></span> <span class='ocrx_word' id='word_1_296' title='bbox 2101 3465 2216 3531; x_wconf 88' lang='lat' dir='ltr'><strong>habere</strong></span> <span class='ocrx_word' id='word_1_297' title='bbox 2231 3482 2251 3521; x_wconf 69' lang='lat' dir='ltr'><strong>a</strong></span> 
     </span>
     <span class='ocr_line' id='line_1_27' title="bbox 554 3568 2216 3655; baseline 0 -23"><span class='ocrx_word' id='word_1_298' title='bbox 554 3571 617 3633; x_wconf 84' lang='lat' dir='ltr'><strong>visi</strong></span> <span class='ocrx_word' id='word_1_299' title='bbox 640 3572 771 3634; x_wconf 89' lang='lat' dir='ltr'><strong>suntin</strong></span> <span class='ocrx_word' id='word_1_300' title='bbox 794 3570 970 3635; x_wconf 87' lang='lat' dir='ltr'><strong>Ualtellina</strong></span> <span class='ocrx_word' id='word_1_301' title='bbox 999 3573 1033 3634; x_wconf 91' lang='lat' dir='ltr'><strong>in</strong></span> <span class='ocrx_word' id='word_1_302' title='bbox 1064 3570 1137 3635; x_wconf 90' lang='lat' dir='ltr'><strong>loco</strong></span> <span class='ocrx_word' id='word_1_303' title='bbox 1164 3569 1220 3634; x_wconf 91' lang='lat' dir='ltr'><strong>ubi</strong></span> <span class='ocrx_word' id='word_1_304' title='bbox 1245 3570 1365 3634; x_wconf 90' lang='lat' dir='ltr'><strong>dicitur</strong></span> <span class='ocrx_word' id='word_1_305' title='bbox 1388 3569 1568 3635; x_wconf 81' lang='lat' dir='ltr'><strong>Telamona</strong></span> <span class='ocrx_word' id='word_1_306' title='bbox 1590 3568 1643 3633; x_wconf 87' lang='lat' dir='ltr'><strong>vel</strong></span> <span class='ocrx_word' id='word_1_307' title='bbox 1665 3570 1700 3633; x_wconf 91' lang='lat' dir='ltr'><strong>in</strong></span> <span class='ocrx_word' id='word_1_308' title='bbox 1722 3569 1786 3634; x_wconf 87' lang='lat' dir='ltr'><strong>alio</strong></span> <span class='ocrx_word' id='word_1_309' title='bbox 1809 3569 1918 3655; x_wconf 89' lang='lat' dir='ltr'><strong>aliquo</strong></span> <span class='ocrx_word' id='word_1_310' title='bbox 1942 3570 2020 3637; x_wconf 92' lang='lat' dir='ltr'><strong>loco</strong></span> <span class='ocrx_word' id='word_1_311' title='bbox 2046 3574 2082 3638; x_wconf 90' lang='lat' dir='ltr'><strong>in</strong></span> <span class='ocrx_word' id='word_1_312' title='bbox 2107 3572 2216 3637; x_wconf 87' lang='lat' dir='ltr'><strong>eadem</strong></span> 
     </span>
     <span class='ocr_line' id='line_1_28' title="bbox 554 3674 2214 3763; baseline 0 -23"><span class='ocrx_word' id='word_1_313' title='bbox 554 3676 648 3757; x_wconf 81' lang='lat' dir='ltr'><strong>valle,</strong></span> <span class='ocrx_word' id='word_1_314' title='bbox 673 3700 810 3763; x_wconf 90' lang='lat' dir='ltr'><strong>quorum</strong></span> <span class='ocrx_word' id='word_1_315' title='bbox 834 3677 1018 3742; x_wconf 89' lang='lat' dir='ltr'><strong>haereditas</strong></span> <span class='ocrx_word' id='word_1_316' title='bbox 1043 3689 1076 3741; x_wconf 88' lang='lat' dir='ltr'><strong>et</strong></span> <span class='ocrx_word' id='word_1_317' title='bbox 1098 3678 1281 3763; x_wconf 84' lang='lat' dir='ltr'><strong>proprietas</strong></span> <span class='ocrx_word' id='word_1_318' title='bbox 1304 3675 1379 3758; x_wconf 80' lang='lat' dir='ltr'><strong>fuit3</strong></span> <span class='ocrx_word' id='word_1_319' title='bbox 1404 3675 1463 3739; x_wconf 88' lang='lat' dir='ltr'><strong>sed</strong></span> <span class='ocrx_word' id='word_1_320' title='bbox 1486 3677 1563 3762; x_wconf 88' lang='lat' dir='ltr'><strong>quia</strong></span> <span class='ocrx_word' id='word_1_321' title='bbox 1581 3676 1615 3740; x_wconf 89' lang='lat' dir='ltr'><strong>in</strong></span> <span class='ocrx_word' id='word_1_322' title='bbox 1634 3699 1694 3740; x_wconf 87' lang='lat' dir='ltr'><strong>nos</strong></span> <span class='ocrx_word' id='word_1_323' title='bbox 1714 3674 1914 3740; x_wconf 87' lang='lat' dir='ltr'><strong>offendentes</strong></span> <span class='ocrx_word' id='word_1_324' title='bbox 1934 3690 2056 3744; x_wconf 89' lang='lat' dir='ltr'><strong>contra</strong></span> <span class='ocrx_word' id='word_1_325' title='bbox 2075 3692 2214 3745; x_wconf 82' lang='lat' dir='ltr'><strong>nostrum</strong></span> 
     </span>
     <span class='ocr_line' id='line_1_29' title="bbox 553 3782 2213 3872; baseline -0.001 -25"><span class='ocrx_word' id='word_1_326' title='bbox 553 3785 724 3869; x_wconf 90' lang='lat' dir='ltr'><strong>imperium</strong></span> <span class='ocrx_word' id='word_1_327' title='bbox 749 3795 973 3848; x_wconf 87' lang='lat' dir='ltr'><strong>tractaverunt</strong></span> <span class='ocrx_word' id='word_1_328' title='bbox 995 3798 1027 3848; x_wconf 90' lang='lat' dir='ltr'><strong>et</strong></span> <span class='ocrx_word' id='word_1_329' title='bbox 1051 3784 1174 3869; x_wconf 88' lang='lat' dir='ltr'><strong>periuri</strong></span> <span class='ocrx_word' id='word_1_330' title='bbox 1196 3794 1295 3869; x_wconf 91' lang='lat' dir='ltr'><strong>atque</strong></span> <span class='ocrx_word' id='word_1_331' title='bbox 1319 3783 1367 3847; x_wconf 88' lang='lat' dir='ltr'><strong>rei</strong></span> <span class='ocrx_word' id='word_1_332' title='bbox 1390 3782 1424 3845; x_wconf 92' lang='lat' dir='ltr'><strong>in</strong></span> <span class='ocrx_word' id='word_1_333' title='bbox 1447 3794 1590 3872; x_wconf 86' lang='lat' dir='ltr'><strong>nostram</strong></span> <span class='ocrx_word' id='word_1_334' title='bbox 1614 3783 1817 3846; x_wconf 88' lang='lat' dir='ltr'><strong>maiestatem</strong></span> <span class='ocrx_word' id='word_1_335' title='bbox 1841 3784 2054 3867; x_wconf 80' lang='lat' dir='ltr'><strong>exstiterunt,</strong></span> <span class='ocrx_word' id='word_1_336' title='bbox 2080 3789 2151 3851; x_wconf 87' lang='lat' dir='ltr'><strong>iure</strong></span> <span class='ocrx_word' id='word_1_337' title='bbox 2174 3796 2213 3847; x_wconf 90' lang='lat' dir='ltr'><strong>at·</strong></span> 
     </span>
     <span class='ocr_line' id='line_1_30' title="bbox 554 3887 2213 3977; baseline -0.001 -24"><span class='ocrx_word' id='word_1_338' title='bbox 554 3913 617 3976; x_wconf 79' lang='lat' dir='ltr'><strong>quc</strong></span> <span class='ocrx_word' id='word_1_339' title='bbox 641 3889 790 3976; x_wconf 84' lang='lat' dir='ltr'><strong>legaliter</strong></span> <span class='ocrx_word' id='word_1_340' title='bbox 813 3892 922 3956; x_wconf 90' lang='lat' dir='ltr'><strong>omnia</strong></span> <span class='ocrx_word' id='word_1_341' title='bbox 945 3913 1029 3977; x_wconf 87' lang='lat' dir='ltr'><strong>quae</strong></span> <span class='ocrx_word' id='word_1_342' title='bbox 1058 3888 1241 3954; x_wconf 87' lang='lat' dir='ltr'><strong>habuerunt</strong></span> <span class='ocrx_word' id='word_1_343' title='bbox 1271 3888 1314 3953; x_wconf 90' lang='lat' dir='ltr'><strong>ad</strong></span> <span class='ocrx_word' id='word_1_344' title='bbox 1343 3900 1486 3953; x_wconf 87' lang='lat' dir='ltr'><strong>nostram</strong></span> <span class='ocrx_word' id='word_1_345' title='bbox 1516 3900 1642 3975; x_wconf 89' lang='lat' dir='ltr'><strong>partem</strong></span> <span class='ocrx_word' id='word_1_346' title='bbox 1672 3887 1802 3974; x_wconf 90' lang='lat' dir='ltr'><strong>publice</strong></span> <span class='ocrx_word' id='word_1_347' title='bbox 1833 3888 2055 3957; x_wconf 85' lang='lat' dir='ltr'><strong>devenerunt.</strong></span> <span class='ocrx_word' id='word_1_348' title='bbox 2104 3893 2213 3957; x_wconf 84' lang='lat' dir='ltr'><strong>Merito</strong></span> 
     </span>
     <span class='ocr_line' id='line_1_31' title="bbox 552 3993 2248 4084; baseline -0.001 -24"><span class='ocrx_word' id='word_1_349' title='bbox 552 4020 631 4082; x_wconf 82' lang='lat' dir='ltr'><strong>ergo</strong></span> <span class='ocrx_word' id='word_1_350' title='bbox 655 4020 714 4061; x_wconf 91' lang='lat' dir='ltr'><strong>sua</strong></span> <span class='ocrx_word' id='word_1_351' title='bbox 737 4000 846 4061; x_wconf 88' lang='lat' dir='ltr'><strong>omnia</strong></span> <span class='ocrx_word' id='word_1_352' title='bbox 869 3997 1020 4084; x_wconf 84' lang='lat' dir='ltr'><strong>perdunt,</strong></span> <span class='ocrx_word' id='word_1_353' title='bbox 1047 3997 1102 4083; x_wconf 93' lang='lat' dir='ltr'><strong>qui</strong></span> <span class='ocrx_word' id='word_1_354' title='bbox 1126 4019 1161 4059; x_wconf 92' lang='lat' dir='ltr'><strong>se</strong></span> <span class='ocrx_word' id='word_1_355' title='bbox 1185 3997 1273 4082; x_wconf 89' lang='lat' dir='ltr'><strong>ipsos</strong></span> <span class='ocrx_word' id='word_1_356' title='bbox 1297 3997 1399 4080; x_wconf 82' lang='lat' dir='ltr'><strong>gratis</strong></span> <span class='ocrx_word' id='word_1_357' title='bbox 1423 3994 1645 4080; x_wconf 87' lang='lat' dir='ltr'><strong>perdiderunt,</strong></span> <span class='ocrx_word' id='word_1_358' title='bbox 1669 3994 1746 4058; x_wconf 89' lang='lat' dir='ltr'><strong>dum</strong></span> <span class='ocrx_word' id='word_1_359' title='bbox 1769 3994 1866 4057; x_wconf 85' lang='lat' dir='ltr'><strong>fidem</strong></span> <span class='ocrx_word' id='word_1_360' title='bbox 1886 3993 2039 4063; x_wconf 90' lang='lat' dir='ltr'><strong>debitam</strong></span> <span class='ocrx_word' id='word_1_361' title='bbox 2063 4022 2131 4064; x_wconf 90' lang='lat' dir='ltr'><strong>nou</strong></span> <span class='ocrx_word' id='word_1_362' title='bbox 2153 4020 2212 4060; x_wconf 87' lang='lat' dir='ltr'><strong>ser·</strong></span> <span class='ocrx_word' id='word_1_363' title='bbox 2228 4015 2248 4053; x_wconf 77' lang='lat' dir='ltr'><strong>a</strong></span> 
     </span>
     <span class='ocr_line' id='line_1_32' title="bbox 552 4099 2212 4189; baseline -0.002 -22"><span class='ocrx_word' id='word_1_364' title='bbox 552 4118 666 4169; x_wconf 82' lang='lat' dir='ltr'><strong>ventes</strong></span> <span class='ocrx_word' id='word_1_365' title='bbox 690 4106 724 4167; x_wconf 90' lang='lat' dir='ltr'><strong>in</strong></span> <span class='ocrx_word' id='word_1_366' title='bbox 747 4118 859 4168; x_wconf 88' lang='lat' dir='ltr'><strong>nostra</strong></span> <span class='ocrx_word' id='word_1_367' title='bbox 880 4103 1038 4167; x_wconf 86' lang='lat' dir='ltr'><strong>fidelitate</strong></span> <span class='ocrx_word' id='word_1_368' title='bbox 1062 4104 1195 4167; x_wconf 89' lang='lat' dir='ltr'><strong>minime</strong></span> <span class='ocrx_word' id='word_1_369' title='bbox 1219 4112 1476 4189; x_wconf 86' lang='lat' dir='ltr'><strong>permanserunt.</strong></span> <span class='ocrx_word' id='word_1_370' title='bbox 1524 4100 1667 4187; x_wconf 86' lang='lat' dir='ltr'><strong>Ideoque</strong></span> <span class='ocrx_word' id='word_1_371' title='bbox 1698 4099 1833 4185; x_wconf 82' lang='lat' dir='ltr'><strong>dignum</strong></span> <span class='ocrx_word' id='word_1_372' title='bbox 1863 4112 1895 4164; x_wconf 90' lang='lat' dir='ltr'><strong>et</strong></span> <span class='ocrx_word' id='word_1_373' title='bbox 1924 4102 2055 4169; x_wconf 90' lang='lat' dir='ltr'><strong>iustum</strong></span> <span class='ocrx_word' id='word_1_374' title='bbox 2087 4129 2126 4170; x_wconf 88' lang='lat' dir='ltr'><strong>ac</strong></span> <span class='ocrx_word' id='word_1_375' title='bbox 2157 4103 2212 4167; x_wconf 87' lang='lat' dir='ltr'><strong>deo</strong></span> 
     </span>
     <span class='ocr_line' id='line_1_33' title="bbox 553 4205 2211 4297; baseline -0.003 -22"><span class='ocrx_word' id='word_1_376' title='bbox 553 4224 586 4275; x_wconf 89' lang='lat' dir='ltr'><strong>et</strong></span> <span class='ocrx_word' id='word_1_377' title='bbox 604 4213 721 4275; x_wconf 87' lang='lat' dir='ltr'><strong>nostris</strong></span> <span class='ocrx_word' id='word_1_378' title='bbox 740 4210 892 4275; x_wconf 88' lang='lat' dir='ltr'><strong>fidelibus</strong></span> <span class='ocrx_word' id='word_1_379' title='bbox 911 4209 1079 4297; x_wconf 88' lang='lat' dir='ltr'><strong>placitum,</strong></span> <span class='ocrx_word' id='word_1_380' title='bbox 1103 4211 1237 4294; x_wconf 87' lang='lat' dir='ltr'><strong>insuper</strong></span> <span class='ocrx_word' id='word_1_381' title='bbox 1255 4206 1383 4292; x_wconf 81' lang='lat' dir='ltr'><strong>legibus</strong></span> <span class='ocrx_word' id='word_1_382' title='bbox 1402 4205 1618 4293; x_wconf 89' lang='lat' dir='ltr'><strong>approbatum</strong></span> <span class='ocrx_word' id='word_1_383' title='bbox 1638 4207 1871 4293; x_wconf 88' lang='lat' dir='ltr'><strong>perspicientes</strong></span> <span class='ocrx_word' id='word_1_384' title='bbox 1890 4205 2039 4275; x_wconf 89' lang='lat' dir='ltr'><strong>libenter</strong></span> <span class='ocrx_word' id='word_1_385' title='bbox 2059 4212 2211 4278; x_wconf 85' lang='lat' dir='ltr'><strong>donamus</strong></span> 
     </span>
     <span class='ocr_line' id='line_1_34' title="bbox 552 4311 2212 4404; baseline -0.002 -23"><span class='ocrx_word' id='word_1_386' title='bbox 552 4329 650 4404; x_wconf 87' lang='lat' dir='ltr'><strong>atque</strong></span> <span class='ocrx_word' id='word_1_387' title='bbox 684 4317 895 4382; x_wconf 87' lang='lat' dir='ltr'><strong>concedimus</strong></span> <span class='ocrx_word' id='word_1_388' title='bbox 930 4318 995 4381; x_wconf 89' lang='lat' dir='ltr'><strong>iam</strong></span> <span class='ocrx_word' id='word_1_389' title='bbox 1030 4316 1118 4380; x_wconf 87' lang='lat' dir='ltr'><strong>dicto</strong></span> <span class='ocrx_word' id='word_1_390' title='bbox 1150 4315 1346 4379; x_wconf 88' lang='lat' dir='ltr'><strong>monasterio</strong></span> <span class='ocrx_word' id='word_1_391' title='bbox 1382 4315 1485 4377; x_wconf 87' lang='lat' dir='ltr'><strong>sancti</strong></span> <span class='ocrx_word' id='word_1_392' title='bbox 1509 4312 1665 4393; x_wconf 84' lang='lat' dir='ltr'><strong>Abundii,</strong></span> <span class='ocrx_word' id='word_1_393' title='bbox 1701 4312 1855 4398; x_wconf 90' lang='lat' dir='ltr'><strong>quicquid</strong></span> <span class='ocrx_word' id='word_1_394' title='bbox 1890 4311 2086 4382; x_wconf 85' lang='lat' dir='ltr'><strong>habuerunt</strong></span> <span class='ocrx_word' id='word_1_395' title='bbox 2121 4337 2212 4403; x_wconf 89' lang='lat' dir='ltr'><strong>supra</strong></span> 
     </span>
     <span class='ocr_line' id='line_1_35' title="bbox 552 4416 2210 4509; baseline -0.002 -22"><span class='ocrx_word' id='word_1_396' title='bbox 552 4425 722 4488; x_wconf 89' lang='lat' dir='ltr'><strong>memorati</strong></span> <span class='ocrx_word' id='word_1_397' title='bbox 746 4424 868 4509; x_wconf 89' lang='lat' dir='ltr'><strong>periuri</strong></span> <span class='ocrx_word' id='word_1_398' title='bbox 892 4426 926 4487; x_wconf 90' lang='lat' dir='ltr'><strong>in</strong></span> <span class='ocrx_word' id='word_1_399' title='bbox 949 4422 1117 4508; x_wconf 87' lang='lat' dir='ltr'><strong>praedicto</strong></span> <span class='ocrx_word' id='word_1_400' title='bbox 1141 4421 1212 4485; x_wconf 89' lang='lat' dir='ltr'><strong>loco</strong></span> <span class='ocrx_word' id='word_1_401' title='bbox 1236 4420 1416 4484; x_wconf 79' lang='lat' dir='ltr'><strong>Telamona</strong></span> <span class='ocrx_word' id='word_1_402' title='bbox 1445 4432 1501 4483; x_wconf 89' lang='lat' dir='ltr'><strong>aut</strong></span> <span class='ocrx_word' id='word_1_403' title='bbox 1524 4416 1645 4483; x_wconf 90' lang='lat' dir='ltr'><strong>alicubi</strong></span> <span class='ocrx_word' id='word_1_404' title='bbox 1668 4420 1702 4483; x_wconf 92' lang='lat' dir='ltr'><strong>in</strong></span> <span class='ocrx_word' id='word_1_405' title='bbox 1725 4419 1953 4504; x_wconf 76' lang='lat' dir='ltr'><strong>prenominata</strong></span> <span class='ocrx_word' id='word_1_406' title='bbox 1977 4423 2071 4489; x_wconf 88' lang='lat' dir='ltr'><strong>valle</strong></span> <span class='ocrx_word' id='word_1_407' title='bbox 2095 4436 2161 4489; x_wconf 87' lang='lat' dir='ltr'><strong>tam</strong></span> <span class='ocrx_word' id='word_1_408' title='bbox 2182 4423 2210 4485; x_wconf 89' lang='lat' dir='ltr'><strong>iu</strong></span> 
     </span>
     <span class='ocr_line' id='line_1_36' title="bbox 551 4524 2246 4615; baseline -0.005 -22"><span class='ocrx_word' id='word_1_409' title='bbox 551 4528 716 4593; x_wconf 90' lang='lat' dir='ltr'><strong>montibus</strong></span> <span class='ocrx_word' id='word_1_410' title='bbox 740 4552 837 4615; x_wconf 88' lang='lat' dir='ltr'><strong>quam</strong></span> <span class='ocrx_word' id='word_1_411' title='bbox 862 4530 896 4593; x_wconf 91' lang='lat' dir='ltr'><strong>in</strong></span> <span class='ocrx_word' id='word_1_412' title='bbox 920 4528 1035 4614; x_wconf 87' lang='lat' dir='ltr'><strong>planis,</strong></span> <span class='ocrx_word' id='word_1_413' title='bbox 1060 4529 1093 4591; x_wconf 90' lang='lat' dir='ltr'><strong>in</strong></span> <span class='ocrx_word' id='word_1_414' title='bbox 1116 4528 1211 4591; x_wconf 88' lang='lat' dir='ltr'><strong>terris</strong></span> <span class='ocrx_word' id='word_1_415' title='bbox 1228 4525 1323 4591; x_wconf 87' lang='lat' dir='ltr'><strong>cultis</strong></span> <span class='ocrx_word' id='word_1_416' title='bbox 1347 4538 1379 4589; x_wconf 90' lang='lat' dir='ltr'><strong>et</strong></span> <span class='ocrx_word' id='word_1_417' title='bbox 1403 4524 1543 4601; x_wconf 70' lang='lat' dir='ltr'><strong>incultis</strong></span> <span class='ocrx_word' id='word_1_418' title='bbox 1567 4526 1601 4588; x_wconf 91' lang='lat' dir='ltr'><strong>in</strong></span> <span class='ocrx_word' id='word_1_419' title='bbox 1625 4529 1754 4610; x_wconf 86' lang='lat' dir='ltr'><strong>pascuis</strong></span> <span class='ocrx_word' id='word_1_420' title='bbox 1778 4524 1867 4587; x_wconf 88' lang='lat' dir='ltr'><strong>silvis</strong></span> <span class='ocrx_word' id='word_1_421' title='bbox 1891 4526 2028 4611; x_wconf 89' lang='lat' dir='ltr'><strong>vinetis,</strong></span> <span class='ocrx_word' id='word_1_422' title='bbox 2055 4532 2092 4595; x_wconf 88' lang='lat' dir='ltr'><strong>in</strong></span> <span class='ocrx_word' id='word_1_423' title='bbox 2116 4529 2246 4594; x_wconf 66' lang='lat' dir='ltr'><strong>sortisse</strong></span> 
     </span>
     <span class='ocr_line' id='line_1_37' title="bbox 552 4628 2210 4720; baseline -0.001 -23"><span class='ocrx_word' id='word_1_424' title='bbox 552 4657 682 4720; x_wconf 88' lang='lat' dir='ltr'><strong>quoque</strong></span> <span class='ocrx_word' id='word_1_425' title='bbox 699 4647 731 4699; x_wconf 92' lang='lat' dir='ltr'><strong>et</strong></span> <span class='ocrx_word' id='word_1_426' title='bbox 748 4634 874 4699; x_wconf 88' lang='lat' dir='ltr'><strong>ancillis</strong></span> <span class='ocrx_word' id='word_1_427' title='bbox 891 4636 1012 4698; x_wconf 88' lang='lat' dir='ltr'><strong>mansis</strong></span> <span class='ocrx_word' id='word_1_428' title='bbox 1030 4633 1227 4698; x_wconf 87' lang='lat' dir='ltr'><strong>massariciis</strong></span> <span class='ocrx_word' id='word_1_429' title='bbox 1243 4643 1276 4695; x_wconf 92' lang='lat' dir='ltr'><strong>et</strong></span> <span class='ocrx_word' id='word_1_430' title='bbox 1292 4654 1365 4695; x_wconf 92' lang='lat' dir='ltr'><strong>cum</strong></span> <span class='ocrx_word' id='word_1_431' title='bbox 1382 4634 1469 4696; x_wconf 89' lang='lat' dir='ltr'><strong>omni</strong></span> <span class='ocrx_word' id='word_1_432' title='bbox 1485 4631 1634 4695; x_wconf 86' lang='lat' dir='ltr'><strong>redditub</strong></span> <span class='ocrx_word' id='word_1_433' title='bbox 1650 4641 1683 4695; x_wconf 89' lang='lat' dir='ltr'><strong>et</strong></span> <span class='ocrx_word' id='word_1_434' title='bbox 1700 4631 1778 4695; x_wconf 90' lang='lat' dir='ltr'><strong>fisco</strong></span> <span class='ocrx_word' id='word_1_435' title='bbox 1799 4628 1979 4697; x_wconf 84' lang='lat' dir='ltr'><strong>exibitione</strong></span> <span class='ocrx_word' id='word_1_436' title='bbox 1998 4648 2033 4700; x_wconf 86' lang='lat' dir='ltr'><strong>et</strong></span> <span class='ocrx_word' id='word_1_437' title='bbox 2050 4638 2210 4704; x_wconf 79' lang='lat' dir='ltr'><strong>frmctione</strong></span> 
     </span>
     <span class='ocr_line' id='line_1_38' title="bbox 552 4735 2209 4828; baseline -0.001 -24"><span class='ocrx_word' id='word_1_438' title='bbox 552 4740 767 4828; x_wconf 86' lang='lat' dir='ltr'><strong>omnibusque</strong></span> <span class='ocrx_word' id='word_1_439' title='bbox 792 4739 966 4804; x_wconf 88' lang='lat' dir='ltr'><strong>mobilibus</strong></span> <span class='ocrx_word' id='word_1_440' title='bbox 997 4741 1066 4803; x_wconf 84' lang='lat' dir='ltr'><strong>sive</strong></span> <span class='ocrx_word' id='word_1_441' title='bbox 1090 4736 1311 4803; x_wconf 88' lang='lat' dir='ltr'><strong>immobilibus</strong></span> <span class='ocrx_word' id='word_1_442' title='bbox 1342 4749 1374 4802; x_wconf 86' lang='lat' dir='ltr'><strong>et</strong></span> <span class='ocrx_word' id='word_1_443' title='bbox 1397 4738 1530 4801; x_wconf 88' lang='lat' dir='ltr'><strong>tandem</strong></span> <span class='ocrx_word' id='word_1_444' title='bbox 1553 4760 1627 4801; x_wconf 91' lang='lat' dir='ltr'><strong>eum</strong></span> <span class='ocrx_word' id='word_1_445' title='bbox 1651 4735 1800 4801; x_wconf 90' lang='lat' dir='ltr'><strong>omnibus</strong></span> <span class='ocrx_word' id='word_1_446' title='bbox 1824 4759 1908 4822; x_wconf 89' lang='lat' dir='ltr'><strong>quae</strong></span> <span class='ocrx_word' id='word_1_447' title='bbox 1933 4739 2051 4806; x_wconf 87' lang='lat' dir='ltr'><strong>adhuc</strong></span> <span class='ocrx_word' id='word_1_448' title='bbox 2077 4745 2141 4809; x_wconf 90' lang='lat' dir='ltr'><strong>dici</strong></span> <span class='ocrx_word' id='word_1_449' title='bbox 2164 4738 2209 4803; x_wconf 80' lang='lat' dir='ltr'><strong>vel</strong></span> 
     </span>
     <span class='ocr_line' id='line_1_39' title="bbox 551 4841 2209 4933; baseline -0.002 -22"><span class='ocrx_word' id='word_1_450' title='bbox 551 4848 712 4911; x_wconf 88' lang='lat' dir='ltr'><strong>nominari</strong></span> <span class='ocrx_word' id='word_1_451' title='bbox 735 4858 871 4933; x_wconf 86' lang='lat' dir='ltr'><strong>possunt</strong></span> <span class='ocrx_word' id='word_1_452' title='bbox 895 4846 935 4909; x_wconf 89' lang='lat' dir='ltr'><strong>de</strong></span> <span class='ocrx_word' id='word_1_453' title='bbox 959 4848 1025 4910; x_wconf 90' lang='lat' dir='ltr'><strong>iam</strong></span> <span class='ocrx_word' id='word_1_454' title='bbox 1049 4845 1159 4908; x_wconf 77' lang='lat' dir='ltr'><strong>dictae</strong></span> <span class='ocrx_word' id='word_1_455' title='bbox 1185 4845 1390 4929; x_wconf 88' lang='lat' dir='ltr'><strong>pertinentia,</strong></span> <span class='ocrx_word' id='word_1_456' title='bbox 1415 4867 1498 4929; x_wconf 90' lang='lat' dir='ltr'><strong>quae</strong></span> <span class='ocrx_word' id='word_1_457' title='bbox 1522 4844 1564 4907; x_wconf 89' lang='lat' dir='ltr'><strong>ad</strong></span> <span class='ocrx_word' id='word_1_458' title='bbox 1595 4842 1761 4929; x_wconf 91' lang='lat' dir='ltr'><strong>publicum</strong></span> <span class='ocrx_word' id='word_1_459' title='bbox 1788 4841 1868 4905; x_wconf 86' lang='lat' dir='ltr'><strong>solvi</strong></span> <span class='ocrx_word' id='word_1_460' title='bbox 1897 4860 2053 4929; x_wconf 77' lang='lat' dir='ltr'><strong>possmit,</strong></span> <span class='ocrx_word' id='word_1_461' title='bbox 2088 4850 2209 4915; x_wconf 84' lang='lat' dir='ltr'><strong>omnino</strong></span> 
     </span>
     <span class='ocr_line' id='line_1_40' title="bbox 550 4947 2208 5044; baseline -0.002 -26"><span class='ocrx_word' id='word_1_462' title='bbox 550 4956 771 5040; x_wconf 76' lang='lat' dir='ltr'><strong>in‘integrum</strong></span> <span class='ocrx_word' id='word_1_463' title='bbox 795 4952 951 5039; x_wconf 83' lang='lat' dir='ltr'><strong>largimur</strong></span> <span class='ocrx_word' id='word_1_464' title='bbox 974 4966 1071 5038; x_wconf 89' lang='lat' dir='ltr'><strong>atquc</strong></span> <span class='ocrx_word' id='word_1_465' title='bbox 1096 4974 1116 5015; x_wconf 89' lang='lat' dir='ltr'><strong>a</strong></span> <span class='ocrx_word' id='word_1_466' title='bbox 1139 4960 1247 5013; x_wconf 89' lang='lat' dir='ltr'><strong>nostro</strong></span> <span class='ocrx_word' id='word_1_467' title='bbox 1278 4951 1347 5013; x_wconf 86' lang='lat' dir='ltr'><strong>iure</strong></span> <span class='ocrx_word' id='word_1_468' title='bbox 1378 4962 1410 5013; x_wconf 92' lang='lat' dir='ltr'><strong>et</strong></span> <span class='ocrx_word' id='word_1_469' title='bbox 1440 4948 1581 5014; x_wconf 90' lang='lat' dir='ltr'><strong>dominio</strong></span> <span class='ocrx_word' id='word_1_470' title='bbox 1612 4951 1645 5013; x_wconf 91' lang='lat' dir='ltr'><strong>in</strong></span> <span class='ocrx_word' id='word_1_471' title='bbox 1675 4951 1725 5013; x_wconf 91' lang='lat' dir='ltr'><strong>ius</strong></span> <span class='ocrx_word' id='word_1_472' title='bbox 1749 4962 1781 5013; x_wconf 89' lang='lat' dir='ltr'><strong>et</strong></span> <span class='ocrx_word' id='word_1_473' title='bbox 1803 4947 1985 5015; x_wconf 88' lang='lat' dir='ltr'><strong>dominium</strong></span> <span class='ocrx_word' id='word_1_474' title='bbox 2011 4968 2047 5019; x_wconf 87' lang='lat' dir='ltr'><strong>et</strong></span> <span class='ocrx_word' id='word_1_475' title='bbox 2071 4956 2208 5044; x_wconf 85' lang='lat' dir='ltr'><strong>proprie·</strong></span> 
     </span>
     <span class='ocr_line' id='line_1_41' title="bbox 550 5054 2245 5147; baseline -0.004 -22"><span class='ocrx_word' id='word_1_476' title='bbox 550 5074 651 5125; x_wconf 88' lang='lat' dir='ltr'><strong>tatem</strong></span> <span class='ocrx_word' id='word_1_477' title='bbox 674 5060 814 5147; x_wconf 85' lang='lat' dir='ltr'><strong>praefati</strong></span> <span class='ocrx_word' id='word_1_478' title='bbox 838 5057 967 5124; x_wconf 86' lang='lat' dir='ltr'><strong>cenobii</strong></span> <span class='ocrx_word' id='word_1_479' title='bbox 990 5055 1247 5121; x_wconf 86' lang='lat' dir='ltr'><strong>transfundimus</strong></span> <span class='ocrx_word' id='word_1_480' title='bbox 1272 5068 1304 5119; x_wconf 86' lang='lat' dir='ltr'><strong>ct</strong></span> <span class='ocrx_word' id='word_1_481' title='bbox 1327 5055 1525 5140; x_wconf 88' lang='lat' dir='ltr'><strong>delegamus,</strong></span> <span class='ocrx_word' id='word_1_482' title='bbox 1556 5057 1639 5120; x_wconf 89' lang='lat' dir='ltr'><strong>sicut</strong></span> <span class='ocrx_word' id='word_1_483' title='bbox 1668 5078 1771 5141; x_wconf 89' lang='lat' dir='ltr'><strong>usque</strong></span> <span class='ocrx_word' id='word_1_484' title='bbox 1801 5054 1896 5118; x_wconf 91' lang='lat' dir='ltr'><strong>modo</strong></span> <span class='ocrx_word' id='word_1_485' title='bbox 1928 5060 2131 5142; x_wconf 85' lang='lat' dir='ltr'><strong>praelibatis</strong></span> <span class='ocrx_word' id='word_1_486' title='bbox 2153 5060 2209 5123; x_wconf 88' lang='lat' dir='ltr'><strong>reis</strong></span> <span class='ocrx_word' id='word_1_487' title='bbox 2223 5074 2245 5113; x_wconf 68' lang='grc' dir='ltr'><strong><em>ω</em></strong></span> 
     </span>
     <span class='ocr_line' id='line_1_42' title="bbox 550 5161 2207 5253; baseline -0.004 -22"><span class='ocrx_word' id='word_1_488' title='bbox 550 5169 717 5253; x_wconf 88' lang='lat' dir='ltr'><strong>pertinere</strong></span> <span class='ocrx_word' id='word_1_489' title='bbox 741 5168 813 5230; x_wconf 87' lang='lat' dir='ltr'><strong>visa</strong></span> <span class='ocrx_word' id='word_1_490' title='bbox 836 5178 919 5247; x_wconf 88' lang='lat' dir='ltr'><strong>sunt,</strong></span> <span class='ocrx_word' id='word_1_491' title='bbox 951 5187 989 5228; x_wconf 88' lang='lat' dir='ltr'><strong>co</strong></span> <span class='ocrx_word' id='word_1_492' title='bbox 1013 5162 1169 5227; x_wconf 75' lang='lat' dir='ltr'><strong>videlicet</strong></span> <span class='ocrx_word' id='word_1_493' title='bbox 1191 5161 1304 5225; x_wconf 88' lang='lat' dir='ltr'><strong>ordine</strong></span> <span class='ocrx_word' id='word_1_494' title='bbox 1334 5174 1370 5225; x_wconf 90' lang='lat' dir='ltr'><strong>ut</strong></span> <span class='ocrx_word' id='word_1_495' title='bbox 1392 5161 1494 5225; x_wconf 86' lang='lat' dir='ltr'><strong>abbas</strong></span> <span class='ocrx_word' id='word_1_496' title='bbox 1517 5164 1573 5249; x_wconf 90' lang='lat' dir='ltr'><strong>qni</strong></span> <span class='ocrx_word' id='word_1_497' title='bbox 1596 5185 1682 5226; x_wconf 90' lang='lat' dir='ltr'><strong>nunc</strong></span> <span class='ocrx_word' id='word_1_498' title='bbox 1706 5172 1836 5248; x_wconf 88' lang='lat' dir='ltr'><strong>praeest</strong></span> <span class='ocrx_word' id='word_1_499' title='bbox 1858 5184 2045 5251; x_wconf 71' lang='lat' dir='ltr'><strong>clauesque</strong></span> <span class='ocrx_word' id='word_1_500' title='bbox 2072 5172 2207 5236; x_wconf 74' lang='lat' dir='ltr'><strong>suisne</strong></span> 
     </span>
     <span class='ocr_line' id='line_1_43' title="bbox 550 5266 2207 5360; baseline -0.002 -23"><span class='ocrx_word' id='word_1_501' title='bbox 550 5296 696 5337; x_wconf 83' lang='lat' dir='ltr'><strong>cessores</strong></span> <span class='ocrx_word' id='word_1_502' title='bbox 720 5273 776 5360; x_wconf 92' lang='lat' dir='ltr'><strong>qui</strong></span> <span class='ocrx_word' id='word_1_503' title='bbox 800 5271 922 5336; x_wconf 90' lang='lat' dir='ltr'><strong>ibidem</strong></span> <span class='ocrx_word' id='word_1_504' title='bbox 946 5295 1005 5356; x_wconf 87' lang='lat' dir='ltr'><strong>pro</strong></span> <span class='ocrx_word' id='word_1_505' title='bbox 1028 5284 1175 5355; x_wconf 85' lang='lat' dir='ltr'><strong>tempore</strong></span> <span class='ocrx_word' id='word_1_506' title='bbox 1199 5268 1320 5330; x_wconf 75' lang='lat' dir='ltr'><strong>fuerint</strong></span> <span class='ocrx_word' id='word_1_507' title='bbox 1349 5278 1543 5353; x_wconf 86' lang='lat' dir='ltr'><strong>potestatem</strong></span> <span class='ocrx_word' id='word_1_508' title='bbox 1571 5266 1715 5332; x_wconf 91' lang='lat' dir='ltr'><strong>habeant</strong></span> <span class='ocrx_word' id='word_1_509' title='bbox 1740 5267 1908 5354; x_wconf 88' lang='lat' dir='ltr'><strong>praedicta</strong></span> <span class='ocrx_word' id='word_1_510' title='bbox 1933 5274 2052 5338; x_wconf 88' lang='lat' dir='ltr'><strong>omnia</strong></span> <span class='ocrx_word' id='word_1_511' title='bbox 2078 5276 2207 5340; x_wconf 82' lang='lat' dir='ltr'><strong>illorum.</strong></span> 
     </span>
     <span class='ocr_line' id='line_1_44' title="bbox 550 5371 2206 5465; baseline -0.001 -24"><span class='ocrx_word' id='word_1_512' title='bbox 550 5402 636 5465; x_wconf 84' lang='lat' dir='ltr'><strong>quae</strong></span> <span class='ocrx_word' id='word_1_513' title='bbox 660 5392 734 5443; x_wconf 88' lang='lat' dir='ltr'><strong>sunt</strong></span> <span class='ocrx_word' id='word_1_514' title='bbox 756 5381 790 5442; x_wconf 88' lang='lat' dir='ltr'><strong>in</strong></span> <span class='ocrx_word' id='word_1_515' title='bbox 814 5381 879 5442; x_wconf 88' lang='lat' dir='ltr'><strong>iam</strong></span> <span class='ocrx_word' id='word_1_516' title='bbox 903 5377 991 5441; x_wconf 78' lang='lat' dir='ltr'><strong>diem</strong></span> <span class='ocrx_word' id='word_1_517' title='bbox 1015 5375 1110 5455; x_wconf 80' lang='lat' dir='ltr'><strong>valle,</strong></span> <span class='ocrx_word' id='word_1_518' title='bbox 1135 5388 1245 5439; x_wconf 85' lang='lat' dir='ltr'><strong>tenere</strong></span> <span class='ocrx_word' id='word_1_519' title='bbox 1266 5373 1433 5457; x_wconf 87' lang='lat' dir='ltr'><strong>possidere</strong></span> <span class='ocrx_word' id='word_1_520' title='bbox 1452 5386 1650 5439; x_wconf 89' lang='lat' dir='ltr'><strong>commutare</strong></span> <span class='ocrx_word' id='word_1_521' title='bbox 1668 5374 1720 5437; x_wconf 88' lang='lat' dir='ltr'><strong>vel</strong></span> <span class='ocrx_word' id='word_1_522' title='bbox 1740 5371 1895 5460; x_wconf 91' lang='lat' dir='ltr'><strong>quicquid</strong></span> <span class='ocrx_word' id='word_1_523' title='bbox 1915 5375 2091 5445; x_wconf 80' lang='lat' dir='ltr'><strong>voluerint</strong></span> <span class='ocrx_word' id='word_1_524' title='bbox 2109 5382 2206 5446; x_wconf 84' lang='lat' dir='ltr'><strong>facere</strong></span> 
     </span>
     <span class='ocr_line' id='line_1_45' title="bbox 550 5477 2206 5566; baseline -0.001 -17"><span class='ocrx_word' id='word_1_525' title='bbox 550 5487 592 5549; x_wconf 87' lang='lat' dir='ltr'><strong>ad</strong></span> <span class='ocrx_word' id='word_1_526' title='bbox 624 5485 754 5549; x_wconf 90' lang='lat' dir='ltr'><strong>laudem</strong></span> <span class='ocrx_word' id='word_1_527' title='bbox 787 5498 820 5549; x_wconf 89' lang='lat' dir='ltr'><strong>et</strong></span> <span class='ocrx_word' id='word_1_528' title='bbox 852 5484 1007 5548; x_wconf 89' lang='lat' dir='ltr'><strong>honorem</strong></span> <span class='ocrx_word' id='word_1_529' title='bbox 1041 5480 1270 5566; x_wconf 88' lang='lat' dir='ltr'><strong>omnipotentis</strong></span> <span class='ocrx_word' id='word_1_530' title='bbox 1304 5477 1357 5541; x_wconf 89' lang='lat' dir='ltr'><strong>dei</strong></span> <span class='ocrx_word' id='word_1_531' title='bbox 1390 5492 1422 5543; x_wconf 89' lang='lat' dir='ltr'><strong>et</strong></span> <span class='ocrx_word' id='word_1_532' title='bbox 1454 5482 1558 5544; x_wconf 88' lang='lat' dir='ltr'><strong>sancti</strong></span> <span class='ocrx_word' id='word_1_533' title='bbox 1588 5478 1733 5543; x_wconf 84' lang='lat' dir='ltr'><strong>Abundii</strong></span> <span class='ocrx_word' id='word_1_534' title='bbox 1766 5491 1799 5543; x_wconf 92' lang='lat' dir='ltr'><strong>et</strong></span> <span class='ocrx_word' id='word_1_535' title='bbox 1831 5500 2044 5549; x_wconf 85' lang='lat' dir='ltr'><strong>communem</strong></span> <span class='ocrx_word' id='word_1_536' title='bbox 2082 5490 2206 5552; x_wconf 85' lang='lat' dir='ltr'><strong>fratrum</strong></span> 
     </span>
    </p>
   </div>
   <div class='ocr_carea' id='block_1_9' title="bbox 620 5655 2241 5867">
    <p class='ocr_par' dir='ltr' id='par_1_9' title="bbox 620 5655 2241 5867">
     <span class='ocr_line' id='line_1_46' title="bbox 620 5655 2241 5729; baseline -0.009 -15"><span class='ocrx_word' id='word_1_537' title='bbox 620 5661 684 5715; x_wconf 56' lang='grc'><strong>333</strong></span> <span class='ocrx_word' id='word_1_538' title='bbox 711 5661 854 5729; x_wconf 73' lang='lat' dir='ltr'><strong>[Bresslaal</strong></span> <span class='ocrx_word' id='word_1_539' title='bbox 891 5676 917 5727; x_wconf 79' lang='lat' dir='ltr'><strong>a)</strong></span> <span class='ocrx_word' id='word_1_540' title='bbox 939 5666 1049 5724; x_wconf 63' lang='lat' dir='ltr'><strong>erenaei</strong></span> <span class='ocrx_word' id='word_1_541' title='bbox 1068 5673 1120 5709; x_wconf 70' lang='lat' dir='ltr'><strong>aris</strong></span> <span class='ocrx_word' id='word_1_542' title='bbox 1137 5655 1310 5721; x_wconf 65' lang='lat' dir='ltr'><strong>beilaqender</strong></span> <span class='ocrx_word' id='word_1_543' title='bbox 1328 5656 1543 5722; x_wconf 76' lang='lat' dir='ltr'><strong>Notariatscopr&#39;e</strong></span> <span class='ocrx_word' id='word_1_544' title='bbox 1559 5657 1605 5708; x_wconf 76' lang='lat' dir='ltr'><strong>des</strong></span> <span class='ocrx_word' id='word_1_545' title='bbox 1622 5660 1663 5710; x_wconf 82' lang='lat'><strong>13.</strong></span> <span class='ocrx_word' id='word_1_546' title='bbox 1677 5657 1735 5721; x_wconf 80' lang='lat' dir='ltr'><strong>Jh,</strong></span> <span class='ocrx_word' id='word_1_547' title='bbox 1759 5657 1839 5709; x_wconf 64' lang='lat' dir='ltr'><strong>daea</strong></span> <span class='ocrx_word' id='word_1_548' title='bbox 1857 5656 1966 5722; x_wconf 70' lang='lat' dir='ltr'><strong>Leaaaq</strong></span> <span class='ocrx_word' id='word_1_549' title='bbox 1985 5660 2081 5715; x_wconf 55' lang='lat' dir='ltr'><strong>duma</strong></span> <span class='ocrx_word' id='word_1_550' title='bbox 2101 5661 2206 5723; x_wconf 60' lang='lat' dir='ltr'><strong>&amp;We</strong></span> <span class='ocrx_word' id='word_1_551' title='bbox 2220 5665 2241 5706; x_wconf 73' lang='lat' dir='ltr'><strong>e</strong></span> 
     </span>
     <span class='ocr_line' id='line_1_47' title="bbox 709 5724 2204 5801; baseline 0 -18"><span class='ocrx_word' id='word_1_552' title='bbox 709 5740 775 5785; x_wconf 79' lang='lat' dir='ltr'><strong>reate</strong></span> <span class='ocrx_word' id='word_1_553' title='bbox 793 5736 822 5783; x_wconf 81' lang='lat' dir='ltr'><strong>ia</strong></span> <span class='ocrx_word' id='word_1_554' title='bbox 841 5736 866 5784; x_wconf 68' lang='lat' dir='ltr'><strong><em>A</em></strong></span> <span class='ocrx_word' id='word_1_555' title='bbox 884 5733 1006 5794; x_wconf 71' lang='lat' dir='ltr'><strong>bestritr&#39;pt</strong></span> <span class='ocrx_word' id='word_1_556' title='bbox 1026 5729 1102 5791; x_wconf 73' lang='lat' dir='ltr'><strong>erari,</strong></span> <span class='ocrx_word' id='word_1_557' title='bbox 1122 5726 1247 5777; x_wconf 68' lang='lat' dir='ltr'><strong>elisabet·</strong></span> <span class='ocrx_word' id='word_1_558' title='bbox 1266 5724 1447 5778; x_wconf 82' lang='lat' dir='ltr'><strong>sublimitates</strong></span> <span class='ocrx_word' id='word_1_559' title='bbox 1465 5727 1512 5777; x_wconf 79' lang='lat' dir='ltr'><strong>bat</strong></span> <span class='ocrx_word' id='word_1_560' title='bbox 1603 5728 1631 5787; x_wconf 83' lang='lat' dir='ltr'><strong>b)</strong></span> <span class='ocrx_word' id='word_1_561' title='bbox 1658 5730 1701 5779; x_wconf 75' lang='lat' dir='ltr'><strong>ein</strong></span> <span class='ocrx_word' id='word_1_562' title='bbox 1723 5725 1741 5779; x_wconf 85' lang='lat' dir='ltr'><strong>d</strong></span> <span class='ocrx_word' id='word_1_563' title='bbox 1766 5727 1829 5779; x_wconf 73' lang='lat' dir='ltr'><strong>tiber·</strong></span> <span class='ocrx_word' id='word_1_564' title='bbox 1845 5727 1893 5779; x_wconf 78' lang='lat' dir='ltr'><strong>der</strong></span> <span class='ocrx_word' id='word_1_565' title='bbox 1911 5727 1988 5780; x_wconf 76' lang='lat' dir='ltr'><strong>Zeila</strong></span> <span class='ocrx_word' id='word_1_566' title='bbox 2015 5737 2204 5801; x_wconf 56' lang='lat' dir='ltr'><strong>suscapientes</strong></span> 
     </span>
     <span class='ocr_line' id='line_1_48' title="bbox 710 5800 1223 5867; baseline -0.014 -13"><span class='ocrx_word' id='word_1_567' title='bbox 710 5814 736 5867; x_wconf 82' lang='lat' dir='ltr'><strong>c)</strong></span> <span class='ocrx_word' id='word_1_568' title='bbox 758 5821 773 5855; x_wconf 91' lang='lat' dir='ltr'><strong>e</strong></span> <span class='ocrx_word' id='word_1_569' title='bbox 792 5805 856 5856; x_wconf 66' lang='lat' dir='ltr'><strong>elba·</strong></span> <span class='ocrx_word' id='word_1_570' title='bbox 873 5805 922 5853; x_wconf 77' lang='lat' dir='ltr'><strong>‹la-</strong></span> <span class='ocrx_word' id='word_1_571' title='bbox 939 5803 1012 5853; x_wconf 83' lang='lat' dir='ltr'><strong>Zer&#39;le</strong></span> <span class='ocrx_word' id='word_1_572' title='bbox 1029 5800 1223 5863; x_wconf 64' lang='lat' dir='ltr'><strong>satrapea-apen</strong></span> 
     </span>
    </p>
   </div>
   <div class='ocr_carea' id='block_1_10' title="bbox 0 0 2388 6604">
    <p class='ocr_par' dir='ltr' id='par_1_10' title="bbox 0 0 2388 6604">
     <span class='ocr_line' id='line_1_49' title="bbox 0 0 2388 6604; baseline 0 3"><span class='ocrx_word' id='word_1_573' title='bbox 0 0 2388 6604; x_wconf 95' lang='lat' dir='ltr'><strong> </strong></span> 
     </span>
    </p>
   </div>
  </div>
 </body>
</html>
