4836 6504
841 477 1078 534 HEINRICH
1100 477 1138 532 11.
1181 476 1275 533 1009.

340 648 357 739 ᾖ
381 650 518 736 Signum
542 649 651 713 domni
675 648 825 713 Heinrici
849 656 913 727 (Μ.)
938 648 1024 733 regis
1048 648 1263 711 invictissimi.
1288 644 1305 734 ξ

340 801 358 891 ξ
381 800 581 867 Guntherius
605 799 817 865 cancellarius
840 800 914 864 vice
938 799 1103 885 Uuilligisi
1127 799 1380 886 archicapellani
1403 797 1625 887 recognovi}
1721 807 1777 877 (SI.
1796 806 1838 877 2.)

341 953 431 1016 Data
453 967 490 1016 ΙΙ.
515 975 589 1015 non.
613 950 685 1015 iul.h
709 949 886 1014 indictione
902 965 970 1032 vn,
999 972 1084 1015 anno
1112 951 1274 1015 dominice
1298 950 1530 1014 incarnationis
1553 964 1665 1033 Mvm,
1696 972 1781 1014 anno
1805 973 1883 1015 vero

234 1059 345 1124 domni
367 1059 516 1124 Heinrici
539 1057 675 1123 secundi
698 1058 864 1143 regnantis
881 1058 968 1139 v11¹3
1000 1069 1107 1121 actum
1131 1057 1408 1139 Frankonofurt¹¹3
1440 1056 1580 1121 feliciter
1602 1079 1707 1122 amen.

204 1465 218 1506 s
1006 1410 1093 1496 201.

239 1592 413 1668 Heinrich
433 1590 579 1666 sebenkt
599 1590 678 1665 dem
700 1617 773 1665 oon
796 1591 869 1664 dm
886 1590 1132 1691 yeqmindetco
1152 1589 1316 1663 Bistdam
1337 1588 1517 1688 Bomberp
1541 1588 1612 1663 dett
1633 1587 1702 1667 Ort
1724 1587 1883 1666 Sonder·

235 1711 356 1810 hosen.
1381 1736 1837 1808 araneae-mosmos.

343 1917 585 1993 Originaldiptom
608 1916 649 1974 im
670 1916 699 1975 k.
716 1915 923 1975 Reiedsorcdio
944 1933 980 1974 m
1002 1914 1143 1974 Micodes
1169 1915 1241 1982 (A).

339 2078 506 2153 Hcyberqer
528 2075 743 2152 Ichnoyropdia
768 2075 896 2135 nabau
919 2077 947 2145 1,
967 2077 1008 2134 85
1035 2076 1082 2134 cit.
1107 2104 1151 2112 —
1174 2074 1253 2134 Mon.
1276 2074 1368 2134 Boico
1390 2076 1458 2146 28⁰,
1481 2076 1542 2136 405
1569 2077 1602 2134 o⁰
1616 2077 1677 2135 255
1704 2093 1757 2135 aas
1779 2076 1815 2135 Α.
1840 2105 1884 2114 -

190 2195 217 2235 ¹⁰
340 2185 467 2244 demer
488 2183 560 2259 Rep.
578 2184 665 2245 1043.
689 2212 734 2220 -
757 2181 880 2257 Stamps
898 2180 970 2257 Req.
988 2182 1076 2251 1504,
1100 2182 1157 2241 alle
1178 2200 1213 2239 su
1237 2183 1326 2241 1008.

344 2344 535 2405 Unmittelbar
557 2343 629 2402 nard
652 2341 692 2402 D.
709 2344 773 2403 200
794 2342 970 2417 yescdrieben
992 2360 1047 2400 ooo
1070 2341 1128 2400 Bo.
1146 2341 1174 2411 I,
1204 2340 1256 2399 der
1284 2340 1342 2400 sict
1373 2341 1607 2400 scotrscdeinlicls
1636 2343 1711 2401 anas
1740 2362 1794 2402 ron
1824 2344 1883 2401 tiso

339 2452 425 2511 scibat
446 2450 536 2510 durch
559 2450 743 2525 distropaaq
765 2448 814 2508 des
835 2448 1051 2524 Motsopromms
1072 2448 1290 2523 derqaiclttetcn
1314 2448 1475 2523 Blonquets
1497 2448 1630 2508 dedicate.

342 2645 400 2718 (C.)
424 2635 442 2726 ii
464 2637 504 2701 In
526 2637 657 2701 nomine
681 2646 813 2700 sanctae
844 2646 877 2700 et
905 2632 1074 2700 individue
1104 2635 1267 2698 trinitatis.
1313 2635 1490 2700 Heinricus
1518 2635 1630 2700 divina
1653 2636 1884 2724 preordinante

236 2745 408 2810 clementia
430 2766 500 2809 rex.
609 2757 832 2808 Salubcrrimus⁸
850 2757 937 2821 igitur
955 2757 1027 2806 sacri
1051 2754 1155 2821 eloquii
1180 2757 1400 2807 institutionibus
1427 2757 1566 2807 erudimur
1591 2764 1618 2807 et
1644 2756 1829 2818 admonemur,
1855 2764 1885 2808 ut

192 2875 218 2916 rt
235 2865 396 2933 temporalia
415 2864 602 2931 relinquentes
621 2866 694 2915 bona
713 2870 740 2914 et
759 2870 867 2915 terrena
886 2869 1082 2929 postponentes
1102 2864 1247 2914 commoda
1259 2856 1273 2929 Β
1285 2870 1399 2915 aeterna
1418 2870 1446 2914 et
1463 2864 1522 2914 sine
1539 2863 1591 2914 fine
1609 2880 1737 2916 mansura
1753 2867 1782 2916 in
1798 2865 1883 2916 caelis

236 2974 392 3024 studeamus
411 2974 527 3039 adipisci
547 2973 719 3022 consistoria.
757 2972 932 3036 Quapropter
950 2986 1000 3019 nos
1020 2969 1165 3021 dominicis
1184 2986 1240 3021 nou
1264 2971 1378 3020 surdum
1396 2971 1520 3021 auditum
1539 2972 1684 3036 prebentes
1703 2974 1837 3041 preceptis
1858 2980 1884 3023 et

235 3079 338 3131 deificis
359 3074 593 3145 obtemperandob
612 3078 786 3129 intendentes
805 3078 980 3128 suasionibus
1000 3077 1137 3142 quendam
1156 3083 1266 3128 nostrae
1285 3084 1416 3144 paternae
1435 3076 1595 3128 hereditatis
1615 3077 1704 3130 locum
1725 3079 1884 3130 Babenbcrc

236 3188 339 3239 dictum
355 3188 384 3238 iu
401 3187 494 3238 sedem
511 3192 539 3236 et
555 3160 663 3235 culmen
682 3185 857 3250 episcopatus
875 3182 1047 3236 sublimando
1065 3185 1238 3250 proveximus
1256 3188 1284 3234 et
1296 3184 1419 3234 Romana
1436 3186 1602 3234 auctoritate
1619 3192 1701 3250 atque
1719 3186 1884 3236 venerabilis

236 3296 359 3347 Heinrici
373 3294 613 3358 Vvirciburgensis
633 3293 775 3357 episcopie
797 3307 931 3343 consensu
959 3308 991 3341 ec
1018 3292 1077 3357 pari
1103 3292 1296 3355 communique
1323 3291 1443 3341 omnium
1469 3292 1556 3341 nostri
1582 3291 1701 3342 fidelium
1720 3299 1776 3342 tam
1796 3293 1883 3343 archi-

190 3412 218 3451 so
236 3405 426 3469 episcoporum
455 3392 536 3464 quam
564 3400 757 3465 episcoporum
785 3399 971 3462 abbatumque
998 3414 1049 3447 nec
1077 3412 1133 3446 non
1162 3397 1263 3448 dueum
1291 3402 1318 3448 et
1347 3398 1477 3447 comitum
1506 3396 1633 3449 consultu
1661 3399 1828 3464 decretoque
1856 3402 1884 3451 in

235 3510 358 3561 honore
384 3514 494 3559 sanctae
520 3506 565 3556 dei
590 3506 731 3571 genitricis
751 3505 855 3556 Marias
881 3509 1093 3568 sanctorumque
1119 3503 1307 3570 apostolorum
1326 3504 1401 3554 Petri
1427 3511 1454 3554 et
1480 3504 1561 3555 Pauli
1587 3522 1637 3557 nec
1664 3522 1718 3556 non
1744 3508 1884 3559 martirum

235 3616 347 3682 Kyliani
366 3622 448 3680 atque
468 3614 562 3664 Georii
581 3612 764 3663 stabilivimus
783 3618 811 3662 et
830 3605 1096 3671 corroboravimus‘l,
1122 3618 1152 3661 ut
1176 3619 1203 3661 et
1222 3612 1290 3661 inibi
1309 3618 1431 3662 nostrum
1451 3619 1651 3677 parentumque
1677 3619 1830 3665 nostrorum
1857 3623 1884 3666 et

236 3725 345 3774 ottonis
364 3723 438 3772 tertii
457 3719 587 3772 videlicet
606 3720 778 3786 imperatoris
798 3719 980 3769 antecessoris
999 3734 1032 3768 ac
1052 3719 1168 3768 senioris
1188 3719 1274 3768 nostri
1293 3717 1402 3768 celebre
1422 3718 1571 3769 baberetur
1589 3720 1745 3771 memoriale
1765 3727 1793 3772 et
1811 3723 1884 3789 iugis

236 3846 285 3896 pro
304 3830 430 3880 omnibus
448 3829 589 3879 ortodoxis
605 3828 695 3877 hostia
712 3830 878 3875 mactaretur
893 3823 1029 3875 salutaris.
1061 3825 1180 3875 Proinde
1197 3826 1305 3875 noverit
1323 3826 1443 3876 omniurn
1460 3827 1545 3876 nostri
1563 3825 1683 3876 fidelium
1700 3833 1755 3877 tam
1772 3845 1884 3897 presens

190 3945 217 3984 tt
236 3943 294 3987 etas
311 3952 392 4000 quarn
410 3944 437 3986 et
452 3951 615 3985 successura
632 3934 788 4001 posteritas,
805 3933 872 3997 quia
888 3948 940 3982 nos
957 3938 1067 3982 nostrae
1085 3932 1221 3997 quendam
1238 3933 1414 3998 proprietatis
1431 3931 1523 3982 locum
1540 3917 1768 3984 Sunderah0f⁰
1783 3935 1884 3986 dictum

235 4045 354 4110 inpage
376 4028 661 4113 Duuerelrgouue⁰
681 4048 708 4093 et
727 4042 755 4090 iu
774 4040 907 4090 comitatu
926 4024 1094 4088 Heinriei⁰
1117 4039 1224 4088 comitis
1250 4040 1332 4089 situm
1358 4038 1392 4088 ad
1416 4040 1531 4089 eandem
1556 4056 1640 4105 snpra
1658 4041 1759 4091 dictam
1779 4044 1884 4108 episco-

217 4116 326 4216 palem
344 4150 436 4200 sedem
449 4150 609 4199 Babenbcrc
629 4148 731 4198 dictam
751 4164 804 4197 uns
825 4162 886 4196 curn
906 4146 1031 4197 omnibus
1049 4148 1107 4196 eius
1124 4147 1296 4211 pertinentiis
1313 4147 1370 4196 sive
1388 4146 1563 4213 adherentiis,
1580 4146 1710 4198 videlicet
1726 4150 1794 4198 vicis
1811 4149 1885 4200 villis

235 4256 378 4307 aecclesiis
402 4258 490 4306 servis
517 4262 544 4305 et
569 4252 677 4304 ancillis
704 4255 774 4304 areis
800 4254 934 4304 aedificiis
959 4254 1039 4303 terris
1065 4252 1147 4303 cultis
1174 4258 1201 4303 et
1227 4251 1338 4311 incultis
1364 4255 1417 4303 viis
1442 4254 1525 4303 inviis
1551 4256 1672 4305 exitibus
1698 4261 1726 4305 et
1750 4256 1884 4307 reditibus

236 4364 367 4429 quaesitis
384 4361 427 4413 vel
445 4362 614 4426 inquirendis
631 4361 708 4412 silvis
725 4362 829 4427 saginis
843 4360 1037 4411 venationibus
1051 4362 1129 4425 aquis
1146 4360 1345 4425 piscationibus
1362 4359 1441 4411 molis
1459 4361 1622 4412 molendinis
1640 4364 1721 4413 rebus
1738 4363 1884 4414 mobilibus

189 4480 218 4521 to
236 4476 264 4521 et
282 4468 466 4521 immobilibus
485 4485 517 4520 ac
537 4470 636 4519 ceteris
655 4469 780 4520 omnibus
799 4483 853 4535 quc
873 4469 924 4517 rite
943 4468 1026 4517 scribi
1046 4473 1094 4518 aut
1112 4466 1246 4534 appellari
1265 4474 1382 4534 possunt
1401 4468 1583 4533 quoquolibet
1604 4470 1684 4521 modo
1709 4468 1883 4531 utilitatibus,

235 4578 286 4628 hac
314 4584 423 4627 nostrae
449 4577 624 4627 auctoritatis
649 4572 817 4641 praeceptali
843 4575 954 4640 pagiua,
982 4580 1064 4638 prout
1090 4574 1193 4624 firmius
1219 4590 1373 4640 possumus,
1403 4576 1536 4626 donamus
1565 4582 1648 4641 atque
1676 4578 1884 4643 proprietamus,

235 4685 355 4734 omnium
375 4683 592 4734 contradictione
611 4690 725 4739 remota,
744 4681 927 4749 precipientes
945 4681 1037 4745 igitur,
1058 4687 1087 4730 ut
1105 4682 1183 4731 nobis
1201 4682 1228 4730 in
1246 4681 1298 4731 deo
1316 4680 1434 4732 dilectus
1451 4698 1516 4749 sepe
1534 4684 1606 4753 dicte
1624 4684 1697 4734 sedis
1709 4684 1884 4735 Eberhardus

234 4792 379 4858 episcopus
393 4792 490 4855 suique
503 4805 677 4841 successores
695 4787 807 4838 liberam
827 4787 925 4837 dehinc
943 4786 1061 4838 habeant
1079 4794 1242 4853 potestatem
1261 4788 1377 4838 eundem
1396 4792 1595 4857 praescriptum
1613 4789 1703 4841 locum
1721 4777 1883 4842 sundera-

234 4883 309 4948 h0f⁶
328 4898 431 4949 dictum
451 4913 512 4946 cum
532 4898 657 4947 omnibus
677 4895 843 4962 appenditiis
863 4896 920 4944 suis
944 4895 1055 4944 tenendi
1074 4894 1233 4960 possidendi
1253 4911 1302 4945 seu
1322 4897 1454 4961 quicquid
1473 4899 1526 4947 sibi
1546 4896 1631 4948 libeat
1649 4899 1738 4949 modis
1758 4900 1883 4950 omnibus

188 5013 216 5054 tt
234 5006 261 5054 in
280 5020 359 5055 usum
380 5006 556 5071 episcopatus
575 5004 638 5054 inde
657 5003 785 5054 faciendi.
823 5002 852 5051 Si
872 5002 934 5066 quis
954 5002 1046 5067 igitur,
1072 5002 1147 5065 quod
1166 5003 1247 5061 absit,
1274 5003 1356 5052 hrrius
1376 5011 1468 5075 nostre
1495 5004 1651 5055 donationis
1672 5007 1883 5058 munificentiam

234 5112 375 5163 destruere
394 5114 453 5163 sive
471 5111 575 5162 violare
594 5118 758 5177 praesumet,
785 5111 813 5159 in
836 5109 880 5158 die
901 5108 997 5159 iudicii
1016 5124 1106 5159 coram
1133 5108 1220 5159 ocutis
1247 5111 1292 5160 dei
1318 5117 1453 5161 tormento
1479 5111 1683 5176 inextinguibili
1710 5114 1885 5165 aeternaliter

235 5217 302 5269 luat.
333 5220 414 5281 Quod
433 5235 467 5269 ne
487 5220 603 5277 eveniat,
622 5218 671 5268 sed
690 5218 757 5267 haec
777 5217 890 5267 traditio
910 5222 1003 5265 nostra
1022 5216 1056 5266 ab
1076 5217 1201 5267 omnibns
1222 5215 1420 5283 perpetualiter
1438 5217 1608 5269 inviolabilis
1627 5227 1794 5286 permaneat,
1813 5221 1881 5271 hane

234 5332 337 5376 cartam
355 5327 419 5376 inde
439 5327 621 5391 conscriptam
641 5342 722 5375 manu
742 5326 852 5392 propria
871 5325 1032 5375 roborantes
1051 5323 1135 5390 sigilli
1155 5326 1241 5374 nostri
1261 5325 1432 5390 inpressione
1453 5326 1578 5392 insigniri
1597 5327 1736 5378 iussimus.

304 5534 369 5589 011).
394 5533 424 5601 b)
445 5542 474 5586 11.
490 5550 553 5589 non.
572 5534 619 5589 iul.
638 5550 688 5586 oon
707 5536 757 5589 Ba.
772 5536 789 5587 1
804 5534 997 5599 nocbpdropen
1082 5532 1101 5600 i)
1121 5540 1164 5585 vu
1183 5533 1311 5585 calceat
1329 5534 1523 5600 nocbpdrayrn
1611 5534 1640 5599 k)
1657 5537 1700 5589 die
1718 5553 1766 5590 oon
1785 5538 1884 5591 Fece·

185 5616 216 5656 4ο
394 5607 477 5660 Bedr.
491 5610 516 5669 2,
529 5610 583 5658 306
600 5621 802 5673 saomommeae
820 5606 1017 5671 Noebtropunq
1033 5604 1079 5657 des
1097 5605 1270 5657 (inminuta
1288 5605 1447 5657 ramesen
1466 5608 1518 5657 scir
1536 5606 1609 5657 neas
1626 5624 1661 5658 sn
1679 5610 1818 5664 armna.

304 5694 368 5749 201.
394 5693 540 5764 [Bresslau]
584 5696 611 5762 a)
631 5698 656 5746 A
722 5695 750 5763 b)
768 5695 817 5745 clas
836 5696 910 5747 letata
928 5710 945 5746 o
963 5694 1019 5757 aas
1034 5694 1141 5754 Rasna:
1166 5694 1217 5759 rol.
1231 5693 1266 5748 D.
1280 5698 1334 5746 200
1353 5695 1414 5748 λῖς
1481 5694 1506 5761 c)
1531 5696 1559 5746 ia
1586 5694 1632 5761 epi
1654 5699 1689 5751 ist
1713 5699 1841 5752 zamam
1864 5716 1883 5768 p

393 5767 450 5817 aad
468 5765 477 5818 i
496 5769 536 5818 eia
557 5765 704 5818 nuceam
720 5767 875 5818 auserim
947 5764 976 5831 d)
993 5764 1059 5817 coer
1075 5766 1132 5817 dam
1155 5771 1241 5817 ersten
1260 5782 1278 5816 u
1296 5768 1352 5817 eine
1372 5765 1516 5831 chersonae
1538 5768 1630 5832 partlm
1702 5771 1728 5838 e)
1748 5772 1777 5823 in
1795 5772 1884 5835 dofris·

392 5838 525 5901 galement
543 5838 631 5890 delce
649 5852 698 5889 ron
717 5838 796 5892 Bal
811 5839 1005 5904 amtpctraom

1619 5952 1671 6003 30*
