4836 6504
1100 400 1564 458 KAISERURKUNDEN.

1275 586 1362 672 215.

499 737 680 812 Ηείπήοή
703 738 849 812 acdeolct
874 738 953 812 dem
973 739 1120 814 Klottcr
1136 739 1397 840 Niedemtbarq
1421 766 1465 813 za
1483 739 1624 813 Pascua
1650 740 1729 812 eine
1754 739 1828 812 itm
1855 738 2154 813 1001116110-

498 857 634 955 spracd
658 856 883 957 zupefalleae
908 858 1101 959 Besitzaap
1124 885 1170 933 za
1196 857 1380 954 Wodorf.
1655 885 2040 962 1090000910101000
2059 887 2106 945 19,

609 1065 852 1140 Oriqiaaldiplom
874 1066 915 1125 im
937 1066 966 1125 1.
983 1065 1191 1125 Reiclsarcliv
1212 1084 1249 1125 za
1270 1066 1413 1125 Maisolos
1437 1066 1509 1133 (A).

608 1208 789 1283 (Homnae)
812 1209 1010 1268 Tasctentact
1033 1211 1062 1279 3,
1077 1212 1120 1268 28
1139 1209 1228 1268 Eatr.
1248 1239 1293 1248 —
1311 1210 1392 1269 Mon.
1412 1210 1506 1268 Boica
1528 1212 1596 1279 28⁰,
1619 1209 1682 1269 120
1704 1211 1737 1267 a⁰
1751 1210 1814 1267 265
1836 1226 1890 1267 arat
1906 1208 1944 1267 A.
1963 1237 2008 1246 -
2025 1208 2154 1267 demer
2176 1218 2192 1259 ὅ

606 1314 678 1390 Rep.
696 1317 783 1376 1061.
807 1345 853 1354 —
875 1315 999 1390 Stampf
1016 1316 1088 1391 Req.
1106 1318 1193 1375 1531.

606 1458 666 1517 1111
688 1458 857 1534 Becutzaap
878 1478 932 1518 von
955 1458 1306 1532 1121101110εείοΜ
1326 1460 1503 1535 peaehrieben
1526 1478 1581 1518 coa
1606 1458 1670 1519 Gd.

609 1625 769 1716 (011111
792 1628 922 1691 nomine
946 1638 1079 1693 sanctae
1104 1640 1137 1692 et
1159 1627 1349 1693 individuae
1372 1628 1536 1692 trinitatis.
1581 1627 1758 1693 Heinricus
1789 1626 1902 1691 divina
1932 1626 2063 1691 favente
2088 1625 2153 1690 cle-

499 1735 622 1799 mentia
644 1757 714 1798 rex.
824 1734 860 1799 Si
883 1734 1039 1800 ecclesias
1063 1735 1117 1799 dei
1141 1737 1254 1822 eisque
1278 1734 1473 1799 famulantes
1496 1734 1606 1821 aliquo
1629 1757 1763 1799 munere
1779 1733 1796 1823 ξ
1812 1732 2034 1813 ditaverimus,
2057 1732 2152 1797 nobis

500 1840 535 1905 id
558 1864 655 1928 quam
679 1843 821 1906 maxime
844 1842 1003 1928 proficere
1032 1841 1205 1907 credimus.
1253 1841 1461 1928 Quapropter
1490 1843 1634 1905 omnium
1658 1839 1779 1906 Christi
1808 1840 1953 1905 fidelium
1983 1851 2050 1904 tam
2079 1862 2151 1926 pre-
2173 1861 2201 1899 to

500 1950 641 2013 sentium
665 1971 762 2035 quam
780 1948 965 2012 futurorum
987 1950 1115 2013 noverit
1137 1949 1344 2030 universitas,
1370 1961 1489 2027 qualiter
1513 1979 1564 2013 nos
1591 1964 1627 2013 cb
1653 1964 1794 2013 divium
1819 1977 1960 2012 amorem
1985 1968 2151 2029 nostreque

499 2070 589 2138 anime
616 2069 764 2119 remedium
782 2082 799 2113 a
827 2085 877 2119 nec
903 2085 958 2120 uon
984 2071 1189 2120 interventum
1213 2083 1230 2114 a
1258 2069 1367 2120 Eilikae
1394 2055 1532 2119 dilectae
1555 2071 1712 2120 abbatissae
1731 2072 1784 2121 sibi
1807 2086 1932 2135 auoque
1955 2055 2152 2119 monasterio

498 2177 527 2226 in
545 2177 649 2227 honore
668 2177 772 2227 domini
790 2174 938 2227 salvatoris
956 2178 1043 2227 nostri
1062 2193 1095 2227 ac
1114 2182 1227 2227 sanctae
1246 2177 1388 2242 genitricis
1406 2192 1473 2227 suae
1492 2176 1598 2227 Mariae
1618 2183 1797 2228 constructo
1817 2184 1899 2242 atque
1918 2178 1947 2228 iu
1965 2177 2152 2226 Patauieuse⁸

499 2269 631 2334 civitate
654 2268 790 2333 fundato
821 2292 916 2334 omne
944 2268 1024 2333 illud
1046 2269 1206 2356 predium,
1238 2269 1326 2356 quod
1356 2282 1466 2359 nostre
1495 2273 1586 2359 regie
1616 2272 1769 2358 potestati
1799 2270 1979 2335 secundum
2006 2268 2152 2334 iudicum

498 2374 655 2440 iudicium
687 2386 719 2439 et
748 2376 1043 2440 manifestationem
1073 2375 1225 2462 legaliter
1254 2379 1427 2459 successit,
1463 2400 1538 2441 cum
1568 2378 1717 2443 omnibus
1748 2380 1818 2442 eius
1848 2378 2052 2465 pertinentiis
2082 2377 2152 2439 sive
2173 2395 2200 2434 sa

499 2481 713 2569 appendiciis,
733 2484 830 2547 situm
849 2485 883 2547 in
902 2482 981 2547 villa
997 2483 1177 2548 Vvinidorf
1190 2485 1225 2547 in
1244 2484 1400 2548 comitatu
1415 2483 1587 2548 Adalberti
1604 2484 1731 2549 comitis
1750 2485 1784 2548 in
1803 2507 1888 2571 pago
1906 2506 1985 2548 vero
2001 2483 2152 2549 vaeini-

498 2611 606 2677 govvc
630 2589 729 2671 dicto,
753 2589 915 2676 perhanc
934 2600 1080 2654 nostram
1099 2590 1320 2678 preceptalem
1343 2592 1498 2677 paginam
1521 2591 1730 2655 concedimus
1754 2602 1852 2678 atquc
1875 2591 2033 2677 largimur
2055 2602 2088 2654 et
2110 2588 2152 2653 de

499 2706 608 2760 nostro
627 2697 697 2760 iure
718 2719 757 2761 ac
776 2695 919 2762 dominio
938 2699 973 2761 in
992 2698 1062 2761 eius
1081 2698 1132 2761 ius
1151 2708 1184 2761 et
1203 2697 1382 2761 dominium
1402 2699 1533 2763 omnino
1552 2698 1821 2781 tranfundimus⁸‚
1841 2729 1875 2763 es
1892 2713 1993 2778 quippe
2010 2712 2117 2762 ratione
2134 2723 2151 2754 s

500 2824 530 2867 ut
552 2803 701 2889 predicta
724 2802 891 2867 abbatissa
909 2835 993 2883 seque
1012 2819 1213 2883 subsequentes
1232 2819 1371 2887 abbatisse
1391 2820 1425 2869 de
1445 2821 1654 2885 prenominato
1680 2804 1794 2892 predio
1821 2820 1936 2883 eiusque
1960 2818 2154 2869 utilitatibus

500 2924 598 2974 debinc
618 2922 731 2973 liberam
748 2925 868 2975 habeant
884 2932 1050 2990 potestatem
1067 2920 1218 2990 quicquidl‘
1239 2913 1286 2975 eis
1303 2939 1320 2970 a
1341 2925 1478 2992 placuerit
1493 2926 1622 2987 faciendi,
1642 2928 1761 2978 omnium
1778 2927 1918 2978 hominum
1935 2926 2153 2976 contradictione
2173 2939 2202 2978 aa

499 3037 614 3082 remota.
651 3032 686 3081 Et
705 3038 736 3081 ut
754 3032 804 3101 hec
823 3039 915 3102 nostre
936 3017 1120 3083 donationis
1144 3034 1294 3083 auctoritas
1317 3033 1424 3083 stabilis
1445 3040 1472 3083 et
1490 3033 1653 3083 inconvulsa
1672 3035 1745 3084 omui
1765 3039 1924 3100 parmaneat
1941 3040 2075 3098 tempore,
2100 3033 2154 3083 hoc

500 3146 660 3205 preceptum
678 3139 741 3188 iuda
761 3140 946 3205 conscriptam
964 3156 1047 3190 manu
1067 3141 1179 3205 propria
1197 3141 1407 3191 corroborantes
1425 3139 1518 3205 sigillo
1537 3148 1631 3191 nostro
1649 3142 1775 3206 insigniri
1794 3142 1929 3191 iussimus.

607 3255 625 3345 ᾖ
648 3256 786 3343 Signum
809 3258 918 3322 domni
941 3258 1090 3322 Heinrici
1114 3266 1178 3338 (M.)
1202 3261 1289 3345 regis
1312 3260 1529 3323 invictissimi.
1553 3258 1570 3348 ξ

607 3397 625 3488 ξ
649 3398 850 3464 Guntherius
874 3400 1089 3465 cancellarius
1112 3402 1186 3466 vice
1205 3400 1371 3487 Uuilligisi
1394 3401 1672 3488 archicappellani
1694 3403 1830 3467 notavit
1854 3400 1872 3490 ξ
1990 3409 2047 3479 (sl.
2066 3409 2109 3479 2.)

608 3542 698 3607 Data
716 3557 792 3606 XIII.
811 3542 878 3606 kal.
898 3544 974 3607 mai.
994 3543 1172 3609 indictione
1188 3558 1265 3626 VIII,
1285 3566 1370 3608 anuo
1390 3542 1553 3631 dominice
1572 3545 1805 3608 incarnationis
1823 3543 1993 3608 millesimo
2009 3559 2043 3625 X,
2068 3567 2157 3610 anno
2176 3571 2205 3609 aa

503 3672 580 3714 vero
604 3649 715 3714 domni
737 3648 887 3714 Heinrici
911 3648 1048 3714 secundi
1070 3652 1236 3736 regnantis
1253 3665 1334 3733 VI113
1366 3661 1474 3715 actum
1497 3649 1747 3736 Regenesburc;
1778 3649 1918 3714 feliciter
1939 3672 2045 3714 amen.

1284 3951 1370 4037 216.

502 4105 680 4179 Heinrich
710 4104 857 4179 cedmalct
890 4105 969 4178 dem
1004 4104 1151 4179 Kloster
1175 4105 1436 4206 Medeonburp
1469 4132 1514 4178 zu
1539 4104 1681 4179 Pascua
1714 4106 1773 4178 die
1810 4103 1897 4181 Orte
1922 4104 2157 4202 Aufilenam,

503 4224 711 4299 Oufhoven
738 4225 818 4298 aad
841 4224 1003 4324 Ircdiap.
1657 4252 1841 4328 10900000
1859 4254 1938 4313 1010
1952 4251 2043 4326 spat
2060 4253 2109 4311 19,

609 4432 761 4503 Alsctrift
789 4450 843 4491 aaa
872 4432 935 4491 dan
964 4433 1011 4491 13.
1032 4432 1086 4492 Jlt.
1117 4432 1158 4490 ira
1190 4431 1421 4507 Niedetubarper
1446 4428 1619 4505 Copiulbttclt
1649 4432 1735 4502 f.96
1764 4431 1805 4489 im
1833 4430 1861 4489 1.
1883 4429 2091 4489 Reicltsareltiv
2120 4448 2158 4489 aa
2176 4452 2206 4491 aa

609 4539 752 4598 Moneta
775 4539 846 4606 (B).

609 4682 775 4756 Bacdinper
803 4682 902 4741 (tesca
927 4701 982 4741 voa
1009 4681 1124 4741 Passus
1152 4683 1259 4751 1,120
1281 4681 1328 4740 cit.
1359 4708 1403 4719 —
1438 4680 1518 4739 Mos.
1544 4679 1638 4739 Boica
1666 4681 1730 4750 31⁰,
1752 4682 1816 4738 285
1838 4682 1871 4738 a⁰
1885 4680 1945 4738 116
1971 4697 2024 4737 aas
2047 4679 2087 4739 Β.
2112 4706 2156 4718 -

610 4789 734 4863 Stampf
751 4789 823 4863 Rep.
843 4790 929 4847 1532.

610 4931 711 4991 ladem
739 4931 786 4990 dic
812 4930 948 4990 Urlruudc
976 4932 1020 4989 bis
1049 4932 1110 5002 auf
1133 4931 1186 4989 deu
1215 4948 1297 5004 prosa
1324 4930 1493 5004 pedruclttea
1520 4930 1603 4988 Tacit
1632 4929 1684 4988 der
1705 4928 1869 5003 Dispositio
1899 4928 2030 5002 lediytict
2060 4929 2156 4987 lfact-

609 5039 726 5113 bildanp
747 5058 802 5097 voa
825 5037 866 5096 D.
882 5040 944 5097 215
972 5039 1021 5107 ist,
1050 5038 1143 5097 dieser
1171 5037 1359 5110 selbstdudiye
1385 5036 1467 5094 Tleil
1497 5037 1565 5095 aber
1593 5037 1687 5095 sana
1709 5036 1842 5110 Fussuap
1870 5035 1942 5094 noel
1971 5034 2065 5094 wedcr
2093 5036 2157 5094 dem
2175 5057 2204 5098 aa

611 5147 665 5207 GA
695 5147 766 5205 noct
795 5146 885 5204 anon
908 5146 1032 5204 anderen
1054 5162 1108 5202 uns
1130 5145 1284 5203 atanasi
1310 5143 1562 5202 Kanzleibeamtea
1589 5144 1642 5201 mit
1670 5142 1891 5218 irpeadwelcder
1913 5141 2072 5200 Sicherhes‘t
2102 5142 2156 5200 bei·

608 5256 697 5329 peleqt
718 5254 831 5312 werden
850 5253 939 5322 lana,
962 5253 1090 5311 enitent
1104 5251 1151 5310 die
1166 5250 1298 5308 Eoltdeit
1313 5269 1367 5308 voa
1383 5248 1424 5307 D.
1441 5251 1503 5307 216
1518 5251 1608 5308 colles·
1625 5249 1757 5309 Getcdlu.
1797 5248 1881 5307 Doclt
1895 5249 1973 5307 laun
1988 5249 2158 5323 wenipsteaa

609 5362 662 5421 der
688 5361 837 5429 Untstand,
866 5360 934 5418 dass
955 5360 987 5417 ia
1010 5356 1236 5417 D0.II.1670
1258 5357 1318 5415 und
1344 5357 1376 5414 ia
1398 5357 1451 5415 dea
1475 5355 1547 5416 DD.
1573 5356 1697 5431 Stampf
1714 5356 1785 5431 Rep.
1802 5357 1885 5414 2132
1907 5355 1967 5414 aad
1988 5357 2071 5414 2633
2093 5356 2158 5415 dem

610 5469 744 5527 Rittium
768 5467 884 5525 Pastas
906 5467 967 5524 auc
989 5467 1064 5522 villa
1087 5464 1211 5522 Ufhusa
1238 5463 1369 5537 1031111101
1397 5464 1484 5531 wird,
1514 5464 1592 5522 111111
1621 5465 1666 5522 als
1688 5463 1813 5538 Zoana
1841 5481 1925 5537 yepes
1953 5461 2000 5520 die
2022 5462 2159 5522 Bastar

609 5573 787 5634 ansermi).
812 5573 968 5648 anpefriltrt
997 5570 1118 5630 werdm
1165 5569 1251 5628 Deua
1279 5570 1333 5628 dua
1361 5571 1393 5628 in
1423 5570 1563 5628 letzterem
1591 5574 1729 5645 pensante
1751 5569 1922 5640 deflesset
1951 5568 1992 5627 ist
2023 5568 2079 5628 das
2109 5589 2159 5629 am
2176 5592 2207 5630 so

574 5760 638 5816 215.
664 5759 811 5830 [Bresslau]
849 5775 865 5810 a
895 5759 921 5810 A
997 5757 1026 5824 b)
1045 5740 1147 5829 quicdd
1165 5757 1200 5811 A.
