4760 6512
809 453 1048 512 HEINRICH
1069 457 1108 513 11.
1151 456 1246 514 1013.
1813 451 1876 514 299

227 644 336 729 parius
370 651 548 706 memorato
583 639 625 705 ab
660 640 921 706 antecessoribus
956 644 1023 707 suis
1078 645 1222 709 omnium
1267 644 1412 709 fidebam
1457 656 1640 710 nostrorum
1677 647 1875 730 presentium

227 734 372 831 collecta,
403 770 461 813 suo
492 770 621 835 quoque
653 749 785 834 ingenio
817 750 961 813 maxime
991 761 1024 815 et
1078 751 1204 815 scilicet
1226 762 1260 816 et
1281 752 1463 817 futurorum
1485 762 1662 838 cognoscat
1684 751 1875 833 industria⁸,

227 856 381 921 decenter
410 854 577 920 elaborata
600 868 790 920 cunctorum
820 853 943 920 ibidem
967 880 1022 920 vo·
1078 857 1218 945 qualiter
1240 859 1292 922 vir
1314 856 1512 923 venerabilis
1531 858 1785 923 Bernuuardusb
1809 860 1876 946 cpi-

227 962 382 1027 luminum
405 963 528 1049 scripta
549 985 653 1027 vorax
677 964 762 1049 ignis
786 961 965 1045 absorbuit,
989 964 1023 1028 in
1077 988 1196 1051 scopus
1227 988 1269 1029 ex
1293 964 1414 1052 oppido
1445 967 1520 1053 qui⁰
1543 976 1682 1030 vocatur
1703 965 1875 1030 Hildenes-

194 1071 367 1133 scinerem
402 1091 544 1156 namque
579 1081 698 1134 cuncta
731 1069 868 1155 redegit.
926 1070 1022 1135 Unde
1077 1071 1162 1155 hem,
1187 1074 1261 1158 qui⁰
1294 1082 1344 1136 est
1373 1073 1407 1136 in
1437 1095 1522 1159 pago
1545 1072 1674 1137 Astfala
1697 1074 1730 1136 in
1754 1071 1875 1137 honore

225 1176 369 1261 prefatus
407 1174 461 1239 ille
500 1176 649 1262 pontifex
692 1174 836 1262 regalem
878 1188 1023 1242 nostram
1077 1189 1210 1243 sanctae
1240 1178 1365 1243 Mariae
1399 1201 1498 1265 super
1531 1177 1666 1243 fluvium
1695 1178 1874 1261 Indisthad,

224 1283 373 1346 exoravit
397 1281 613 1363 clementiam,
636 1293 673 1347 ut
694 1285 926 1348 monasterium
950 1306 1022 1370 pre·
1076 1288 1213 1351 veniens
1232 1285 1275 1350 ad
1293 1308 1353 1350 nos
1371 1284 1566 1373 deprecatus
1586 1296 1635 1350 est
1650 1285 1875 1351 celsitudinem

224 1388 345 1453 dictum
380 1412 479 1474 super
513 1390 617 1475 ripam
652 1387 744 1453 fluvii
774 1389 917 1455 Indrista
946 1413 1022 1456 con·
1076 1404 1230 1473 nostram,
1254 1404 1290 1457 ut
1312 1392 1472 1479 prefatam
1496 1392 1691 1457 aecclesiam
1715 1415 1789 1458 cum
1812 1393 1875 1458 fra-

223 1506 379 1561 structum
403 1495 464 1560 sub
487 1497 658 1561 tuitionem
681 1508 825 1562 nostram
844 1509 877 1563 et
895 1499 1022 1564 mundi·
1076 1498 1180 1564 tribus
1197 1498 1318 1565 ibidem
1339 1498 1402 1564 deo
1418 1498 1651 1565 famulantibus
1667 1523 1725 1586 pro
1745 1511 1875 1565 nostrae

180 1629 205 1666 ιο
223 1601 786 1690 burdiumreciperemusipsamque
796 1606 1021 1691 parroechiam
1076 1606 1238 1671 mercedis
1257 1608 1457 1671 incremento
1477 1605 1538 1671 sub
1556 1618 1667 1671 nostra
1685 1605 1874 1672 defensione

222 1708 349 1774 Arnulfi
376 1712 463 1797 regis
487 1721 520 1775 et
540 1710 752 1775 Hlothouuici
776 1722 1022 1799 ceterorumque
1077 1724 1110 1778 et
1127 1714 1339 1778 immunitatis
1358 1714 1493 1778 tuitione
1513 1715 1742 1800 reciperemus.
1774 1713 1875 1780 Cuius

223 1827 466 1881 antecessorum
488 1828 673 1882 nostrorum
696 1818 940 1884 confirmatione
964 1843 1022 1885 seu
1076 1821 1272 1907 peticionem
1304 1821 1382 1907 quia
1411 1821 1529 1885 iustam
1559 1821 1628 1886 fore
1653 1822 1874 1907 cognovimus,

223 1923 412 1989 defensione
442 1925 477 1988 in
500 1947 584 2011 pago
608 1926 677 1989 sive
702 1926 873 2011 provincia
894 1925 1021 1991 Astfalo
1076 1949 1246 1991 assensum
1269 1925 1407 2014 prebere
1426 1949 1491 1992 non
1509 1929 1702 2013 negavimus
1725 1940 1767 2008 et,
1792 1929 1875 1993 sicut

224 2030 273 2093 his
297 2029 461 2095 liminibus
485 2030 538 2095 vel
557 2033 724 2095 terminis⁸
748 2034 954 2119 assignitam:
980 2033 1020 2097 de
1076 2036 1202 2121 petivit,
1233 2056 1292 2120 per
1321 2033 1382 2098 hoc
1412 2045 1543 2098 nostrae
1574 2036 1776 2099 auctoritatis
1803 2058 1874 2122 pre-

179 2160 204 2199 ιι
224 2136 294 2201 loco
311 2138 367 2223 qui
383 2137 789 2226 diciturWetanspaeckie
805 2140 838 2203 in
851 2139 1020 2222 Scuntere‚
1076 2152 1207 2228 ceptum
1219 2140 1413 2206 confirmare
1429 2140 1621 2206 studuimus.
1649 2142 1874 2228 Precipientes

223 2243 298 2308 inde
319 2244 484 2327 Ouekarc‚
504 2246 552 2309 sic
569 2244 758 2327 Rotanbiki,
775 2245 1021 2311 Uuidukindes-
1075 2270 1154 2334 ergo
1185 2246 1349 2329 iubemus,
1384 2258 1421 2312 ut
1453 2248 1561 2312 nullus
1592 2248 1693 2312 iudex
1723 2247 1874 2336 publicus

208 2350 392 2440 speckian,
423 2351 508 2417 ultra
531 2351 717 2434 Indristam,
740 2352 1020 2435 Lullanbrunnan,
1075 2377 1182 2442 neque
1206 2353 1361 2441 quislibet
1383 2377 1426 2419 ex
1445 2354 1619 2419 iudiciaria
1637 2366 1796 2442 potestate
1816 2379 1873 2420 seu

222 2458 306 2523 ultra
335 2458 560 2541 Kaminadan,
589 2457 891 2542 Uuicberdesdene,
921 2460 1021 2525 Unic-
1075 2461 1194 2548 aliquis
1217 2483 1260 2526 ex
1282 2460 1434 2525 fidelibus
1458 2474 1591 2529 sanctae
1616 2461 1669 2526 dei
1693 2462 1873 2527 aecclesiae

222 2563 479 2647 bertesbuntian,
507 2567 540 2629 in
563 2565 718 2648 Aeterne,
742 2567 818 2631 inde
842 2569 875 2631 in
899 2568 1021 2632 fontem
1075 2591 1114 2633 ac
1138 2569 1256 2633 nostris
1279 2569 1314 2631 in
1337 2568 1514 2633 aecclesias
1537 2568 1611 2634 loca
1628 2569 1682 2633 vel
1700 2592 1797 2655 agros
1816 2592 1874 2634 seu

177 2696 204 2733 sc
223 2673 278 2757 qui
297 2671 416 2736 dividit
432 2672 594 2758 Hratigan
614 2684 647 2738 et
665 2673 818 2755 Fleuitbi,
838 2676 872 2738 in
891 2673 1020 2755 Audan,
1075 2674 1244 2764 r[eli]qnas
1263 2676 1496 2761 possessiones,
1519 2699 1600 2763 quas
1619 2676 1776 2741 moderno
1795 2688 1874 2741 tern-

222 2777 298 2843 inde
327 2780 361 2842 in
390 2778 532 2865 Risberg
567 2778 624 2843 ubi
655 2779 779 2844 Graeni
818 2793 850 2845 et
880 2781 1021 2846 Flenithi
1075 2805 1154 2869 pore
1170 2783 1254 2846 iuste
1271 2792 1303 2845 et
1318 2780 1555 2846 rationabiliter
1565 2782 1733 2868 possidere
1744 2783 1876 2848 videtur

222 2885 428 2966 dividuntur,
471 2887 517 2950 sic
560 2909 620 2972 per
657 2887 949 2975 Kaminadanberg
987 2890 1020 2952 in
1075 2890 1109 2953 in
1133 2887 1271 2976 quibus⁰
1295 2888 1389 2974 pagis
1411 2887 1466 2951 vel
1493 2889 1673 2970 territoriis,
1704 2890 1756 2955 vel
1786 2890 1874 2977 quic-

222 2993 375 3074 Aetcme‚
396 2991 472 3058 inde
492 2993 640 3075 Licinne,
662 2995 696 3057 in
716 2996 823 3059 rivum
844 2996 900 3082 qui
921 2997 1022 3061 currit
1076 2995 1155 3082 qnid
1190 2995 1346 3081 deinceps
1385 3005 1519 3081 propter
1556 2994 1703 3060 divinum
1743 2999 1873 3061 ettiam⁰

223 3101 307 3164 inter
328 3098 588 3187 Aedingahusun
616 3114 648 3165 et
670 3100 959 3184 Aerdisteshusun‚
987 3105 1021 3166 in
1075 3124 1218 3167 amorem
1242 3100 1365 3166 ibidem
1389 3101 1542 3166 collatum
1561 3102 1668 3185 fuerit,
1693 3103 1735 3167 ad
1759 3126 1874 3168 causas

178 3227 204 3267 aa
223 3206 351 3288 Salteri,
376 3208 423 3271 sic
446 3230 506 3292 per
527 3207 765 3289 Bunikanroht,
796 3232 856 3295 per
878 3221 1020 3274 montem
1075 3208 1256 3274 audiendas
1287 3208 1342 3272 vel
1374 3207 1467 3272 freda
1499 3208 1664 3295 exigenda
1695 3234 1753 3276 seu
1785 3234 1874 3276 nran-

224 3312 368 3399 ngleri‚
393 3313 469 3378 inde
488 3315 642 3402 Burgripi
667 3327 699 3379 ct
721 3338 781 3402 per
804 3317 1021 3381 summitatem
1076 3318 1183 3381 siones
1207 3315 1376 3380 faciendas
1406 3328 1464 3380 aut
1485 3315 1692 3381 fideiussores
1716 3318 1874 3383 tollendos

224 3418 325 3505 Gigat
353 3419 396 3484 ad
425 3418 677 3507 cobbanbergb‚
709 3421 786 3486 inde
818 3421 1020 3503 Crumbiki⁰,
1075 3435 1132 3488 aut
1147 3421 1294 3488 homines
1313 3423 1415 3509 ipsius
1435 3423 1616 3487 aecclesiae
1632 3435 1699 3488 tam
1715 3426 1874 3510 ingenuos

224 3525 389 3592 Sidemnid
419 3538 456 3591 ut
485 3527 556 3592 fons
589 3527 703 3592 defluit
735 3542 767 3593 et
796 3530 850 3593 ria
882 3529 1021 3615 quedam
1075 3531 1194 3594 iniuste
1226 3553 1323 3617 quam
1354 3542 1386 3594 et
1417 3552 1528 3594 servos
1559 3530 1798 3617 distringendos
1822 3533 1874 3597 vel

223 3633 340 3698 dividit
370 3656 473 3721 usque
501 3634 777 3722 Elcraegisprig⁰‚
812 3636 866 3700 ille
902 3635 1021 3701 fluvius
1075 3637 1158 3701 ullas
1188 3636 1400 3701 redibitiones
1433 3647 1489 3701 aut
1520 3636 1650 3701 illicitas
1686 3640 1874 3703 occasiones

179 3760 205 3799 so
224 3742 257 3804 in
280 3740 426 3827 Laegine
457 3751 490 3805 et
519 3741 573 3805 ille
603 3764 707 3829 usque
730 3743 764 3805 in
787 3741 895 3807 locum
919 3743 1021 3829 Tigif-
1076 3744 1309 3831 requirendas‘
1326 3743 1391 3808 ullo
1411 3765 1565 3830 umquam
1584 3756 1730 3831 ternpore
1746 3745 1872 3832 ingredi

224 3847 326 3933 leges,
357 3847 433 3911 inde
456 3847 671 3934 Kananburg,
696 3848 913 3931 Mesenstene‚
945 3850 1021 3915 inde
1076 3850 1197 3916 audeat
1231 3851 1283 3916 vel
1318 3873 1359 3915 ca
1393 3873 1477 3937 quae
1513 3851 1662 3937 superius
1697 3866 1874 3917 memorata

224 3977 326 4041 usque
350 3953 635 4041 Geueringauueg‚
655 3955 867 4037 Uuillansole,
889 3958 922 4021 in
941 3957 1021 4022 Uni·
1077 3970 1151 4022 sunt
1184 3968 1337 4021 exactare
1370 3969 1546 4043 presumat.
1600 3956 1668 4023 Sed
1699 3958 1797 4023 liceat
1829 3959 1873 4024 illi

224 4060 382 4126 kinabroc
427 4072 460 4125 ct
504 4063 537 4125 in
584 4061 691 4126 lacurn
739 4064 772 4127 in
818 4063 1021 4129 occidentem
1077 4066 1209 4151 suisque
1255 4062 1302 4127 ibi
1348 4062 1503 4128 subiectis
1549 4063 1611 4129 deo
1657 4066 1875 4130 servientibus

226 4167 475 4250 Uuesterkiellu,
511 4170 544 4232 in
577 4168 683 4259 Elere,
718 4169 795 4233 inde
827 4193 887 4257 per
910 4169 1020 4235 Gelbi-
1077 4170 1203 4237 clericis
1228 4169 1288 4234 sub
1312 4181 1423 4235 nostra
1446 4170 1635 4236 defensione
1667 4184 1699 4236 et
1727 4174 1874 4238 immuni-

179 4293 206 4333 ea
224 4275 407 4339 kiessathas
423 4276 456 4339 in
472 4275 734 4362 Eggrikesuueg
755 4276 832 4341 inde
848 4278 1020 4363 Egsuithe-
1076 4279 1151 4343 tatis
1167 4279 1302 4342 tuitione
1319 4279 1428 4364 quieto
1444 4280 1572 4343 tramite
1592 4278 1713 4343 ibidem
1730 4281 1874 4346 residere

224 4381 383 4461 brunnam
414 4383 461 4446 sic
491 4382 661 4465 Ehnenau,
685 4383 870 4448 Arunbiki⁸
901 4398 933 4449 et
963 4408 1023 4471 per
1076 4397 1109 4449 et
1139 4408 1196 4471 pro
1228 4383 1321 4448 nobis
1352 4398 1384 4450 et
1415 4387 1553 4472 coniuge
1583 4387 1737 4473 proleque
1764 4401 1874 4453 nostra

226 4487 434 4553 Isinnebroch
458 4489 490 4552 in
514 4489 633 4554 Aelere
665 4502 697 4555 et
719 4491 827 4555 Heldc
858 4503 891 4556 et
912 4492 1021 4557 Druh·
1077 4515 1134 4556 seu
1164 4515 1222 4578 pro
1254 4491 1451 4557 stabilitate⁸
1479 4495 1584 4558 tocius
1614 4495 1743 4582 imperii
1773 4499 1872 4560 nostri

224 4594 366 4659 therbiki
395 4608 428 4659 et
450 4619 509 4682 per
532 4598 620 4661 viam
644 4598 831 4662 orientalem
856 4600 889 4662 in
913 4599 1020 4664 Uuec-
1076 4622 1095 4662 a
1119 4598 1182 4663 deo
1201 4598 1295 4664 nobis
1315 4601 1462 4664 concessi
1482 4612 1514 4664 et
1534 4603 1603 4665 eius
1623 4602 1874 4667 clementissima

224 4701 311 4783 bani,
347 4704 380 4766 in
410 4702 596 4785 Dasanhec‚
631 4705 665 4768 in
694 4705 871 4770 Euurcssol
907 4717 940 4770 et
974 4708 1021 4771 sic
1075 4707 1283 4770 miseratione
1316 4720 1474 4793 perpetuo
1510 4708 1726 4772 conservandi
1756 4711 1876 4795 iugiter

178 4827 206 4867 so
224 4808 545 4896 Uuetanspaeckian.
592 4810 699 4891 Quam
722 4813 919 4897 peticionem
944 4814 1022 4899 quia
1077 4811 1198 4877 domini
1223 4813 1480 4878 misericordiam
1505 4836 1641 4879 exorare
1666 4827 1698 4880 ct
1719 4819 1874 4902 possessi·

224 4918 340 4981 iustam
365 4939 436 4981 esse
461 4918 683 5003 cognovimus,
711 4920 898 5005 neutiquam
924 4918 1021 4984 dene·
1076 4917 1193 4982 onibus
1224 4920 1288 4983 iam
1319 4919 1361 4984 ad
1392 4943 1463 4984 eam
1495 4920 1620 4985 collatis
1643 4922 1696 4986 vel
1720 4923 1875 5011 deinceps

224 5174 307 5229 256⁰.
331 5173 478 5244 tassetan]
515 5178 542 5243 a)
561 5192 576 5227 r
594 5176 658 5227 aber
675 5176 724 5227 der
739 5177 809 5228 Zeila
827 5177 1022 5243 monestrum
1076 5176 1159 5233 256⁶.
1186 5176 1332 5248 [Breaslau]
1370 5182 1396 5243 a)
1414 5179 1441 5231 in
1460 5180 1516 5244 aas
1531 5180 1625 5232 Rarus·
1677 5181 1705 5249 b)
1724 5181 1775 5233 dos
1789 5186 1878 5240 coreas

331 5210 360 5313 b)
380 5249 413 5310 A,
435 5252 500 5299 stott
517 5248 562 5299 des
580 5248 710 5313 raetiam
729 5245 916 5317 Cobbanbrug
933 5249 1023 5313 (heuto
1184 5267 1202 5301 u
1220 5266 1291 5302 corr.
1310 5268 1395 5304 ausa
1469 5256 1495 5315 c)
1515 5252 1550 5303 Α1
1625 5250 1654 5319 d)
1673 5268 1685 5303 s
1703 5269 1772 5307 corr.
1792 5272 1877 5307 ausr

332 5318 560 5385 Coppmbrttppc),
578 5319 629 5371 aas
641 5320 684 5370 dte
700 5322 730 5371 in
746 5321 795 5371 der
809 5320 1022 5387 Verbemerkuny
1184 5322 1209 5388 e)
1225 5322 1271 5386 ΔΙ,
1290 5329 1355 5375 molt
1370 5321 1532 5390 quibusque,
1556 5322 1724 5391 quibuslibet
1739 5325 1802 5376 oder
1817 5327 1876 5393 qui-

179 5396 207 5435 ⁴⁶
331 5390 509 5513 m?
525 5391 909 5528 ffitmtmltt
920 5393 1022 5516 ‘sm
1183 5393 1366 5529 utrm
1385 5392 1875 5529 frtfbdtfftt‘tlffmwffl

331 5530 399 5595 biri,
422 5535 471 5583 aa
488 5478 603 5585 fasma
621 5482 726 5598 asban
806 5534 835 5601 a)
854 5533 976 5588 suenus
997 5538 1021 5585 o
1182 5482 1202 5533 Β
1570 5500 1580 5518 ’
1715 5520 1721 5533 ‘
1757 5486 1840 5533 mm

331 5604 357 5671 e)
367 5604 457 5670 dccl
465 5604 501 5665 G,·
512 5604 581 5656 sach
589 5605 762 5671 Mrttbes‘lunq
768 5605 927 5660 Sobroeders
936 5609 971 5659 ist
979 5608 1022 5659 die

330 5676 491 5739 zutrcffende
502 5676 586 5727 Form
598 5674 820 5747 Eleraegispring
874 5678 941 5741 ild,
957 5686 1022 5731 statt

332 5743 484 5814 Tigislege,·
509 5744 647 5816 Tigislehc
666 5748 691 5798 G
771 5754 800 5817 g)
824 5765 862 5801 un
887 5750 951 5802 ster
974 5751 1024 5802 der·

331 5817 403 5869 Zeia
412 5817 606 5884 nacbpctrnqea
642 5816 673 5887 h)
683 5817 874 5883 Isumdebrok‚
884 5818 986 5873 [sunda
998 5823 1022 5872 (ι’
