4798 6486
851 469 1103 530 ,uolumen
1131 471 1171 526 11.
1212 468 1307 527 1017.
1851 464 1915 527 477

261 660 325 724 viis
349 668 383 723 et
405 658 503 722 inviis
527 656 670 722 exitibus
694 667 727 722 et
748 655 908 723 reditibus
932 658 1068 746 quesitis
1092 667 1125 721 et
1146 655 1359 744 inquirendis.
1405 655 1548 721 Proinde
1578 655 1692 721 audita
1714 666 1747 721 et
1770 655 1916 721 conside·

262 775 334 830 rata
355 775 567 851 utrorumque
590 764 755 851 presulum
779 765 813 828 in
836 764 1026 830 alterutrum
1049 764 1209 851 legittima
1237 762 1428 847 tradicione,
1459 774 1492 828 et
1521 764 1600 850 quia
1628 761 1811 850 predictum
1841 785 1916 827 con·

264 869 428 938 cambium
450 880 556 935 ratum
580 880 613 935 et
634 869 834 935 racionabile
857 893 930 935 esse
957 894 1001 936 ex
1023 881 1161 957 utraque
1191 879 1284 956 parte
1314 880 1424 934 nostre
1455 868 1650 934 discrecioni
1681 880 1827 956 apparet,
1857 892 1918 956 per

263 978 348 1043 hanc
364 978 466 1042 nostri
481 975 659 1063 imperialis
674 978 823 1064 precepti
838 978 993 1064 paginam
1009 978 1137 1064 utrique
1154 975 1303 1058 ecclesio,
1327 975 1414 1063 quod
1434 986 1547 1041 mutua
1566 974 1747 1040 tradicione
1764 974 1916 1040 collatum

226 1096 322 1166 sest,
354 1083 583 1149 confirmamus
613 1094 646 1148 et
675 1080 922 1148 corroboramus
952 1086 987 1147 in
1016 1095 1209 1171 perpetuum
1239 1081 1362 1147 babere
1392 1092 1425 1147 et
1454 1093 1567 1147 tenere
1594 1092 1627 1147 et
1649 1081 1692 1146 ad
1714 1083 1765 1146 ius
1788 1092 1822 1147 et
1843 1104 1916 1169 pro·

262 1193 434 1278 prietatem
456 1201 523 1254 tam
547 1191 627 1254 istos
650 1212 748 1277 quam
771 1212 977 1255 successores
1001 1212 1112 1254 eorum
1142 1188 1289 1276 presules
1319 1211 1377 1254 sue
1397 1179 1544 1254 ⁸ecclesie
1575 1199 1647 1253 rata
1671 1199 1704 1253 et
1726 1187 1918 1252 inconvulsa

263 1296 441 1362 stabilitere
464 1295 643 1383 possidere,
668 1319 708 1361 ea
730 1295 884 1361 videlieet
905 1297 1037 1361 racione
1060 1308 1096 1360 ut
1117 1308 1184 1360 tam
1203 1295 1343 1381 predicti
1361 1295 1507 1382 presules
1527 1317 1690 1382 quamque
1711 1317 1917 1360 successores

264 1426 375 1469 eorum
398 1402 536 1467 liberam
559 1402 704 1467 habeant
732 1414 926 1490 potestatem
957 1402 998 1467 de
1029 1401 1190 1483 omnibus,
1221 1423 1285 1488 que
1315 1403 1464 1489 superius
1495 1401 1730 1489 comprehensa
1759 1413 1843 1485 sunt,
1874 1402 1918 1467 ad

262 1534 358 1575 usum
393 1521 426 1575 et
458 1510 629 1575 utilitatem
665 1533 797 1575 suarum
832 1510 1045 1575 ecclesiarum
1080 1508 1252 1574 ordinandi
1287 1507 1508 1573 commutandi
1546 1517 1579 1572 et
1613 1507 1770 1597 quidquid
1806 1531 1916 1573 eorum

219 1643 246 1683 ro
264 1617 448 1682 decreverit
470 1616 621 1682 voluntas
644 1616 798 1699 faciendi,
822 1617 967 1681 omnium
990 1616 1156 1681 hominum
1186 1615 1280 1701 regni
1302 1615 1405 1679 nostri
1428 1613 1670 1679 contradioione
1694 1624 1828 1679 remota.
1875 1615 1919 1679 Et

264 1735 300 1788 ut
322 1724 384 1788 bec
406 1735 516 1788 nostre
540 1723 742 1788 auctoritatis
765 1724 887 1809 pagina
909 1723 998 1787 omni
1022 1733 1166 1809 tempore
1190 1719 1316 1786 stabilis
1343 1731 1377 1786 et
1398 1719 1592 1785 inconvulsa
1613 1732 1814 1807 permaneat,
1845 1743 1917 1786 eam

264 1853 363 1895 manu
386 1831 519 1918 propria
541 1829 732 1894 roborantes
756 1829 854 1915 sigilli
878 1830 979 1894 nostri
1002 1830 1216 1916 impressione
1240 1829 1392 1893 iussimus
1414 1827 1574 1914 insigniri.

372 1972 509 2058 Signum
533 1980 598 2051 (M.)
623 1970 746 2036 domini
768 1970 917 2036 Heinrici
940 1971 1147 2036 invictissimi
1170 1969 1396 2057 imperatoris‘1
1418 1970 1557 2056 augusti.

372 2112 588 2179 Ountberius⁶
605 2113 819 2178 cancellarius
835 2113 1048 2178 auennute‘
1064 2111 1307 2177 Erobanbaldi⁸
1326 2111 1566 2199 archiepiscopi
1586 2123 1619 2177 et
1636 2111 1918 2177 archicancellarii

221 2245 248 2286 u
265 2221 465 2307 recognovit.

371 2353 468 2418 Anno
485 2353 646 2418 dominice
663 2353 902 2421 incarnacionis
917 2352 1088 2418 millesimo
1104 2366 1191 2433 XVII,
1208 2351 1462 2434 indictionem,
1484 2374 1570 2417 anno
1585 2373 1664 2417 vero
1684 2353 1778 2438 regni
1796 2351 1919 2417 domini

264 2461 402 2527 Henriei
424 2461 629 2547 imperatoris
653 2462 782 2547 augusti
804 2475 880 2544 xm,
904 2460 1033 2547 imperii
1056 2481 1134 2524 vero
1152 2473 1224 2543 11113
1249 2468 1357 2524 actum
1375 2472 1438 2523 vn.
1458 2458 1523 2523 kal.
1543 2456 1730 2523 novembris
1748 2457 1916 2543 Altstetin3

264 2568 405 2633 feliciter
425 2590 532 2633 amen.

1042 2795 1138 2882 373.

220 2981 249 3022 so
269 2949 446 3024 Heinrich
470 2949 636 3047 beotddpt
660 2949 728 3024 dns
745 2949 893 3024 Kloeter
926 2948 988 3023 des
1004 2948 1037 3022 b.
1070 2948 1198 3022 Petrus
1222 2973 1267 3021 zu
1291 2946 1385 3021 Pero
1415 2946 1497 3021 aad
1521 2945 1645 3021 maen
1670 2946 1917 3045 Besitzaupcn,

265 3071 395 3144 oimmt
425 3096 460 3144 er
490 3071 532 3143 iu
564 3070 688 3143 arinen
720 3066 849 3145 Scltutz
882 3068 963 3143 uod
992 3066 1139 3142 ocdenkt
1167 3065 1241 3139 itm
1277 3065 1348 3139 den
1389 3062 1459 3141 Ort
1487 3061 1568 3141 San
1600 3065 1688 3140 Polo
1726 3065 1808 3140 aad
1838 3067 1918 3141 ciue

266 3189 424 3288 Kapelle
449 3187 511 3263 deo
535 3187 570 3261 h.
597 3187 752 3262 Martio.
1554 3211 1678 3273 Amr
1694 3213 1774 3273 1017
1795 3242 1840 3252 -
1862 3242 1916 3275 -,

375 3370 472 3431 Οοάαε
497 3370 669 3430 Toroiainue
690 3388 744 3430 aua
765 3370 829 3430 dem
851 3370 971 3431 1111.
996 3363 1110 3442 fisso‘
1130 3371 1172 3430 im
1194 3372 1223 3431 lc.
1241 3369 1441 3432 Stmtsorebio
1461 3390 1498 3432 au
1517 3372 1639 3449 Venedia
1662 3372 1732 3441 (Β).

373 3512 547 3585 satfusa
576 3512 657 3573 net.
685 3512 857 3588 rusum
880 3513 940 3575 130
961 3514 1010 3574 cu.
1039 3542 1084 3552 —
1110 3512 1221 3589 nouus·
1243 3513 1336 3574 Ima
1364 3532 1450 3574 aaa
1478 3515 1520 3575 a.
1545 3514 1591 3575 Η.
1616 3517 1666 3588 ro,
1681 3516 1745 3576 207
1766 3534 1804 3576 a
1825 3516 1919 3577 cusu

374 3619 525 3679 Benardi
550 3619 702 3679 Trivioaai
724 3640 767 3668 =
789 3619 890 3695 Hique
911 3619 1025 3680 Patrol.
1046 3621 1115 3692 140,
1131 3620 1191 3679 335
1212 3622 1245 3679 η’
1259 3621 1306 3680 99.
1329 3650 1373 3659 -
1395 3621 1521 3681 Minotto
1538 3621 1613 3682 Acta
1633 3628 1660 3682 et
1679 3621 1752 3683 DD.
1769 3622 1817 3694 II,
1833 3624 1863 3694 3,
1879 3625 1916 3683 61

374 3725 464 3785 Eutr.
488 3743 542 3785 orca
563 3726 602 3785 B.
621 3754 663 3765 -
687 3725 811 3800 cumps
824 3725 896 3801 Ray.
913 3727 1000 3786 1691.
1176 3718 1180 3725 ’

343 3876 346 3881 “
382 3869 528 3928 Wobrend
548 3869 602 3928 dua
623 3868 809 3929 Esolotokoll
829 3868 893 3928 dem
915 3867 976 3927 Hc
996 3869 1127 3944 beipdm
1149 3869 1261 3928 woden
1282 3870 1371 3940 lenam
1393 3871 1466 3945 reiqt
1488 3870 1540 3930 der
1564 3869 1684 3932 Gestat
1705 3873 1768 3932 eine
1789 3873 1920 3935 diffluis

375 3975 527 4050 Miscbusp
546 3975 595 4034 des
609 3974 727 4034 Dictots
744 3994 798 4034 oon
817 3974 871 4034 ΟΛ
892 3976 946 4034 mit
962 3975 1098 4035 Formelu
1116 3975 1310 4035 italimiaclter
1328 3975 1493 4047 Urlnurlm,
1515 3977 1570 4036 wie
1587 3978 1645 4037 wir
1658 3979 1701 4038 aie
1715 3980 1759 4039 bei
1773 3980 1919 4041 matrerm

376 4081 449 4141 DD.
473 4083 525 4142 der
546 4082 641 4143 Jaare
663 4083 739 4143 1011
762 4082 823 4142 and
844 4083 925 4143 1012
947 4082 1105 4142 bwbocbtet
1126 4083 1232 4155 tabem
1260 4083 1322 4142 ane
1348 4082 1484 4143 Urlncnde
1509 4102 1563 4144 aas
1584 4084 1678 4144 diem
1699 4085 1764 4145 Zeit
1785 4105 1852 4162 may
1873 4088 1919 4147 olo

222 4205 250 4246 ao
374 4189 488 4249 Μυσία
510 4190 563 4261 fiir
584 4189 631 4249 dre
652 4190 819 4264 Absasauop
840 4189 890 4248 dea
912 4187 952 4248 D.
970 4190 1029 4248 373
1049 4188 1161 4264 pedisse
1182 4189 1281 4248 baben.

374 4356 413 4422 In
444 4358 576 4422 nomine
608 4367 722 4421 sancte
755 4367 787 4420 et
818 4355 987 4421 individue
1018 4356 1183 4422 trinitatis.
1235 4357 1400 4423 Henricus
1435 4357 1547 4423 divina
1581 4357 1711 4425 favente
1746 4360 1920 4428 clementia

266 4464 487 4529 Romanorum
509 4465 686 4550 imperator
708 4473 875 4548 augustus.
985 4462 1021 4528 Si
1044 4462 1257 4528 ecclesiarum
1281 4464 1335 4529 dei
1358 4464 1412 4529 vel
1429 4465 1662 4531 monachorum
1685 4465 1758 4531 loca
1781 4466 1919 4533 alicuius

268 4570 521 4636 confirmationis
545 4581 623 4634 seu·
647 4569 845 4635 defensionis
874 4568 961 4634 dono
990 4568 1161 4635 meliorare
1185 4570 1413 4655 studuerimus,
1444 4572 1476 4637 id
1501 4572 1595 4638 nobis
1618 4573 1823 4661 profuturum
1847 4597 1919 4640 esse

268 4678 400 4742 minime
424 4676 620 4742 dubitamus.
668 4676 878 4763 Quapropter
900 4676 1043 4740 omnium
1067 4675 1189 4741 Christi
1211 4676 1376 4742 fideliumb
1399 4681 1599 4765 presentium
1623 4680 1750 4745 scilicet
1772 4704 1811 4747 ac
1835 4681 1919 4748 fistu-

224 4808 251 4851 u
267 4805 377 4848 rorum
400 4794 512 4848 notum
536 4806 607 4849 esse
630 4783 780 4848 volumus
801 4781 1027 4872 [universitati]
1037 4793 1061 4866 ⁶,
1086 4783 1225 4870 qualiter
1243 4806 1302 4849 nos
1321 4784 1424 4849 divini
1443 4787 1562 4850 amoris
1580 4787 1736 4852 instinctu
1754 4787 1919 4875 quoddam

268 4892 500 4956 monasterium
523 4889 577 4954 vel
604 4889 770 4955 abbatiam
800 4913 821 4955 a
849 4887 1137 4976 predecessoribus
1167 4892 1285 4955 nostris
1314 4902 1532 4957 constructam
1561 4893 1595 4957 in
1625 4892 1697 4958 loco
1721 4895 1778 4981 qui
1802 4893 1921 4959 dicitur

268 4996 364 5060 Pirus
387 4998 482 5062 sitam
506 4997 540 5060 in
564 4998 719 5061 comitatu
742 4996 935 5061 Taruisiano
958 4997 993 5060 in
1016 4995 1137 5061 honore
1161 4998 1265 5062 sancti
1287 4997 1377 5063 Petri
1407 4998 1624 5086 apostolorum
1647 5001 1805 5088 principis
1829 5000 1920 5067 dedi-

269 5113 377 5167 catam
400 5126 474 5169 cum
497 5102 647 5168 omnibus
670 5103 737 5168 suis
760 5103 981 5190 pertinenciis,
1012 5125 1076 5190 que
1099 5102 1176 5168 olim
1206 5101 1270 5168 sibi
1292 5106 1519 5191 pertinuerunt
1541 5128 1583 5170 ex
1606 5105 1781 5173 donatione
1804 5107 1920 5195 prede·

269 5231 435 5274 caesorum
465 5220 646 5274 nostrorum
677 5221 710 5275 et
739 5232 803 5296 que
833 5210 867 5272 in
896 5210 1134 5295 presentiarum
1164 5209 1315 5298 prel'ata‘l
1344 5209 1497 5276 abbatia‘¹
1531 5211 1642 5297 babet,
1672 5253 1716 5262 —
1753 5213 1919 5280 offerimus

224 5339 253 5379 so
270 5315 375 5381 eciam
398 5326 431 5381 et
453 5316 612 5382 donamus
635 5317 760 5403 prefate
784 5315 839 5380 dei
862 5314 993 5381 abbatie
1012 5338 1072 5403 pro
1091 5317 1236 5382 remedio
1254 5319 1502 5405 peccaminum⁶
1526 5330 1719 5405 nostrorum,
1742 5320 1919 5387 instinctu‘

340 5508 404 5567 872.
429 5514 455 5579 c)
476 5509 599 5564 stabilire
611 5510 643 5563 H
711 5509 741 5578 d)
761 5510 934 5579 imperatoris
946 5511 978 5564 H
1044 5516 1070 5577 e)
1090 5510 1253 5567 Cunctacius
1267 5513 1298 5565 H
1358 5511 1382 5581 s)
1403 5514 1440 5583 H,
1458 5520 1523 5567 sicet
1540 5514 1609 5583 vioe,
1628 5516 1753 5571 susus
1770 5534 1826 5570 mo
1844 5516 1921 5572 Lus·

428 5582 515 5647 sdtlar
532 5583 578 5634 dos
595 5582 717 5650 Copr’aten
788 5583 818 5651 g)
838 5580 1024 5636 llrchanbsldi
1035 5584 1071 5639 H.

340 5668 406 5726 878·
431 5668 577 5740 [Bresslau]
613 5672 641 5740 a)
656 5670 698 5724 sui
714 5671 778 5724 oder
792 5670 834 5724 siu
846 5671 872 5724 B
925 5671 956 5740 b)
974 5669 1108 5726 bdellium
1120 5671 1154 5739 B,
1170 5672 1227 5725 und
1241 5688 1272 5726 aa
1285 5673 1357 5738 ὄβαν
1372 5673 1392 5727 ll
1407 5680 1472 5727 aaa
1489 5674 1500 5728 l
1552 5678 1579 5743 c)
1599 5676 1667 5741 sebit
1682 5680 1714 5729 is
1729 5678 1770 5742 B,-
1787 5678 1921 5734 salbam

429 5741 1920 5816 Mffihssmammdmnimwmwetawmosortmmdmtom

225 5830 253 5871 ω
430 5810 459 5881 d)
477 5811 584 5880 prefate
601 5813 710 5866 abbatie
723 5813 748 5865 B
818 5816 846 5883 e)
865 5813 1078 5883 pecaminnt
1149 5813 1335 5884 OimticieB
