4804 6498
852 467 1091 526 HEINRICH
1112 471 1151 526 11.
1193 469 1288 526 1007.
1840 464 1902 527 153

246 654 392 717 divinum
420 675 565 717 amorem
595 652 718 717 ibidem
748 653 901 718 collatum
933 655 1044 737 fuerit,
1077 656 1212 721 ulterius
1242 656 1399 721 invadere
1430 669 1487 721 aut
1517 658 1700 743 inquietare
1724 666 1901 742 presumat.

247 759 314 825 Sed
337 758 434 823 liceat
462 759 517 823 illo
542 758 671 823 Christo
701 759 933 825 famulantibus
962 762 1124 827 ancillulis
1154 762 1214 828 sub
1244 774 1356 828 nostra
1386 764 1576 828 defensione
1607 786 1690 849 eque
1721 786 1760 827 ac
1791 763 1901 849 quiete

246 866 401 947 residere,
430 865 527 929 deum
551 876 586 928 ut
610 865 752 929 diximus
776 888 912 930 exorare
943 879 975 932 et
1003 869 1142 953 predicti
1176 871 1322 956 episcopi
1352 869 1550 934 iussionibus
1582 868 1817 955 obtemperare.
1866 868 1902 934 Si

247 984 356 1036 autem
380 972 490 1057 aliqua
513 994 653 1057 persona
677 994 711 1034 se
735 971 812 1035 iude
836 972 972 1037 abusive
1003 976 1217 1039 intromittere
1242 976 1391 1057 voluerit,
1423 998 1481 1039 nos
1512 975 1575 1039 illis
1606 975 1675 1039 fore
1700 984 1837 1040 tutorem
1862 998 1900 1039 ac

211 1102 225 1142 s
247 1079 452 1143 defensorem
477 1078 656 1142 certissime
681 1079 773 1142 sciat.
825 1079 965 1165 Insuper
993 1083 1098 1144 eciam
1126 1082 1264 1145 ecclesie
1289 1081 1411 1146 Christi
1434 1081 1585 1146 ancillule
1611 1104 1684 1145 cunr
1709 1082 1901 1146 auctoritate

246 1186 365 1272 prefati
393 1186 545 1248 antistitis
568 1184 749 1271 plenariam
773 1182 916 1248 babeant
938 1186 1045 1249 intra¹¹
1069 1210 1113 1268 se,
1146 1189 1173 1251 si
1197 1187 1297 1273 digna
1320 1188 1515 1269 inveniatur,
1541 1186 1690 1273 eligende
1714 1185 1897 1251 abbatissei

247 1302 450 1377 potestatem.
498 1290 533 1356 Si
557 1303 665 1355 autern
688 1290 873 1355 huiusmodi
896 1293 981 1355 inter
1010 1292 1082 1356 illas
1106 1316 1197 1359 soror
1224 1317 1288 1357 non
1319 1295 1493 1375 invenitur,
1525 1292 1684 1358 consilio¹¹
1713 1315 1791 1379 sepe
1821 1292 1901 1357 dicti

248 1399 394 1484 episcopi
418 1397 548 1462 aliunde
572 1397 615 1460 ad
638 1396 699 1460 hoc
722 1396 861 1460 idonen¹
888 1398 1248 1483 eligamr·abbatissa¹.
1303 1401 1347 1464 Et
1374 1410 1410 1465 ut
1432 1400 1606 1464 licenciam
1635 1398 1777 1484 eligendi
1800 1399 1900 1468 advo-

249 1517 356 1569 catum
379 1503 531 1583 babeant,
555 1502 720 1586 volumus,
745 1502 923 1567 iubemusm
948 1528 1087 1591 quoque,
1111 1516 1147 1569 ut
1170 1518 1289 1570 cuncta
1306 1507 1424 1591 prefati
1441 1507 1631 1569 monasterii
1655 1507 1741 1569 intus
1766 1517 1798 1569 et
1821 1506 1900 1570 foris

203 1634 230 1673 ιο
248 1611 340 1673 iuxta
371 1611 596 1674 auctoritatem
629 1609 821 1673 Bernwardi
858 1612 1004 1696 episcopi
1040 1614 1176 1698 eiusque
1212 1635 1451 1693 successorum,
1487 1614 1543 1699 qui
1578 1635 1637 1698 pro
1672 1625 1817 1698 tempore
1854 1611 1900 1676 ibi

248 1716 387 1779 ordinati
410 1716 562 1796 fuerintn,
593 1717 831 1779 examinentur.
877 1717 922 1780 Et
951 1729 987 1781 ut
1016 1717 1077 1783 hec
1107 1728 1216 1783 nostre
1247 1720 1449 1783 auctoritatis
1480 1720 1603 1804 pagina
1633 1717 1759 1783 stabilis
1790 1742 1829 1784 ac
1852 1720 1900 1782 in-

248 1822 403 1886 convulsa
436 1821 669 1908 perpetualiter
702 1835 906 1906 permaneat,
942 1823 1027 1888 hanc
1064 1822 1235 1912 [cartam]⁰
1269 1825 1346 1889 iude
1382 1826 1600 1911 conscriptam
1635 1848 1733 1889 manu
1768 1826 1902 1912 propria

248 1926 495 1992 corroborantes
520 1927 617 2013 sigilli
640 1929 742 1992 nostri
766 1929 968 2013 inpressione
993 1932 1142 2016 insigniri
1165 1932 1327 1995 iussimus.

355 2070 490 2155 Signum
515 2069 637 2133 domini
660 2069 796 2133 Henrici
820 2071 907 2156 regis
930 2072 1146 2135 invictissimi.

203 2236 229 2275 rs
352 2213 515 2277 Euerhart
538 2211 753 2276 cancellarius
776 2213 849 2276 vice
870 2213 1024 2298 Willigisi
1049 2213 1302 2299 archicapellani
1325 2214 1526 2300 recognovit.

353 2356 442 2419 Data
465 2370 510 2418 lx.
535 2354 601 2419 kal.
630 2353 712 2418 febr.
737 2377 822 2418 aiano
855 2354 1017 2419 dominice
1048 2357 1288 2420 incarnacionis
1320 2355 1490 2420 millesimo
1514 2371 1581 2436 Vll,
1612 2356 1812 2421 indictioneP
1842 2371 1899 2437 111,

248 2485 332 2525 anno
356 2485 434 2525 vero
458 2461 580 2526 domini
604 2461 739 2525 Henrici
765 2460 901 2525 secundi
923 2463 1091 2546 regnantis
1114 2477 1152 2543 V3
1182 2474 1291 2526 actum
1313 2462 1513 2543 Mulihusen3
1542 2462 1682 2526 feliciter
1704 2486 1810 2527 amen.

1023 2794 1111 2881 127.
1175 2741 1180 2749 ’

248 2977 426 3051 Heinrich
451 2976 597 3051 sedendi
622 2976 700 3050 den
725 2975 872 3049 Kloster
898 2974 1205 3047 Helmarsbaoseo
1231 2976 1310 3047 eine
1335 3001 1406 3047 vora
1434 2975 1514 3048 dem
1542 2975 1725 3075 Presbyter
1746 2978 1900 3076 Adilper

203 3131 230 3168 so
249 3098 383 3171 ererbte
411 3096 610 3195 Betilzttbff.
1347 3121 1538 3180 Mitblboasea
1561 3123 1642 3182 1007
1663 3122 1782 3182 Jonuer
1804 3126 1851 3183 30.

359 3304 464 3362 Wenclc
487 3304 571 3362 Hess.
596 3303 800 3376 Landespescb.
825 3293 875 3371 2⁶,
895 3301 936 3358 42
955 3302 988 3357 πθ
1004 3301 1042 3357 34
1065 3318 1118 3359 aas
1144 3299 1359 3358 verscbollenem
1385 3296 1557 3372 Cordalbueb
1586 3300 1647 3367 (A)
1672 3321 1713 3347 =
1740 3301 1898 3359 Wilmens·

354 3410 488 3484 Philippi
510 3411 612 3480 Wests.
629 3410 699 3467 ΚΠ.
717 3412 748 3477 2,
770 3409 829 3466 152
852 3410 883 3465 n⁰
899 3408 968 3465 132.
992 3437 1037 3444 —
1060 3405 1186 3465 Bdbmer
1208 3405 1279 3481 Res.
1305 3407 1375 3464 988.
1400 3434 1444 3443 -
1468 3404 1592 3480 Strrrnpf
1610 3406 1681 3482 Res.
1700 3408 1786 3466 1439.

358 3552 489 3621 Versasst
511 3551 570 3609 und
592 3550 825 3609 teabrsebeiulicb
848 3549 918 3607 atreb
942 3548 1119 3621 qesrbriebea
1140 3566 1194 3607 von
1218 3547 1280 3606 EC.
1305 3576 1349 3586 -
1368 3548 1455 3606 Weno
1479 3547 1568 3617 eiciat,
1591 3550 1645 3607 soie
1664 3549 1898 3608 uaebrscbeielieb

353 3658 401 3727 ist,
429 3658 524 3715 binter
546 3657 609 3714 dem
630 3656 727 3714 Worte
749 3656 860 3713 riculis
884 3656 945 3713 eine
971 3655 1001 3712 in
1026 3654 1053 3711 A
1077 3655 1191 3725 sreib'rlr
1216 3654 1295 3712 siclt
1318 3655 1496 3728 anpederdete
1518 3654 1615 3713 bacae
1637 3656 1826 3714 anzuaebmcn
1848 3656 1897 3725 ist,

353 3782 384 3823 so
402 3781 479 3822 neres
496 3763 583 3821 dorin
602 3763 654 3821 der
669 3762 762 3820 Norae
780 3762 828 3820 des
849 3761 919 3819 Orts
937 3761 1079 3819 eatbalten
1096 3761 1167 3829 sein,
1186 3761 1217 3819 in
1237 3761 1366 3819 reelebem
1380 3761 1435 3819 das
1448 3761 1610 3835 aesebeffle
1626 3761 1685 3820 Gra!
1700 3764 1809 3837 yeleqen
1824 3782 1896 3822 wer.

353 3869 434 3928 Docb
450 3870 555 3927 domant
571 3869 616 3926 ciis
632 3868 865 3942 entsprerbeader
882 3866 1034 3926 Ortsnome
1048 3869 1079 3925 in
1095 3872 1225 3940 spdterea
1242 3866 1521 3925 Helmersbauseeer
1540 3867 1695 3927 Urlcuedee
1711 3869 1899 3928 ansebeineed

355 3977 431 4035 nicbt
453 3976 558 4034 roieder
579 3994 647 4048 vor,·
669 3975 741 4033 oreb
764 3975 851 4032 babor
875 3992 930 4031 ens
951 3974 1194 4047 Erbandiyanpen
1218 3975 1248 4031 in
1273 3973 1327 4031 den
1346 3971 1579 4032 Sieetsorebiven
1601 3994 1656 4034 voa
1674 3974 1818 4050 Mardara
1839 3976 1899 4035 aad

353 4082 487 4141 Mr'tmter
508 4083 607 4140 irenen
630 4082 846 4141 ansreirbendes
866 4080 1080 4154 Anbaltspankt
1102 4099 1136 4138 aa
1159 4081 1238 4138 einer
1259 4080 1384 4139 sicbercn
1405 4079 1539 4155 Dederis
1562 4081 1701 4140 desselben
1723 4083 1847 4156 qeqeben.

353 4251 392 4313 In
415 4251 545 4315 nomine
569 4261 680 4314 sancte
706 4260 738 4313 ct
761 4248 930 4312 individue
960 4249 1123 4312 trinitatis.
1177 4248 1341 4311 Henricus
1373 4247 1485 4312 divina
1517 4247 1695 4338 [favente]⁸
1726 4250 1900 4315 clementia

202 4380 316 4426 sorex.
426 4356 461 4422 Si
486 4356 641 4421 ecclesias
665 4356 718 4420 dei
742 4356 879 4419 alicuius
903 4356 950 4418 rei
976 4354 1060 4419 dono
1085 4353 1284 4440 amplificare
1309 4354 1361 4417 rel
1385 4354 1556 4418 meliorare
1580 4355 1809 4438 studuerimus,
1837 4357 1899 4422 hoc

247 4462 340 4527 nobis
364 4463 566 4549 profuturum
591 4486 663 4525 esse
687 4464 819 4526 minime
843 4460 1040 4525 dubitamus.
1082 4462 1291 4546 Quapropter
1311 4472 1426 4524 noscat
1447 4463 1589 4525 omnium
1612 4462 1757 4527 fidebam
1775 4474 1898 4528 nostro-

247 4593 317 4634 rum
348 4571 567 4655 praesentium
597 4568 752 4632 videlicet
782 4591 821 4631 ae
852 4568 1032 4632 futurorum
1061 4566 1237 4647 industria,
1271 4567 1411 4653 qualiter
1440 4592 1499 4632 nos
1529 4570 1714 4633 interventu
1735 4570 1899 4635 Bruuonis

247 4675 448 4739 dilectissimi
481 4675 698 4760 Augustensis
734 4676 880 4760 episcopi
914 4674 1023 4738 fratris
1058 4673 1212 4737 videlicet
1246 4675 1350 4737 nostri
1384 4686 1558 4760 nostreque
1594 4676 1721 4739 animae
1754 4676 1898 4741 remedio

247 4794 349 4847 toturn
372 4782 521 4868 predium
545 4804 618 4845 curn
642 4781 766 4845 fanrilia
795 4782 964 4866 utriusque
994 4802 1092 4844 sexus
1117 4781 1150 4844 in
1181 4779 1297 4845 eodem
1320 4780 1435 4866 predio
1458 4781 1631 4863 residente,
1662 4783 1750 4868 quod
1773 4783 1898 4847 heredi-

200 4915 229 4954 ss
246 4889 329 4953 tario
353 4891 422 4953 iure
447 4887 488 4952 ab
512 4887 669 4971 Adilgero
692 4886 788 4951 beate
812 4887 966 4951 memorie
990 4885 1172 4972 presbitero
1200 4898 1308 4950 nostre
1333 4887 1435 4972 regali
1464 4890 1615 4973 potestati
1639 4891 1806 4969 successit,
1837 4890 1898 4954 sito

247 4996 280 5058 in
303 4995 439 5059 viculisb
654 5043 662 5075 ,
692 4994 726 5056 in
757 4995 911 5057 comitatu
934 5016 1012 5056 vero
1035 4992 1218 5056 Hermanni
1247 4993 1384 5076 comitis,
1417 4993 1553 5059 cenobio
1584 5006 1616 5058 et
1645 4996 1841 5059 monasterio
1865 4997 1899 5059 in

247 5101 368 5165 honore
391 5103 496 5165 sancti
522 5101 613 5164 Petri
640 5099 858 5185 apostolorum
882 5100 1039 5186 principis
1063 5109 1249 5163 constructo
1274 5121 1313 5163 ac
1337 5099 1488 5165 dedicato
1512 5102 1546 5164 in
1568 5100 1639 5165 loco
1659 5101 1899 5166 Helmwardes·

246 5207 349 5271 husen
364 5208 530 5272 nominato
547 5206 608 5270 bac
624 5218 734 5269 nostra
751 5204 949 5290 preceptali⁰
970 5217 1067 5291 atque
1083 5205 1187 5290 regali
1202 5206 1325 5292 pagina
1344 5229 1418 5271 cum
1437 5206 1586 5271 omnibus
1606 5209 1675 5272 eius
1694 5210 1898 5294 pertinentiis

248 5336 288 5375 ea
303 5313 457 5377 videlicet
472 5314 596 5377 ratione
614 5311 834 5391 concedimus,
855 5310 990 5375 utnulla
1007 5312 1100 5396 regni
1119 5313 1221 5375 nostri
1236 5334 1377 5398 persona
1397 5313 1558 5398 prefatum
1574 5312 1747 5379 cenobium
1763 5316 1897 5401 eiusque

199 5524 228 5561 so
318 5508 382 5563 las.
407 5507 436 5574 b)
456 5508 528 5559 inter
545 5524 615 5561 corr.
636 5510 664 5558 in
684 5506 769 5575 iutra,
788 5507 820 5558 ob
837 5507 887 5556 des
905 5506 1025 5571 folqmde
1044 5522 1071 5557 se
1091 5506 1120 5556 in
1139 5521 1197 5558 sese
1214 5508 1357 5571 corripiet
1375 5510 1418 5573 iat,
1438 5508 1503 5559 luat
1515 5507 1571 5558 sica
1583 5509 1656 5560 nicbt
1668 5510 1755 5561 eseber
1767 5511 1899 5563 ortonnes

406 5579 425 5643 i)
444 5579 580 5646 priorisse,
598 5577 726 5645 priorissa
744 5594 814 5630 corr.
829 5580 856 5627 tn
875 5576 1018 5641 abbatisse,
1038 5575 1172 5628 abbatissa
1226 5576 1256 5640 k)
1277 5577 1382 5629 consilii
1401 5581 1426 5630 A
1480 5578 1499 5643 l)
1520 5576 1627 5643 ydonee
1644 5582 1669 5632 A
1723 5581 1898 5650 m)liberu1n

405 5667 474 5703 corr.
487 5652 517 5701 in
536 5650 660 5702 iubemus
733 5652 761 5715 n)
783 5648 894 5701 fuerunt
911 5666 980 5701 corr.
996 5650 1024 5698 in
1044 5646 1146 5699 luerint
1218 5652 1245 5713 o)
1265 5648 1329 5712 fehlt
1349 5652 1376 5700 in
1396 5652 1421 5701 A
1493 5650 1522 5716 p)
1541 5648 1697 5704 indictionis
1716 5653 1748 5705 A.

319 5737 381 5793 lar.
406 5736 533 5874 Pyleperll}
555 5744 590 5860 d)
605 5738 673 5859 ἔξω
693 5739 721 5787 in
740 5739 764 5788 A
838 5737 866 5803 b)
885 5735 1073 5803 serviculis,
1093 5736 1120 5788 in
1141 5753 1220 5801 eom,
1239 5739 1290 5803 apl.
1309 5739 1352 5789 dir
1368 5737 1582 5803 Vehemeseunq
1648 5744 1674 5803 c)
1692 5742 1846 5809 perpetuali
1865 5746 1900 5809 A,

312 5931 514 5973 Kaiscrurkuuden
528 5933 570 5975 111,
1651 5924 1685 5971 20
