4836 6492
856 394 1093 451 HEINRICH
1115 395 1154 451 11.
1196 391 1292 449 1021.
1835 386 1900 449 585

244 580 277 643 in
300 578 422 645 honore
445 582 550 646 sancti
566 581 635 645 Viti
658 582 692 645 in
710 582 879 646 Postomia
901 604 966 647 non
989 581 1125 647 multum
1148 583 1244 668 longe
1268 603 1288 644 a
1310 581 1382 645 loco
1406 578 1462 644 ubi
1482 579 1602 645 dicitur
1618 580 1693 644 Mar
1708 628 1871 644 .......
1876 580 1898 663 ¹,

243 684 342 751 habet
371 697 458 751 terra
488 686 621 751 arabilis
651 711 784 775 campos
815 688 1043 775 quadraginta,
1075 700 1108 753 et
1137 700 1212 753 sunt
1241 689 1336 753 terris
1367 710 1441 751 cum
1464 688 1569 751 vineis
1599 687 1634 750 in
1657 686 1803 773 predicto
1826 686 1899 751 loco

244 816 376 879 campos
407 793 488 858 duos
519 818 592 859 cum
623 797 708 860 casis
740 796 920 860 masariciis
950 797 1046 859 terris
1077 807 1110 860 et
1132 798 1237 860 vineis
1267 795 1369 880 pratis
1397 793 1497 875 silvis,
1529 817 1604 858 cnm
1627 792 1794 876 buscaliis,
1825 817 1899 858 cum

245 898 447 989 [omnibns]m
471 900 578 984 rebus,
603 903 686 967 sicut
704 903 738 966 in
756 901 921 967 breviario
939 903 1072 988 antiquo
1092 902 1234 967 Zenonis
1253 902 1382 988 legitur,
1406 900 1499 965 etad
1519 900 1742 987 supradictas
1762 900 1899 985 eclesias

211 1008 407 1093 spertinent
429 1008 463 1071 in
486 1009 659 1094 integrum.
706 1009 750 1073 Et
773 1011 802 1074 si
824 1007 978 1097 quislibet
1001 1009 1095 1073 homo
1124 1009 1299 1073 adversum
1322 1030 1381 1072 nos
1411 1030 1474 1093 quc
1505 1007 1733 1093 supradictus
1757 1006 1898 1072 Michael

243 1112 388 1203 ab[bas]b
412 1126 445 1178 et
466 1113 666 1201 Amelgauso
690 1116 791 1180 iudex
815 1115 993 1181 advocatus
1018 1138 1093 1202 pars
1122 1116 1188 1180 iarn
1212 1115 1299 1179 dicto
1329 1115 1526 1178 monasterio
1555 1115 1660 1178 sancti
1683 1114 1826 1178 Zenonis
1858 1113 1898 1179 de

243 1221 407 1306 predictas
438 1222 576 1307 eclesias
606 1234 639 1287 ct
669 1222 709 1286 de
744 1223 900 1309 predictis
931 1221 1081 1286 omnibus
1110 1220 1208 1286 rebus
1243 1220 1363 1285 exinde
1398 1219 1493 1284 nobis
1524 1220 1648 1306 aliquid
1679 1220 1788 1285 dicere
1818 1220 1898 1303 vult,

243 1328 348 1413 parati
378 1327 502 1417 sumlus
534 1352 608 1394 cum
639 1327 712 1417 colb
743 1329 862 1393 exinde
893 1330 927 1393 in
957 1330 1110 1393 racione¹1
1133 1327 1285 1392 standum
1309 1338 1342 1391 et
1363 1327 1508 1412 legitime
1532 1326 1711 1392 finiendum
1734 1338 1776 1409 et,
1810 1327 1898 1414 quod

242 1433 314 1520 plus
339 1444 398 1517 est,
423 1437 598 1522 querimus,
621 1447 658 1500 ut
681 1435 769 1501 dicat
792 1437 852 1500 iste
876 1434 1130 1521 Ragimbaldus⁰
1154 1458 1263 1500 comes
1287 1446 1320 1498 et
1342 1432 1504 1497 Iohannes
1527 1455 1630 1520 nepos
1654 1435 1734 1515 eius,
1766 1435 1822 1521 qui
1845 1434 1898 1499 hic

199 1564 224 1601 n
243 1540 286 1604 ad
315 1564 450 1627 presens
480 1553 570 1624 sunt,
606 1543 634 1606 si
664 1544 730 1606 iam
761 1542 865 1606 dictas
897 1542 1047 1630 eclelsiss
1080 1565 1153 1607 cum
1183 1540 1373 1630 preldictisb
1405 1539 1555 1604 omnibus
1585 1539 1699 1621 rebus,
1734 1553 1770 1604 ut
1800 1564 1899 1627 supra

242 1647 370 1733 legitur,
394 1650 534 1735 propriis
557 1650 622 1713 iam
647 1648 733 1713 dicto
757 1651 953 1713 monasterio
977 1651 1081 1713 sancti
1100 1649 1243 1713 Zenonis
1267 1658 1342 1711 sunt
1365 1658 1398 1711 et
1421 1670 1492 1711 esse
1517 1645 1638 1711 debent
1657 1670 1730 1711 cum
1750 1648 1823 1734 lege
1843 1660 1899 1712 aut

243 1754 329 1819 non'.
375 1754 429 1819 Ad
452 1755 513 1820 hec
536 1756 775 1842 responderunt
797 1755 936 1842 predicti
958 1755 1193 1842 Ragimbaldus
1220 1764 1253 1819 et
1275 1754 1449 1835 Iohannes,
1474 1752 1640 1842 d[ixerunt
1667 1753 1734 1842 et]b
1757 1755 1897 1841 professi

243 1874 330 1926 sunt:
362 1864 460 1928 ‘Vere
491 1865 555 1927 iam
586 1862 672 1927 dicte
703 1874 814 1927 sancte
845 1863 963 1952 eclesie
995 1885 1068 1927 cum
1099 1863 1234 1949 prefatis
1265 1859 1415 1925 omnibus
1444 1860 1552 1943 rebus,
1583 1874 1618 1925 ut
1646 1884 1744 1948 supra
1767 1861 1896 1946 legitur,

244 1971 373 2058 proprie
403 1993 480 2057 pars
509 1971 575 2034 iam
606 1969 693 2035 dioto
723 1971 920 2034 monasterio
945 1970 1049 2033 sancti
1071 1969 1213 2033 Zenonis
1238 1979 1312 2032 sunt
1340 1979 1372 2032 et
1398 1990 1470 2032 esse
1494 1967 1635 2032 debentl’
1660 1991 1733 2033 cum
1756 1968 1841 2055 lege,
1866 1978 1899 2033 et

199 2098 224 2136 n
244 2075 337 2140 nobis
361 2092 457 2163 quem
488 2098 587 2163 supra
609 2075 823 2141 Raimbaldus
847 2087 879 2141 et
902 2076 1064 2141 lohannes
1090 2074 1142 2165 [de
1165 2074 1345 2163 preldicteb
1370 2074 1488 2161 eclesie
1518 2098 1592 2139 cum
1616 2075 1766 2139 omnibus
1788 2075 1898 2157 rebus,

244 2194 280 2247 ut
308 2206 407 2271 supra
435 2182 564 2269 legitur,
595 2182 638 2246 ad
667 2181 854 2247 habendum
884 2205 945 2246 nec
976 2182 1206 2269 requirendum
1235 2180 1335 2245 nichil
1366 2183 1506 2267 pertinet
1529 2204 1589 2245 nec
1613 2183 1776 2268 pertinere
1800 2180 1899 2246 debet

244 2313 317 2354 cum
332 2290 415 2376 lege,
439 2313 498 2377 pro
515 2311 554 2354 eo
571 2289 659 2376 quod
675 2289 794 2354 exinde
811 2289 934 2353 nullum
954 2291 1120 2375 scriptum,
1144 2286 1313 2377 nulllam]b
1329 2287 1513 2352 firmitatem
1529 2287 1716 2375 nullamque
1731 2290 1897 2353 racionem

244 2397 363 2461 exinde
385 2420 451 2461 non
474 2395 632 2461 habemus
656 2419 717 2460 nec
741 2395 863 2460 habere
887 2418 1070 2482 possumus,
1093 2417 1270 2482 perquam
1288 2393 1383 2459 robis
1403 2417 1501 2481 supra
1520 2394 1615 2458 dictis
1634 2395 1776 2460 Michael
1795 2393 1899 2460 abbas

244 2514 276 2567 et
293 2503 492 2591 Amelgauso
516 2503 616 2567 iudex
640 2504 710 2568 eius
734 2503 913 2568 advocatus
937 2504 1002 2566 iam
1025 2502 1112 2566 dicte
1136 2501 1255 2591 eclesie
1279 2524 1353 2566 cum
1376 2500 1531 2588 predictis
1555 2501 1716 2583 omnibus,
1741 2513 1900 2588 utsupra

196 2636 223 2676 ao
243 2609 370 2696 legitur,
394 2610 437 2675 ad
459 2634 536 2697 pars
559 2611 732 2675 iamdicto
755 2611 951 2675 monasterio
973 2611 1078 2673 sancti
1098 2609 1240 2673 Zenonis
1262 2608 1487 2674 contradicere
1509 2620 1565 2673 aut
1585 2607 1776 2673 subtrahere
1796 2610 1899 2696 possi·

242 2717 335 2781 mus’.
373 2717 512 2804 Insuper
535 2716 581 2781 ibi
604 2717 711 2782 locum
735 2716 997 2804 sposponderunt
1020 2739 1055 2780 se
1078 2717 1158 2803 ipsis
1181 2715 1338 2801 predictis
1361 2714 1598 2801 Ragimbaldus
1623 2726 1655 2779 et
1677 2716 1839 2781 lohannes
1863 2738 1898 2780 se

244 2847 439 2910 suorumque
468 2824 543 2888 filiis
573 2823 703 2888 filiabus
732 2823 786 2887 rel
816 2822 993 2888 heredibus
1023 2822 1182 2887 adversus
1212 2822 1351 2887 eundem
1383 2822 1539 2887 domnum
1562 2822 1703 2887 Michael
1734 2822 1837 2888 abbas
1867 2835 1901 2887 et

243 2929 441 3017 Amelgauso
465 2931 566 2996 iudex
589 2933 660 2996 eius
683 2932 862 2995 advocatus
885 2930 939 2994 rel
958 2953 1034 3016 pars
1053 2931 1156 3015 ipsius
1174 2930 1374 3011 monasterii,
1398 2940 1443 3011 ut,
1468 2930 1495 2991 si
1519 2952 1673 3016 umquam
1696 2930 1730 2993 in
1754 2943 1898 3017 tempore

244 3036 285 3101 de
315 3037 462 3123 predicte
492 3038 610 3127 eclesie
640 3061 714 3102 cnm
737 3038 872 3124 prefatis
896 3035 1046 3102 omnibus
1077 3035 1184 3119 rebus,
1215 3048 1373 3122 utsupra
1400 3036 1529 3122 legitur,
1562 3058 1660 3122 agere
1684 3048 1741 3100 aut
1763 3059 1899 3102 causare

197 3171 223 3209 rs
243 3144 296 3208 rel
319 3168 488 3210 removere
512 3147 778 3232 presumpserint,
810 3156 876 3208 tarn
906 3166 966 3231 per
995 3167 1030 3208 se
1061 3144 1160 3230 ipsis<¹
1183 3143 1237 3207 rel
1261 3166 1373 3207 eorum
1396 3142 1471 3207 filiis
1494 3140 1624 3206 filiabus
1647 3143 1701 3208 vel
1723 3143 1900 3209 heredibus

244 3263 434 3315 aureorum
458 3253 694 3316 summittentes
718 3274 886 3338 personas,
916 3250 971 3314 rel
1003 3252 1031 3314 si
1061 3252 1250 3337 apparuerit
1279 3249 1379 3314 ullum
1409 3271 1541 3314 suorum
1564 3248 1675 3314 datum
1699 3261 1755 3314 aut
1778 3251 1900 3316 factum

243 3357 295 3422 vel
320 3357 466 3444 quolibet
488 3360 646 3444 scriptum
668 3360 781 3423 autin
803 3359 926 3423 iudicio
950 3358 1145 3439 refudatum,
1169 3356 1303 3446 qulod]b
1327 3380 1386 3422 nos
1410 3357 1466 3442 qni
1489 3380 1589 3444 supra
1609 3357 1844 3444 Ragimbaldus
1869 3370 1901 3422 et

244 3464 406 3529 Iohannes
429 3465 549 3530 exinde
573 3467 608 3529 in
631 3465 697 3530 alia
719 3477 812 3551 parte
837 3465 1001 3547 fecissent,
1027 3478 1059 3529 ct
1078 3464 1157 3529 dare
1177 3465 1299 3529 factum
1317 3464 1444 3545 fueris,
1469 3476 1546 3528 tanc
1568 3463 1797 3551 obligaverunt
1814 3488 1900 3531 com-

245 3595 365 3658 ponere
395 3595 494 3659 supra
524 3572 620 3637 dictis
642 3570 878 3658 Ragimbaldus
909 3583 942 3636 et
964 3571 1127 3636 Iohannes
1157 3594 1192 3635 se
1223 3572 1355 3657 suisque
1385 3571 1461 3636 filiis
1491 3570 1621 3636 filiabus
1644 3572 1696 3636 vel
1724 3571 1900 3637 heredibus

197 3705 225 3744 ro
245 3679 401 3744 adversus
425 3678 566 3743 cundem
589 3678 727 3743 domnus
746 3679 889 3743 Michael
908 3677 1013 3743 abbas
1036 3690 1069 3743 et
1087 3678 1304 3763 Amelgauso⁵
1330 3678 1430 3742 iudex
1454 3680 1524 3742 eius
1548 3677 1728 3743 advocatus
1752 3679 1805 3744 vel
1824 3703 1900 3766 pars

244 3787 310 3850 iam
334 3786 421 3850 dicto
444 3786 641 3850 monasterio
666 3787 770 3851 sancti
790 3786 933 3851 Zenonis
957 3788 1092 3871 eiusque
1116 3783 1376 3849 successoribust
1402 3808 1488 3871 pena
1510 3784 1634 3872 duplex
1658 3788 1900 3873 suprascripte

246 3893 363 3979 eclesie
388 3916 462 3958 cum
485 3892 641 3979 predictis
665 3891 815 3957 omnibus
838 3891 947 3974 rebus,
970 3902 1006 3956 ut
1029 3915 1129 3979 supra
1150 3890 1279 3977 legitur,
1310 3892 1395 3955 sicut
1417 3913 1476 3977 pro
1500 3902 1645 3977 tempore
1668 3892 1767 3957 fuerit
1789 3893 1900 3957 melio·
1940 3910 1946 3919 ·

245 4001 323 4063 ratis
346 4010 403 4064 aut
425 4000 566 4064 valuerit
588 3998 649 4064 sub
673 4000 883 4064 estimacione
907 4000 941 4063 in
961 3997 1137 4063 consimilis
1155 3998 1246 4079 locis,
1271 4008 1304 4061 et
1322 3998 1455 4083 insuper
1474 4021 1560 4084 pena
1578 4000 1649 4062 auri
1668 4000 1781 4085 optimi
1799 3998 1900 4064 libras

245 4118 385 4171 centum.
424 4107 486 4171 His
509 4107 614 4171 hactis
638 4117 671 4170 et
693 4106 961 4171 manifestacione
979 4117 1015 4170 ut
1034 4127 1132 4191 supra
1150 4105 1282 4187 factum,
1306 4116 1431 4168 rectum
1450 4106 1593 4170 omnium
1613 4128 1724 4170 eorum
1742 4106 1899 4171 iudicium

198 4238 226 4277 ιι
246 4226 278 4277 et
300 4213 502 4278 auditoribus
526 4214 634 4300 paruit
658 4236 739 4297 esse,
763 4212 1002 4293 iudicaverunt,
1033 4223 1069 4276 ut
1097 4212 1183 4276 iusta
1209 4233 1320 4275 eorum
1344 4210 1554 4276 altercatione
1578 4224 1745 4277 eteorum
1769 4213 1899 4300 Ragim-

245 4319 362 4385 baldus
392 4332 426 4385 et
447 4319 610 4385 Iohannes
640 4319 842 4407 professione
873 4330 906 4383 et
934 4319 1213 4401 manifestaoione,
1242 4329 1278 4382 ut
1307 4319 1377 4403 ipse
1409 4317 1546 4383 domnus
1568 4318 1711 4384 lliohael
1741 4319 1844 4384 abbas
1868 4332 1901 4385 et

245 4425 444 4513 Amelgauso
467 4426 568 4491 iudex
591 4427 662 4491 eius
685 4425 864 4491 advocatus
888 4427 1022 4511 eiusque
1046 4447 1252 4490 successores
1275 4424 1421 4511 predicte
1446 4424 1563 4513 eclesie
1587 4449 1661 4491 cum
1679 4428 1814 4513 prefatis
1833 4451 1899 4492 om-

245 4531 342 4597 nibus
372 4532 480 4615 rebus,
510 4545 547 4597 ut
577 4556 674 4619 supra
704 4533 833 4618 legitur,
864 4532 906 4596 ad
936 4555 1013 4618 pars
1045 4533 1110 4596 iam
1135 4531 1222 4596 dicto
1245 4533 1442 4596 monasterio
1467 4534 1571 4597 sancti
1594 4534 1737 4598 Zenonis
1760 4533 1803 4599 ad
1826 4558 1899 4621 pro-

246 4642 352 4725 prium
381 4638 503 4705 habere
532 4652 564 4705 et
594 4639 739 4704 detinere
771 4637 912 4703 debent¹¹
935 4650 968 4703 et
998 4637 1153 4725 predictis
1180 4637 1436 4725 llsgrimbaldusv
1466 4652 1499 4704 et
1528 4640 1701 4721 Iohannes,
1733 4640 1837 4706 barba
1868 4655 1900 4706 et

197 4774 227 4812 ιο
246 4769 359 4834 nepos,
383 4746 423 4811 de
447 4747 573 4832 prefate
598 4746 716 4835 eclesie
741 4769 814 4810 cum
838 4744 995 4831 predictis
1019 4743 1168 4809 omnibus
1191 4744 1300 4825 rebus,
1326 4758 1362 4810 nt
1386 4768 1483 4833 supra
1506 4746 1635 4832 legitur,
1664 4759 1818 4812 maneant
1841 4771 1899 4813 ex·

246 4854 348 4919 inde''
371 4855 628 4940 omnitempore
652 4854 742 4918 taciti
767 4864 799 4917 et
818 4853 970 4917 contenti.
1009 4852 1054 4916 Et
1076 4851 1166 4916 tinita
1188 4865 1237 4917 est
1260 4876 1371 4917 causa.
1409 4854 1453 4917 Et
1475 4852 1538 4918 hac
1557 4855 1679 4918 noticia
1697 4878 1756 4941 pro
1780 4857 1901 4920 securi·

246 4972 311 5025 tate
341 4961 448 5026 eidem
480 4961 616 5026 domnus
640 4960 781 5025 Michael
812 4957 916 5023 abbas
946 4970 980 5023 et
1001 4957 1201 5046 Amelgauso
1232 4959 1333 5024 iudex
1363 4961 1433 5024 eius
1463 4961 1643 5026 advocatus
1667 4961 1709 5025 ad
1733 4964 1900 5048 persiam

246 5065 333 5131 dicto
356 5069 552 5132 monasterio
576 5069 681 5131 sancti
704 5067 847 5131 Zenonis
870 5065 941 5131 fieri
964 5066 1211 5132 admonuerrmt.
1259 5066 1399 5148 Quidem
1431 5081 1463 5132 et
1486 5090 1547 5153 ego
1571 5068 1733 5133 Iohannes
1757 5071 1901 5134 notarius

315 5332 381 5390 401.
407 5334 427 5401 l)
449 5334 606 5387 Loachitzer
622 5333 673 5385 aad
699 5334 789 5385 hister
806 5331 871 5385 Mer
895 5335 970 5385 eiam
989 5332 1155 5385 Buchstcden
1182 5334 1231 5384 mit
1257 5332 1408 5399 otelrnqe,
1435 5335 1485 5386 den
1509 5336 1561 5386 wir
1579 5335 1652 5387 nicht
1677 5335 1752 5388 mehr
1769 5335 1901 5388 erhcnm

198 5420 228 5460 to
407 5407 538 5467 boontem
563 5409 593 5456 r'n
613 5406 636 5458 C
652 5405 755 5466 haclea·
778 5407 889 5471 pandat
914 5407 950 5456 ist
974 5404 1101 5457 mercarer
1119 5405 1261 5457 Marcellae
1284 5421 1329 5459 err.
1355 5407 1419 5458 oder
1436 5407 1592 5470 Marcenioo
1614 5411 1657 5461 nd.
1677 5423 1727 5460 von
1745 5407 1901 5472 Postumon,

406 5479 465 5529 und
482 5494 556 5529 worn
576 5476 733 5529 laschitzer
750 5476 823 5528 recht
840 5476 899 5539 aab,
912 5475 1057 5541 jcdmfclla
1075 5476 1126 5528 dos
1143 5482 1241 5528 natm
1318 5477 1358 5543 m)
1378 5494 1406 5529 so
1424 5493 1473 5529 ron
1492 5478 1647 5529 Loccbr'tzer
1665 5484 1790 5545 erptiam
1808 5477 1905 5532 aliisC

406 5552 436 5617 n)
461 5550 508 5602 rac
527 5550 554 5601 D
625 5550 653 5615 o)
679 5546 848 5617 [lumbaldus
866 5548 901 5612 D,
920 5548 978 5598 und
994 5562 1024 5598 ro
1042 5548 1113 5611 oster
1185 5550 1214 5615 p)
1241 5545 1324 5599 dehet
1342 5548 1370 5599 D
1440 5553 1469 5615 q)
1496 5550 1538 5616 ips
1557 5550 1583 5601 D
1664 5554 1687 5617 r)
1714 5548 1780 5603 dare
1798 5548 1903 5602 facturn

408 5619 491 5674 fuerit
507 5621 542 5685 D,
563 5619 785 5673 wcbrxber’nlr'ch
803 5619 980 5670 mearam
999 5619 1051 5681 ίαν
1068 5617 1207 5685 claruerit,
1226 5619 1276 5685 syl.
1294 5619 1356 5670 oben
1375 5619 1402 5673 S.
1416 5623 1468 5671 371
1486 5620 1517 5673 Z.
1531 5624 1567 5671 23
1650 5626 1672 5687 s)
1699 5621 1858 5691 Amegauso
1877 5621 1905 5673 D

406 5698 428 5756 t)
450 5694 589 5745 successor
608 5692 634 5743 D
706 5694 735 5757 ιι)
756 5690 883 5743 musar
899 5706 935 5741 za
953 5690 1102 5743 morem
1120 5692 1151 5741 r'n
1170 5689 1302 5742 deberent
1373 5694 1401 5757 v)
1425 5689 1604 5760 Ragdbaldus,
1624 5692 1691 5745 ohne
1709 5694 1905 5759 Adkdmnqe·

197 5775 228 5816 ho
405 5763 520 5830 sciolum,
538 5764 566 5815 D
636 5766 672 5831 w)
692 5766 721 5815 et
738 5759 837 5813 exinde
856 5762 883 5812 D

316 5886 515 5929 summittentes
527 5888 571 5928 111.
1634 5877 1667 5926 74
