4800 6516
1174 329 1636 385 KAISERURKUNDEN.

683 528 760 587 obera
775 526 909 601 Philippi
931 527 978 585 die
1000 527 1069 585 sicci
1084 523 1156 584 DD.
1175 526 1301 596 Araulss
1323 525 1497 600 pleirdrer'tip
1519 525 1684 584 eutstoadeu
1706 525 1766 583 sein
1791 525 1872 593 idest,
1890 526 1998 599 jilnper
2018 526 2061 583 ist
2085 525 2135 583 als
2153 525 2192 584 D.
2207 530 2233 589 δ’,

683 635 716 693 in
738 633 866 693 welclrem
889 633 961 692 anca
984 633 1035 691 dev
1058 635 1117 704 aas
1135 632 1189 690 das
1210 631 1393 691 Morktrecdl
1415 632 1572 707 bezdpliclre
1595 630 1664 690 Sota
1688 632 1872 690 rollionaaea
1894 631 1956 689 dem
1982 630 2233 706 Sprachoeorona

683 740 733 799 des
752 739 808 797 ΕΑ
831 740 994 813 dormient.
1044 739 1132 797 Wean
1156 738 1291 813 Philippi
1317 740 1377 809 aas
1395 738 1442 797 die
1464 747 1597 797 das-seren
1619 737 1781 796 Merkmale
1802 738 1851 796 des
1873 736 1941 796 DO.
1967 736 1994 795 I.
2020 739 2090 796 212
2117 738 2234 797 onnon

684 847 739 921 lept
761 845 820 905 arrd
842 845 967 905 dasselbe
990 845 1255 904 dbodrnlimmend
1278 845 1331 903 nit
1353 844 1499 918 Diakomp
1523 846 1562 903 im
1586 846 1633 903 10.
1658 844 1711 904 Jb.
1736 844 1910 919 pescirieben
1934 844 2046 917 placidi,
2077 844 2233 903 salonino

686 953 742 1011 nir
764 952 823 1011 ian
846 952 917 1010 circli
940 952 1033 1011 diesin
1058 951 1136 1010 rrirld
1159 952 1272 1027 solpen;
1295 949 1364 1010 Do.
1386 950 1412 1009 I.
1433 953 1495 1009 212
1521 952 1593 1025 zeipt
1616 969 1696 1009 zoor·
1717 950 1839 1009 derdb'clr
1865 950 2079 1025 b'ocdadmunp
2102 952 2179 1009 eim
2199 949 2234 1008 D.
2252 973 2261 1009 s

685 1077 756 1117 saer.
780 1057 821 1116 X.
847 1059 917 1133 (va.
945 1057 1090 1117 Oitentlrnd
1113 1056 1184 1131 Rep.
1204 1058 1293 1126 284),
1317 1058 1385 1116 aber
1407 1057 1537 1116 irnorreit
1559 1058 1604 1116 als
1626 1057 1701 1115 diese
1723 1057 1931 1131 b'oelralnauup
1955 1058 2034 1115 reicit
2059 1057 2111 1116 die
2130 1056 2235 1127 Sciriti

686 1166 846 1233 beciufiassi
868 1166 929 1233 bnt,
958 1164 1115 1238 ortspricdl
1140 1163 1258 1222 dissolbe
1287 1163 1343 1222 niel
1365 1164 1445 1222 nair
1467 1164 1518 1223 dev
1540 1165 1653 1223 zicaten
1678 1164 1785 1235 Hune
1807 1164 1855 1222 des
1878 1164 1924 1221 11.
1953 1164 1999 1221 als
2021 1164 2092 1222 dem
2117 1165 2165 1224 10.
2187 1164 2234 1223 Jlo.

685 1301 729 1309 —
759 1271 825 1329 ra·
853 1272 900 1331 die
927 1271 1113 1345 Herslelianp
1142 1270 1191 1328 des
1223 1270 1325 1329 Testes
1354 1270 1443 1329 baben
1472 1272 1527 1329 air
1550 1269 1581 1327 Ε
1607 1289 1641 1328 zu
1667 1269 1786 1329 Grurrde
1814 1271 1915 1344 polest,
1945 1289 1982 1329 ari
2014 1272 2101 1329 εἱηεν
2131 1271 2235 1328 Arnai!

686 1397 739 1437 coa
766 1376 870 1436 Stellen
899 1378 968 1436 aber
997 1376 1067 1435 rioci
1099 1375 1123 1434 C
1151 1376 1308 1449 bericdtipt.
1355 1376 1414 1435 Die
1443 1377 1574 1435 roricone
1602 1395 1675 1450 ponz
1706 1376 1848 1435 sinuloseu
1878 1375 2017 1434 Lesorteu
2051 1377 2105 1435 des
2136 1378 2234 1434 ditero

688 1482 785 1542 Codes
807 1484 979 1557 eollstdndip
1001 1502 1034 1541 zu
1059 1483 1248 1551 eerzdcbnen,
1271 1483 1365 1541 senten
1390 1483 1467 1541 nicht
1488 1483 1688 1555 erfordcrlirla.
2250 1506 2267 1539 n

687 1651 726 1714 In
749 1653 880 1715 nomine
908 1664 1041 1716 sanctae
1067 1661 1099 1714 et
1121 1649 1311 1714 individuae
1335 1652 1497 1714 trinitatis.
1545 1648 1741 1714 Heinricus⁸
1769 1649 1881 1714 divina
1903 1651 2036 1715 favente
2065 1651 2233 1716 clementia

537 1785 560 1824 11
581 1780 651 1822 rex.
734 1764 868 1822 rovensi>
886 1774 1007 1821 omniurn
1020 1771 1141 1821 fidelium
1157 1768 1340 1820 nostrormn
1356 1775 1431 1821 tani⁰
1453 1773 1642 1837 praesenciam
1660 1787 1741 1835 quarn
1762 1779 1789 1821 et
1808 1772 1979 1821 futurorumi
2002 1772 2156 1827 industria.
2175 1788 2233 1836 qna·

549 1892 559 1929 1
582 1877 644 1929 litor
662 1880 704 1929 vir
723 1877 888 1929 venerabilis
908 1862 1167 1950 Vuodllulpiiusd
1192 1878 1430 1942 Osnabruggensis
1456 1863 1610 1928 videlicet
1634 1876 1770 1928 ccclesiae
1790 1870 1956 1943 episcopus‘¹
1976 1888 2134 1943 nosterque
2153 1876 2232 1929 tidelis

581 1979 736 2027 serenitatis
756 1984 847 2043 nostre
867 1975 1060 2027 clementiano
1083 1976 1179 2026 adiens
1203 1975 1363 2041 postulavit,
1390 1984 1420 2024 ut
1439 1975 1528 2025 eidem
1548 1974 1664 2041 ecclesis,²
1688 1992 1755 2025 suae
1777 1976 1956 2026 immunitatis
1976 1984 2092 2026 nostrae
2114 1988 2142 2026 et
2162 1974 2232 2025 liber·

582 2076 646 2125 tatis
665 2082 842 2140 praeceptum
861 2074 920 2124 lieri
944 2059 1184 2141 mandaremus,
1212 2090 1261 2138 per
1280 2074 1354 2137 quod
1375 2090 1417 2123 res
1442 2080 1470 2123 et
1492 2082 1652 2138 potestates,
1678 2089 1749 2137 quae
1769 2089 1820 2123 suo
1840 2075 1981 2139 episcopio
2006 2075 2070 2123 iure
2096 2075 2232 2125 debentur,
2248 2085 2264 2123 1⁵

581 2174 705 2232 firminsf
727 2198 760 2231 ac
779 2179 888 2247 plenius
907 2181 1008 2231 habere
1028 2179 1169 2230 valuisset.
1208 2180 1293 2229 Cuius
1313 2181 1440 2245 petitioni
1460 2181 1496 2229 ob
1516 2196 1636 2230 amorem
1655 2180 1758 2229 domini
1778 2168 1879 2229 nostri
1900 2165 1975 2229 lesu
1996 2165 2124 2231 Christi
2148 2197 2231 2230 assen-

581 2305 641 2339 sum
667 2289 830 2354 praebentes
859 2290 898 2338 ita
922 2288 1007 2338 fieri&
1035 2288 1208 2337 decrevimus
1239 2294 1267 2335 et
1292 2286 1344 2335 boc
1371 2294 1548 2351 praeceptum
1575 2294 1633 2357 pro
1657 2286 1733 2336 voto
1758 2273 1827 2336 eius
1852 2288 1988 2335 conscribi
2012 2289 2156 2346 iussimus,
2181 2296 2233 2359 per

582 2379 670 2468 quod
693 2395 805 2446 firmiter
828 2397 1044 2461 praecipimus,
1069 2401 1107 2453 ut,
1131 2395 1204 2444 sicut
1221 2407 1238 2437 s
1259 2403 1371 2443 sanctae
1392 2393 1508 2457 ecclesie
1528 2384 1593 2442 deih
1614 2407 1631 2437 a
1652 2410 1701 2459 per
1720 2402 1806 2443 totam
1824 2395 1968 2444 Franciain
1991 2402 2020 2445 et
2039 2397 2191 2446 Saxoniam
2208 2407 2230 2443 et

582 2494 761 2543 immunitatis
787 2495 905 2543 tuitione
932 2499 960 2543 et
985 2499 1191 2542 antecessorum
1215 2496 1371 2541 nostrorum
1398 2507 1492 2556 regum
1512 2491 1643 2541 videlieet
1662 2499 1689 2541 et
1708 2493 1901 2557 imperatorum
1926 2487 2116 2545 auctoritatel
2143 2492 2230 2543 confir·

582 2608 697 2659 mantur,
723 2602 763 2650 its
787 2600 904 2666 praefati
930 2598 1066 2665 praesulis
1092 2599 1173 2648 sedes
1199 2606 1295 2648 sancta
1316 2608 1449 2664 perpetuo
1470 2614 1519 2663 per
1536 2598 1589 2647 boc
1609 2606 1733 2648 nostrum
1752 2608 1929 2664 praeceptum
1948 2599 2062 2649 domino
2085 2598 2229 2666 opitulante
2243 2608 2261 2644 n

581 2696 705 2748 stabilita
724 2699 866 2757 consistat,
886 2706 924 2747 eo
948 2696 1044 2769 pacto
1068 2704 1099 2746 ut
1118 2694 1211 2745 nullus
1231 2696 1313 2746 iudex
1332 2695 1460 2761 publicus
1481 2711 1569 2760 neque
1589 2681 1698 2768 aliqua
1722 2697 1867 2746 iudiciaria
1885 2706 2009 2761 potestas
2028 2691 2103 2748 nutk
2125 2699 2229 2747 comites

582 2804 625 2854 vel
651 2792 861 2855 vicecomites
889 2792 959 2853 sive
988 2805 1063 2853 missi
1083 2803 1213 2852 dominici
1232 2818 1281 2867 per
1299 2808 1424 2867 tempora
1446 2801 1631 2853 discurrentes
1658 2802 1734 2853 loca
1759 2802 1834 2852 illius
1860 2806 2037 2869 episcopatus
2069 2791 2113 2855 ad
2138 2804 2229 2870 placita

583 2911 708 2961 habenda
726 2909 769 2961 vel
788 2911 865 2961 freda
891 2919 950 2961 seu
977 2910 1122 2976 parafreda
1142 2910 1278 2973 exigenda
1296 2916 1345 2959 ant
1364 2916 1474 2974 paratas
1494 2909 1635 2959 faciendas
1656 2909 1698 2959 vel
1718 2910 1894 2961 fideiussores
1914 2909 2054 2961 tollendos
2075 2920 2126 2962 ant
2144 2925 2229 2960 servos

583 3004 635 3068 vel
651 3002 771 3068 liberos
788 3005 856 3067 sive
873 3001 1039 3067 liddones¹
1063 3024 1091 3066 et
1104 3023 1229 3066 caeteros
1250 3013 1282 3065 et
1299 3033 1346 3066 eos
1362 3017 1409 3080 qni
1424 3031 1536 3065 censum
1556 3015 1713 3081 persolvere
1731 3017 1840 3076 debent,
1861 3018 1934 3081 quod
1948 3018 2097 3068 mnndscat
2115 3024 2228 3071 vocatur,

583 3109 626 3174 ad
645 3122 776 3196 pontem
799 3109 1049 3174 restaurandum
1073 3121 1129 3172 aut
1149 3108 1376 3194 corrigendum
1400 3107 1465 3172 ullo
1488 3131 1632 3194 unquam
1656 3121 1801 3195 tempore
1826 3125 2087 3189 constringendos
2110 3106 2259 3196 ingredia

584 3216 734 3281 audeant.
781 3232 878 3281 Liceat
902 3218 999 3280 etiarn
1029 3218 1063 3278 in
1092 3214 1208 3279 eodem
1239 3214 1309 3278 loco
1335 3212 1634 3300 Osnebruggensim
1664 3224 1842 3279 mercatum
1870 3214 1992 3280 habere
2016 3230 2049 3281 et
2074 3228 2227 3282 monetam

583 3322 747 3409 publicam
771 3325 940 3387 instituere
965 3336 998 3387 et
1021 3321 1186 3386 teloneum
1209 3343 1267 3385 seu
1290 3319 1432 3406 vectigal
1456 3323 1543 3385 omni
1567 3334 1713 3407 tempore
1737 3322 1813 3386 inde
1838 3325 1988 3408 accipere
2011 3327 2145 3388 nemine
2161 3343 2225 3386 eon·

583 3429 773 3495 tradicentc.
822 3430 871 3495 Sit
902 3452 1032 3517 quoque
1064 3428 1196 3493 licentia
1226 3442 1351 3508 praefato
1377 3426 1558 3491 venerabili
1588 3444 1718 3508 episcopo
1745 3444 1856 3507 suisque
1882 3446 2093 3496 srrccessoribns
2120 3444 2152 3494 et
2177 3450 2226 3491 sno

584 3535 754 3619 advocato,
779 3568 821 3601 res
843 3551 1003 3617 praedictae
1023 3549 1140 3617 ecclesie
1161 3565 1222 3598 cnm
1243 3549 1369 3598 omnibus
1389 3564 1459 3611 quae
1483 3550 1608 3613 possidet
1627 3548 1670 3599 rel
1690 3549 1822 3615 deinceps
1845 3552 2005 3615 acquisierit
2024 3554 2121 3616 quieto
2140 3549 2225 3599 ordine

585 3658 726 3722 possidere
745 3674 865 3722 suasque
885 3657 1018 3709 ecclesias
1038 3658 1110 3706 iuste
1130 3658 1268 3721 corrigere
1288 3652 1320 3704 et
1341 3662 1416 3704 suas
1438 3671 1537 3706 caunas
1556 3656 1660 3719 absque
1681 3654 1738 3706 ulla
1757 3645 1985 3707 contrarietate
2005 3660 2135 3710 ordinare
2154 3664 2257 3720 amuco

540 3780 562 3818 11
584 3764 738 3829 disponere.
776 3765 893 3831 Insuper
919 3766 1002 3815 etiam
1019 3777 1035 3808 s
1064 3764 1098 3814 ad
1118 3747 1265 3813 eiusdem
1285 3759 1420 3812 ecclesiae
1435 3762 1528 3811 sedem
1542 3762 1679 3826 quoddam
1692 3779 1787 3813 nemus
1801 3763 1844 3813 rel
1858 3765 1989 3814 forestum
2007 3767 2080 3818 infra
2093 3768 2159 3817 haec
2173 3763 2224 3813 lora

584 3863 681 3912 situm:
700 3862 949 3923 Farniuuinckelfl,
970 3863 1168 3920 Brutansten0,
1188 3862 1306 3925 Angare,
1324 3860 1462 3925 Osningc,
1482 3860 1614 3919 Sinitbi‘l,
1636 3861 1856 3925 Bergesbouetf,
1876 3863 2109 3923 Dreuanamerii,
2127 3864 2224 3913 Eteres·

583 3955 673 4019 feid‘,
693 3960 814 4020 Damon,
843 3969 917 4010 cum
942 3947 1029 4009 omni
1053 3946 1248 4030 integritate,
1280 3945 1314 4007 in
1341 3944 1449 4031 porcis
1472 3943 1627 4008 videlicet
1650 3944 1806 4008 silvaticis
1830 3958 1927 4033 atque
1952 3950 2059 4012 cervis
2084 3947 2223 4030 omnique

584 4054 793 4134 venationeu,
818 4075 902 4139 quae
927 4051 987 4116 sub
1011 4050 1120 4115 banno
1144 4050 1249 4115 usuali
1273 4072 1361 4113 more
1393 4050 1437 4114 ad
1459 4050 1614 4113 forestum
1640 4049 1823 4136 deputatur,
1854 4069 1882 4116 in
1905 4073 2092 4134 perpetuumv
2115 4064 2223 4134 proprie-

584 4165 648 4214 tatis
675 4168 786 4213 usan
805 4164 976 4223 donavimus,
1004 4179 1036 4213 ea
1055 4161 1186 4212 videlicet
1208 4164 1314 4212 ratione
1338 4168 1370 4211 ut
1392 4161 1485 4211 nullus
1504 4164 1675 4225 contumacis
1695 4163 1805 4213 deditus
1824 4181 1919 4214 nemus
1938 4165 2123 4231 praelibatum
2141 4166 2254 4214 nostrati

585 4246 710 4311 seilicet
728 4262 818 4309 banno
838 4262 973 4310 munitum
992 4262 1052 4310 sine
1071 4261 1211 4326 praedicte
1231 4260 1304 4309 sedis
1325 4261 1448 4326 episcopi
1468 4258 1511 4309 vel
1532 4262 1650 4325 pastoris
1671 4259 1782 4311 licentia
1801 4262 1893 4312 studio
1912 4264 2031 4313 venandi
2050 4251 2106 4315 vel
2123 4255 2223 4325 aliquod

585 4367 795 4417 huiuscemodi
816 4369 957 4432 negotium
977 4367 1135 4432 peragendi,
1161 4353 1256 4416 sicuti
1279 4354 1381 4416 nostri
1404 4364 1514 4438 patres
1539 4365 1570 4415 et
1593 4365 1816 4418 antecessores
1839 4356 1905 4418 suis
1929 4351 2223 4441 praedecessoribus

586 4472 773 4540 sanxerunt,
799 4482 955 4539 praesumat
981 4476 1091 4523 intrare.
1129 4473 1210 4535 Quod
1235 4473 1258 4522 si
1286 4475 1431 4538 qnisquam
1456 4473 1658 4539 parvipendens
1685 4478 1871 4540 temptaverit,
1898 4477 1968 4525 sciat
1991 4493 2020 4527 se
2047 4486 2104 4529 tarn
2128 4475 2222 4525 divinat

587 4587 668 4636 quarn
688 4578 716 4621 et
734 4578 827 4637 nostre
847 4571 961 4621 ultionis
980 4571 1129 4621 vindictam
1156 4572 1364 4620 incursurum
1390 4587 1440 4621 nec
1461 4587 1515 4620 non
1535 4571 1657 4621 debitum
1676 4588 1725 4638 pro
1745 4572 1847 4623 delicto
1873 4575 1902 4623 in
1923 4573 2044 4638 regalem
2064 4576 2156 4626 fiscum
2173 4566 2222 4619 red·

586 4671 714 4720 diturum.
752 4672 812 4720 Et¹
836 4678 867 4720 ut
891 4655 953 4719 boc
979 4670 1072 4719 venus
1092 4669 1221 4719 credatur
1246 4678 1284 4720 ac
1315 4678 1375 4741 per
1403 4654 1512 4718 futura
1540 4665 1686 4740 tempora
1709 4655 1894 4741 diligentius
1924 4672 2143 4731 conservetur,
2172 4653 2253 4716 hoco

586 4764 697 4848 regiae
721 4764 932 4827 immunitatis
960 4763 1088 4848 insigne
1117 4792 1197 4826 mann
1224 4764 1356 4849 propria
1384 4777 1548 4826 firmavimus
1580 4770 1613 4825 et
1640 4762 1745 4847 sigillo
1769 4774 1879 4826 nostro
1903 4764 2046 4849 imprimi
2075 4764 2221 4829 iussimus·

692 4976 721 5031 8.
745 4975 891 5046 {Bresslaui
951 4978 977 5041 a)
994 4973 1131 5028 Henrious
1151 4976 1173 5027 C
1244 4975 1274 5041 b)
1293 4973 1421 5027 noverint
1440 4974 1462 5025 C
1533 4976 1557 5039 o)
1578 4978 1634 5025 tam
1655 5005 1688 5012 -
1707 4972 1862 5027 futurorum
1881 4976 1948 5040 fehlt
1966 4979 1996 5027 in
2014 4978 2044 5029 Ε
2112 4975 2139 5041 d)
2157 4966 2221 5024 Otbi·

747 5048 833 5101 loscus
852 5046 981 5100 videlieet
1000 5046 1113 5100 ecclesie
1132 5048 1162 5099 os
1182 5046 1363 5114 episcopnsC
1433 5046 1459 5103 e)
1476 5044 1607 5097 serenitas
1624 5051 1746 5097 nostram
1766 5046 1944 5099 clemenciam
1961 5048 1983 5099 0
2054 5048 2077 5116 i)
2097 5050 2159 5102 G:
2171 5037 2219 5116 Nl}

746 5119 1031 5186 Stumpsliep.1807;
1051 5118 1176 5171 licentius
1188 5118 1217 5169 Ε
1281 5122 1311 5186 g)
1328 5117 1366 5168 ita
1383 5114 1442 5167 fieri
1460 5116 1526 5167 C:
1541 5116 1620 5177 NU.;
1638 5115 1749 5184 insuper
1761 5117 1789 5168 Ε
1848 5117 1876 5183 h)
1891 5117 1984 5171 clerici
1997 5119 2025 5170 Ε
2087 5121 2106 5187 i)
2120 5120 2219 5170 anona·

746 5194 816 5242 tates
835 5192 858 5242 C
920 5189 950 5257 k)
968 5191 1032 5243 eto
1095 5190 1115 5257 l)
1130 5190 1158 5240 Ε
1171 5215 1202 5232 =
1216 5189 1246 5240 N
1251 5189 1295 5249 U.,·
1315 5188 1413 5240 litones
1426 5187 1453 5240 0.
1489 5187 1549 5238 Wr'r
1560 5187 1679 5240 dracben
1691 5189 1734 5239 die
1750 5188 1838 5241 Worra
1855 5189 1898 5241 vel
1919 5189 2020 5241 liberos
2039 5189 2097 5245 sive
2115 5184 2250 5241 lindonae

744 5278 829 5328 orcas,
850 5262 910 5314 socii
926 5264 964 5314 εἰσ
983 5265 1012 5313 in
1031 5278 1142 5313 umero
1159 5261 1374 5324 b'eherb'efoanp
1386 5260 1434 5309 der
1452 5257 1511 5311 VU.
1527 5258 1616 5321 seblen
1634 5260 1756 5311 undarat
1768 5260 1855 5312 darcb
1867 5260 2048 5313 Esarerulntsoa
2065 5265 2095 5314 in
2106 5262 2152 5313 don
2166 5254 2219 5306 Teii

744 5333 877 5385 derselden
891 5335 1027 5399 &meacm
1039 5333 1102 5383 sind
1167 5334 1207 5393 m)
1220 5327 1459 5397 OsnebnrgensiC
1524 5329 1553 5395 n)
1565 5329 1598 5395 03
1613 5327 1785 5382 Farwinokel
1798 5331 1837 5393 Ε;
1854 5329 2035 5383 Farnuuinlril
2049 5334 2121 5400 i'U.;
2133 5328 2218 5382 ronu-

745 5404 851 5456 nuinkil
870 5405 933 5458 ΝΕ.
1007 5406 1033 5469 ο)
1053 5404 1119 5467 EL3
1137 5400 1293 5454 Brnunsten
1309 5402 1336 5454 0.
1370 5401 1463 5465 osacen
1480 5400 1529 5451 der
1544 5400 1651 5466 Lesanp
1669 5416 1718 5452 von
1732 5401 1757 5452 L
1776 5418 1865 5467 tropen
1885 5404 1935 5453 seir
1952 5408 2023 5454 trote
2041 5405 2091 5456 der
2107 5401 2159 5456 ΓΕ.
2175 5389 2219 5445 und

745 5476 821 5537 Mt,
841 5477 885 5528 die
896 5474 1067 5527 Hrntansten
1085 5475 1175 5537 sina,
1193 5473 1267 5525 archi
1284 5489 1319 5523 za
1337 5470 1507 5534 amorosa,
1525 5471 1639 5523 amadan
1657 5473 1767 5523 nebmen
1784 5490 1830 5539 aa,
1850 5474 1913 5526 dass
1930 5474 1978 5524 der
1990 5474 2088 5528 Fabler
2106 5466 2216 5547 adalo

747 5550 792 5601 Or.
811 5548 892 5597 stand
962 5552 991 5613 p)
1006 5545 1168 5613 Osninch
1237 5545 1265 5610 qi
1281 5543 1338 5595 CL·
1356 5541 1456 5596 Senete
1474 5542 1501 5593 Ε
1564 5544 1588 5608 r)
1603 5543 1641 5609 E;
1659 5541 1830 5610 Bergisliaud
1847 5545 1880 5609 03
1897 5543 2087 5611 Berpashauid
2105 5543 2155 5597 ΓΕ.
2166 5533 2248 5613 ill-⁵⁰

745 5621 768 5685 s)
787 5617 1005 5671 DeuanamiriC
1074 5618 1096 5677 ti
1114 5616 1163 5668 ΟΕ
1181 5640 1212 5657 --
1232 5614 1315 5674 NU.,·
1332 5583 1493 5666 btenesfeld
1516 5613 1573 5665 Vr.
1647 5615 1676 5679 u)
1695 5630 1860 5681 omnemque
1879 5614 2056 5668 venacionem
2077 5620 2101 5669 C
2161 5612 2184 5675 r)
2197 5617 2218 5655 ¹¹¹

745 5706 821 5757 perp.
841 5690 908 5753 fehlt
928 5689 1000 5740 inC
1071 5688 1106 5751 w)
1124 5686 1216 5737 nsuC
1285 5688 1313 5751 x)
1330 5686 1373 5735 die
1392 5683 1713 5748 Cowdwatimssfomnl
1730 5687 1760 5737 in
1779 5686 1802 5737 C
1821 5687 1901 5752 sollip
1918 5686 2022 5738 aaaron
2039 5686 2148 5742 entstdd
