4798 6486
835 445 1073 502 HEINRICH
1094 447 1134 501 Π.
1175 445 1270 503 1018.
1817 440 1882 502 495

615 633 643 697 Β
1083 631 1250 697 Gerendus
1294 635 1409 720 suique
1452 633 1569 698 fratres
1608 632 1807 698 Godefiidus
1851 646 1883 698 et

230 754 370 828 <quam
392 762 472 805 vero
496 762 557 825 ego
587 752 620 803 et
643 740 712 803 eius
736 739 961 826 appenditias⁰
984 779 1029 787 —
1082 738 1271 825 Arnulphus
1294 740 1376 804 haec
1400 741 1506 826 prima
1529 739 1705 804 dederunt:
1733 741 1883 825 primitus

229 847 353 912 scilicet
376 847 549 911 ecclesiam
573 848 678 911 sancti
694 847 828 910 Martini
851 845 898 910 ibi
922 848 1028 927 sitam,
1084 846 1256 910 eeclesiam
1274 848 1378 910 sancti
1391 846 1534 925 Martini,
1552 846 1594 909 ad
1611 869 1709 932 quam
1721 847 1884 932 pertinent

228 953 271 1019 ad
294 976 391 1040 quam
416 955 581 1039 pertinent
610 954 716 1017 mansi
738 952 867 1017 fiscales
891 964 1030 1038 quatuor
1083 963 1222 1038 quatuor
1238 951 1368 1017 fiscales
1392 954 1498 1016 mansi
1521 975 1595 1016 cum
1614 952 1686 1016 aliis
1705 954 1800 1016 terris
1820 975 1883 1038 que

188 1082 204 1121 s
228 1083 303 1125 eum
326 1059 398 1124 aliis
422 1060 518 1124 terris
542 1081 606 1145 que
630 1058 779 1123 similiter
802 1059 843 1122 ad
861 1082 933 1123 eam
957 1081 1028 1144 per·
1083 1058 1232 1122 similiter
1250 1058 1292 1122 ad
1313 1081 1385 1123 eam
1405 1060 1577 1144 pertinent,
1597 1058 1738 1122 mediam
1758 1069 1884 1144 partem

228 1168 342 1248 tinent,
372 1166 514 1230 mediam
544 1188 623 1230 vero
650 1176 777 1251 partem
801 1165 942 1229 thelonei
965 1166 1029 1229 loci
1083 1164 1225 1228 thelonei
1257 1189 1331 1229 eum
1357 1166 1486 1251 integra
1509 1165 1682 1229 donatione
1708 1178 1739 1229 et
1762 1164 1883 1229 ibidem

229 1274 332 1359 ipsius
349 1274 428 1337 etin
444 1272 647 1337 eodemloeo
664 1272 746 1336 duas
763 1273 915 1349 culturas,
939 1296 1029 1337 man·
1084 1271 1226 1336 cultmas
1248 1272 1340 1353 duae,
1364 1295 1513 1335 mansum
1532 1295 1642 1353 unum,
1663 1272 1884 1336 molendinum

230 1402 301 1443 sum
324 1402 437 1461 unum,
466 1379 689 1443 molendinum
713 1402 813 1442 unum
837 1390 870 1442 et
893 1378 1028 1442 silvamp
1084 1390 1116 1441 et
1146 1377 1261 1441 silvam
1292 1378 1370 1442 adtt
1404 1378 1539 1460 Belfuff,
1575 1380 1751 1442 oratorium
1781 1379 1885 1442 sancti

230 1507 293 1571 que
316 1497 453 1549 vocatur
482 1485 524 1548 ad
548 1484 683 1550 Belfuef
710 1496 742 1549 et
772 1484 893 1549 ibidem
924 1496 1028 1549 orato·
1085 1482 1274 1570 Gangulpbi
1298 1508 1371 1549 cum
1396 1484 1600 1571 appendiciis
1624 1486 1701 1565 suis,
1733 1485 1884 1549 eclesiam

183 1614 211 1652 m
229 1592 312 1655 rium
351 1592 457 1656 sancti
492 1590 682 1677 Gangulphi
720 1614 794 1655 eum
833 1592 1029 1677 appenditiis
1085 1593 1189 1655 saneti
1210 1590 1324 1655 Albini
1348 1615 1421 1655 cum
1447 1593 1551 1655 suis¹¹¹¹
1574 1592 1789 1677 pertinentiis,
1813 1614 1884 1677 pre·

228 1699 306 1779 suis,
336 1697 510 1762 ecelesiam
542 1699 647 1761 sancti
669 1697 782 1761 Albini
810 1721 883 1762 cum
908 1720 1028 1784 appen-
1084 1697 1174 1761 dium
1198 1697 1286 1784 quod
1309 1698 1371 1762 fuit
1394 1698 1531 1762 duorum
1556 1698 1692 1761 fratrum
1714 1698 1885 1761 Heriartvv

229 1804 317 1869 ditiis
342 1806 418 1886 suis,
442 1804 591 1891 predium
616 1804 704 1890 quod
727 1805 788 1868 fuit
809 1804 946 1868 duorum
966 1805 1028 1869 fra·
1085 1816 1117 1867 et
1146 1803 1287 1868 Huberti
1318 1806 1352 1867 in
1382 1805 1410 1867 F
1412 1804 1566 1868 lorinellis
1598 1826 1670 1867 curn
1701 1805 1884 1890 mancipiis,

228 1921 314 1975 trum
329 1910 478 1975 Herialtq
498 1922 530 1975 et
545 1910 686 1975 Huberti
705 1912 739 1974 in
754 1910 938 1975 Florinellis
955 1934 1029 1976 cum
1084 1910 1236 1974 eclesiam
1274 1912 1307 1974 in
1339 1910 1508 1975 Gemoniis
1542 1933 1615 1975 cum
1653 1913 1746 1974 terris
1783 1912 1885 1996 pratis

228 2019 411 2104 mancipiiS,
425 2018 594 2081 dimidiam
607 2017 798 2082 eeclesiamr
813 2019 846 2081 in
859 2016 1028 2082 Gemoniis
1084 2016 1174 2080 silvis
1199 2028 1231 2081 et
1255 2019 1402 2104 quintam
1425 2030 1553 2104 partem
1576 2018 1610 2080 in
1635 2016 1828 2081 Geminulis.

185 2147 211 2187 rs
230 2147 303 2188 eum
334 2126 428 2187 terris
459 2125 560 2210 pratis
591 2124 682 2187 silvis
716 2135 747 2188 et
780 2124 1028 2210 quodcumquc³

228 2230 383 2295 videntur
413 2229 534 2294 habere
565 2232 738 2316 episcopus
771 2241 804 2294 et
832 2231 948 2294 fratres
980 2232 1030 2294 sui

229 2338 263 2401 in
287 2338 377 2401 aliist
400 2336 580 2419 Gemoniis,
605 2337 646 2401 de
663 2337 786 2401 Villare
805 2337 893 2424 quod
912 2339 1031 2402 dieitur
1086 2336 1261 2401 Comitissa
1299 2337 1465 2415 Hassidis,
1504 2335 1722 2401 annuentibus
1760 2337 1884 2400 filiisww

229 2443 578 2508 Ad-duas-eeclesias
621 2444 759 2508 ecclesie
799 2446 903 2508 sancti
940 2445 1030 2507 Petri
1085 2445 1152 2507 suis
1191 2446 1309 2507 comite
1348 2445 1550 2529 Baginere¹¹
1589 2456 1621 2508 et
1658 2443 1883 2526 Lambenou,

231 2552 376 2637 quintam
406 2561 533 2636 partem
565 2563 597 2614 et
626 2552 730 2637 ipsius
753 2551 859 2637 predii
883 2553 1030 2637 quintam
1085 2550 1219 2614 tradidit
1252 2553 1395 2636 quinque
1431 2573 1561 2614 mansos
1594 2549 1681 2635 apud
1713 2549 1885 2613 Melenkyy

185 2683 212 2721 so
230 2669 365 2744 partem,
385 2659 419 2721 in
432 2656 495 2722 alio
507 2680 585 2721 vero
597 2657 720 2721 Villare
734 2657 908 2722 ecelesiam
919 2668 1030 2739 totam,
1085 2670 1118 2721 et
1137 2681 1285 2721 mansum
1306 2669 1338 2720 ct
1358 2657 1528 2721 dimidium
1547 2656 1635 2742 apud
1653 2656 1882 2741 Engremeias3

230 2786 379 2827 mansum
410 2786 509 2827 unum
538 2776 571 2828 et
598 2765 808 2829 medietatem
838 2763 935 2827 villae
967 2786 1030 2850 que
1084 2763 1312 2827 lt'altherusv
1336 2763 1437 2827 frater
1461 2762 1601 2827 Gerardi
1625 2764 1771 2849 episcopi
1794 2786 1884 2826 man-

230 2881 366 2934 vccatur
385 2870 556 2935 Gremeias
580 2882 612 2934 ct
635 2871 843 2934 medietatem
866 2869 943 2933 ville
967 2893 1030 2957 que
1086 2893 1157 2934 sum
1187 2882 1219 2934 et
1250 2870 1420 2934 dimidium
1453 2869 1541 2955 apud
1565 2869 1754 2952 Rollin-se,
1787 2870 1883 2933 Lam-

230 2988 368 3041 voeatur
380 2977 590 3063 Romereyas,
609 2977 782 3041 ecelesiam
798 2977 1030 3063 inVodeleyas
1084 2976 1197 3062 burgis
1229 2977 1269 3040 de
1294 2976 1388 3041 Sarte
1420 2975 1574 3039 allodium
1604 2999 1697 3040 suum
1728 2976 1768 3039 de
1793 2976 1884 3039 Bier-

231 3106 306 3148 eum
337 3083 412 3148 dote
444 3095 476 3147 et
506 3084 703 3170 appenditiis
731 3084 798 3147 suis
826 3097 859 3147 et
882 3107 1030 3147 mansum
1085 3082 1252 3168 goldaebb3
1300 3082 1462 3146 Robertus
1508 3082 1548 3146 de
1588 3083 1730 3146 Thienes
1768 3082 1884 3146 Rome-

186 3215 213 3254 as
230 3213 331 3254 unum
354 3188 410 3269 ibi,
435 3191 469 3253 in
493 3188 634 3254 Colrinis
662 3190 837 3254 ecelesiam
861 3189 1030 3254 dimidiam
1084 3201 1236 3275 reyumce
1261 3212 1335 3253 eum
1358 3189 1508 3270 famillia3
1533 3188 1626 3253 Isaac
1646 3200 1679 3252 et
1696 3188 1797 3252 frater
1815 3190 1884 3252 eius

232 3308 264 3360 et
298 3297 467 3383 praedium
502 3319 575 3360 cum
615 3296 749 3360 cultiuis
784 3298 885 3382 pratis
920 3296 1030 3365 silvisp
1084 3296 1344 3359 Herimannusdd
1382 3308 1484 3359 totum
1527 3295 1680 3359 allodium
1719 3319 1812 3360 suum
1851 3298 1884 3359 in

231 3405 402 3489 mancipiis
433 3416 466 3467 et
490 3403 617 3467 duabus
648 3401 802 3485 cambise,
833 3405 868 3466 in
889 3403 1030 3468 Florefio
1085 3402 1207 3465 Pradia
1223 3413 1255 3465 et
1271 3400 1513 3488 Gomeneeyas3
1531 3402 1629 3466 Wido
1647 3412 1679 3465 et
1694 3402 1767 3465 Eua
1783 3413 1885 3467 totum

232 3533 361 3574 mansos
372 3522 447 3591 tres,
461 3510 681 3574 molendinum
693 3533 803 3591 unum,
817 3511 1031 3594 piseationem
1086 3508 1238 3573 allodium
1263 3508 1303 3572 de
1328 3509 1578 3573 Staulecellisee.

165 3602 170 3609 ’
232 3616 411 3698 dimidiam,
441 3618 474 3680 in
498 3617 648 3681 Flerusia
677 3639 796 3680 nonam
827 3616 867 3680 de
899 3596 1049 3681 culturis

187 3748 214 3787 so
233 3733 265 3787 et
296 3725 435 3808 porcis',
471 3747 552 3810 quos
584 3725 692 3787 mansi
723 3723 866 3803 solmmt,
902 3736 935 3787 et
966 3736 1032 3786 tres

232 3841 342 3915 partes
366 3829 525 3893 ecelesiae
549 3831 582 3893 in
606 3829 728 3893 Lintris
752 3840 785 3892 et
804 3828 1032 3893 Hammetinas

250 4085 313 4142 887.
339 4090 366 4149 ο)
388 4086 550 4155 appenditas
569 4088 606 4151 133
632 4104 668 4138 on
687 4087 764 4138 Stella
785 4087 829 4139 dae
848 4087 1034 4137 aambtmdm
1196 4088 1231 4150 tt)
1252 4086 1314 4149 203
1333 4086 1359 4137 al
1372 4086 1400 4137 Ε
1452 4088 1499 4151 uu)
1519 4086 1583 4149 fehlt
1599 4088 1628 4137 in
1643 4086 1671 4136 Ε
1723 4088 1768 4151 vv)
1789 4084 1887 4137 Heriat

339 4159 479 4211 neaman
503 4160 692 4211 Relativsotzes
721 4159 812 4209 warde
836 4175 899 4209 mun
925 4157 1033 4208 sontica
1195 4158 1223 4219 C,
1241 4173 1280 4207 wo
1290 4157 1385 4221 jedocb
1400 4158 1561 4221 ds'eLenmy
1572 4159 1698 4208 unsicher
1710 4160 1760 4219 ist;
1778 4156 1887 4208 Heriail

340 4233 387 4281 aas
405 4234 434 4281 in
453 4231 502 4281 CD
519 4233 575 4281 eine
592 4231 775 4295 Beatimmunq
797 4230 862 4280 dher
886 4229 928 4279 die
952 4217 1034 4280 ΕΜ·
1195 4230 1233 4295 Ε;
1252 4227 1358 4281 Reriati
1376 4228 1439 4283 ΝΕ.
1458 4228 1589 4279 Konrada
1600 4228 1639 4282 II.
1719 4230 1781 4296 ww)
1800 4226 1890 4280 filisC

341 4303 513 4366 trapunqdee
522 4302 694 4353 Klostersan
704 4302 746 4353 die
756 4301 915 4351 Kircbeeon
924 4299 1034 4350 Lattich
1195 4302 1242 4363 xx)
1270 4300 1300 4350 N
1304 4299 1334 4352 U.
1357 4299 1488 4352 Kmrada
1506 4299 1560 4359 11.,·
1588 4315 1658 4353 eom.
1683 4298 1834 4351 Lamberto
1859 4304 1888 4351 et

341 4374 397 4423 und
424 4373 488 4425 eber
513 4373 562 4425 den
588 4372 756 4438 kdaiqlicbea
781 4372 879 4424 Selrutz
902 4378 1034 4421 erecartm
1195 4368 1334 4439 Ragiuero
1361 4371 1392 4433 03
1429 4371 1472 4421 dis
1507 4370 1670 4435 Umsalanq
1698 4371 1816 4422 orechten
1847 4371 1887 4421 be·

340 4444 370 4509 p)
386 4443 451 4509 sylv.
466 4445 491 4495 B
561 4446 590 4509 q)
611 4445 662 4495 das
681 4444 754 4495 Wort
772 4442 897 4494 ruibale
915 4459 985 4494 corr.
1004 4443 1034 4491 in
1194 4443 1306 4493 aonders
1334 4442 1444 4492 ‹Iesholb
1472 4442 1592 4506 qehotm,
1623 4442 1683 4493 weil
1709 4443 1830 4507 Rapiatur
1855 4442 1885 4495 V.

340 4516 403 4566 oder
418 4531 469 4566 aas
482 4513 597 4567 Herinrt
642 4526 666 4581 r)
688 4514 863 4566 ecclisiamB
908 4514 931 4575 s)
948 4510 1034 4579 quod·
1194 4514 1273 4565 achon
1305 4516 1372 4563 1015
1406 4512 1588 4564 nacbweisbar
1617 4514 1659 4566 die
1690 4514 1888 4576 Grafenwdrde

341 4602 441 4652 umque
454 4587 480 4638 B
542 4586 564 4653 t)
583 4585 653 4637 alliis
667 4586 692 4637 B
754 4592 783 4651 u)
805 4583 919 4636 cambiis
933 4585 970 4647 B,
992 4584 1035 4633 die
1196 4587 1257 4635 inne
1273 4584 1359 4643 botta·
1376 4585 1425 4635 der
1437 4583 1497 4635 hier
1506 4591 1638 4649 paranate
1650 4584 1776 4636 Lombm
1787 4584 1887 4635 scbeint

340 4656 499 4723 Scbmlcunq
514 4658 559 4708 des
571 4656 702 4709 allodium
715 4655 838 4708 Cclriuas
850 4656 920 4706 wird
935 4656 1035 4705 tndem
1196 4657 1339 4707 andnamt
1363 4655 1434 4705 nield
1460 4656 1563 4720 besem
1587 4672 1622 4705 zu
1646 4659 1703 4706 sein
1781 4666 1827 4722 yy)
1850 4656 1887 4717 Ε;

341 4728 508 4793 anaeticum
522 4729 671 4781 Testament
683 4730 728 4780 dea
740 4727 851 4789 Araulf
860 4744 910 4777 son
923 4727 1035 4778 Florem
1195 4725 1324 4778 blelenck
1336 4728 1400 4778 oder
1412 4727 1539 4778 aetnam
1552 4724 1714 4779 MelenekC
1756 4732 1795 4789 zz)
1811 4725 1886 4777 Wal-

340 4815 386 4851 nea
401 4799 531 4863 motet,
551 4799 731 4866 s91.Berlidre
747 4799 810 4852 Dec,
827 4799 925 4849 {natta
941 4802 957 4849 7
972 4800 1035 4848 πο2
1196 4797 1281 4850 terius
1297 4797 1324 4848 Ε
1329 4812 1335 4861 ;
1360 4798 1446 4848 dieser
1463 4798 1573 4849 Bruder
1592 4798 1720 4863 Gerania,
1745 4799 1794 4849 der
1817 4797 1887 4849 auch

340 4878 368 4936 s)
385 4869 472 4937 porcis
490 4872 516 4922 B
1196 4872 1224 4920 in
1240 4870 1288 4920 der
1304 4869 1367 4920 ΝΕ.
1384 4868 1513 4920 Karana
1526 4868 1564 4921 II.
1583 4869 1710 4934 heqeqnet,
1729 4869 1798 4920 roircl
1815 4875 1887 4920 sonat

1195 4957 1251 4991 nur
1284 4943 1313 4990 in
1346 4942 1421 4990 einer
1456 4940 1584 4991 L'rkunde
1612 4940 1728 5001 Biachof
1752 4940 1888 5004 Rapinare

1197 5028 1245 5063 ton
1264 5012 1372 5062 Leuat
1390 5027 1438 5062 von
1458 5015 1528 5061 1029
1545 5012 1697 5073 (Analecta
1713 5026 1784 5078 pour
1801 5013 1888 5063 sauir

1197 5085 1213 5134 ὰ
1234 5083 1315 5136 l’ata.
1334 5083 1415 5136 scolda.
1435 5084 1467 5133 de
1486 5083 1611 5149 Belqs'que
1629 5086 1670 5148 21,
1685 5086 1738 5133 39⁰
1755 5084 1827 5147 91⁰2)
1844 5100 1888 5148 qe·

1196 5161 1296 5213 noant,
1324 5154 1388 5203 atbar
1414 5154 1494 5205 dorm
1521 5153 1642 5205 matam
1669 5170 1695 5206 aa
1721 5153 1789 5205 noch
1815 5155 1889 5205 elaea·

1200 5226 1403 5290 Untersuchrmq
1412 5226 1512 5288 bedorf
1543 5224 1586 5285 aa)
1600 5223 1731 5277 RolierE
1764 5223 1888 5291 bb)Ber·

1196 5295 1279 5417 ffolde
1290 5298 1317 5347 Ε
1355 5306 1396 5355 ccl
1410 5294 1586 5361 Reuereynm
1597 5296 1629 5362 03
1645 5294 1852 5362 Rourereyeum
1863 5297 1890 5348 E

1216 5366 1245 5429 d)
1268 5369 1307 5427 Ε,·
1327 5366 1497 5419 Heimunnus
1515 5368 1550 5426 C‚·
1577 5366 1648 5419 bride
1667 5368 1729 5419 Orto
1749 5369 1813 5418 sind
1834 5374 1887 5420 erat

1196 5439 1282 5489 durch
1301 5439 1491 5504 Schminnqea
1515 5453 1564 5489 von
1590 5442 1659 5491 1064
1684 5440 1742 5490 und
1763 5443 1834 5491 1067
1851 5456 1888 5490 an

1196 5511 1248 5561 das
1274 5511 1383 5561 Kloster
1409 5511 1572 5573 pelcommen,
1605 5511 1654 5575 apl.
1680 5510 1798 5561 Berls'dre
1826 5511 1887 5564 noc.

1197 5580 1293 5631 inedita
1312 5585 1347 5633 17
1365 5581 1396 5631 πθ
1410 5585 1441 5631 11
1508 5584 1550 5633 eei
1573 5582 1611 5642 Ε,·
1630 5581 1807 5648 Stevilecelis,
1826 5583 1889 5633 oder

1197 5652 1314 5716 abach,
1344 5653 1379 5713 C,·
1413 5652 1477 5704 dher
1503 5653 1546 5701 die
1573 5653 1732 5719 Sambana
1758 5654 1832 5705 Eoos
1858 5656 1888 5704 ἐπ

1197 5723 1350 5789 Stupesoul,
1382 5725 1426 5774 die
1452 5729 1505 5775 eret
1532 5727 1602 5775 1049
1628 5725 1727 5790 erfolyt
1756 5726 1805 5790 at,
1837 5726 1887 5791 syl.

1198 5794 1318 5846 Beroen
1335 5812 1399 5848 (aa.
1415 5795 1489 5849 O.14
1508 5798 1569 5847 »¹⁰8
