4804 6498
802 452 1038 509 HEINRIGH
1060 452 1099 508 11.
1143 451 1237 510 1005.
1788 447 1849 510 119

195 654 359 708 nostrorum,
377 645 512 697 famulum
529 653 578 696 sut
595 645 740 712 appendex
759 639 820 697 vel¹
842 645 1046 696 beneficiarium
1065 645 1218 696 subiaceat.
1249 643 1435 695 Concedimus
1454 645 1537 695 etiarn
1557 646 1597 696 eis
1616 643 1759 696 liborum¹¹¹
1777 646 1850 696 arbi·

194 755 277 805 trium
301 755 374 804 inter
391 768 421 804 se
445 752 567 819 eligendi
589 754 718 804 abbatem
748 737 805 803 tali
827 738 950 804 honore
974 737 1108 824 dignum
1132 748 1165 801 el
1187 737 1230 801 ad
1252 736 1288 801 id
1310 735 1454 802 Officium
1477 736 1641 821 idoneum,
1668 759 1699 802 nt
1717 768 1753 803 eo
1772 768 1850 804 sccu-

195 863 252 912 rius
276 861 399 911 divinum
424 861 459 911 ab
481 858 538 910 illis
562 858 711 926 impleatur
735 845 951 910 ministerium
975 874 1152 924 summaeque
1171 860 1335 925 propensius
1358 859 1510 909 maiestatis
1528 873 1579 925 pro
1598 860 1680 911 uobis
1703 858 1851 926 implorent

195 966 336 1018 auxilium.
373 968 490 1033 Insuper
508 968 592 1018 stiam
610 966 796 1025 concedimus,
823 971 854 1015 ιιι
876 965 948 1015 idem
967 965 1054 1016 abbas
1077 966 1186 1031 sibique
1206 966 1351 1016 commissa
1369 967 1550 1032 congregatio
1570 980 1720 1032 eorumque
1739 981 1850 1019 succes-

159 1085 173 1126 ο
195 1091 273 1125 sores
290 1080 454 1141 potestatem
473 1073 594 1126 habeant
611 1073 772 1126 advocatias
792 1073 951 1123 monasterii
969 1073 1013 1123 sui
1033 1073 1079 1122 cui
1098 1071 1185 1125 velint
1203 1072 1287 1123 dandi
1307 1073 1407 1138 cuique
1426 1071 1514 1124 velint
1531 1071 1657 1133 tollendi,
1677 1080 1706 1124 st
1724 1073 1851 1125 utnulla

196 1180 345 1232 cuiuslibet
369 1181 532 1232 iudiciarias
550 1180 693 1246 dignitatis
714 1195 833 1245 persona
857 1180 886 1229 in
905 1180 1029 1230 curtibus
1048 1195 1144 1231 sorum
1162 1177 1317 1245 placitnm¹¹
1336 1180 1438 1231 habers
1464 1187 1629 1246 praesumat,
1655 1179 1808 1232 thelonium
1834 1198 1851 1232 a

196 1289 312 1339 navibus
331 1304 424 1339 eornm
443 1286 537 1338 nullus
556 1288 650 1352 exigat
667 1285 849 1351 ιιιιιίΙὶιιιιιιοο
869 1302 964 1336 eornm
983 1287 1103 1337 bannum
1122 1294 1150 1337 ct
1167 1287 1282 1337 fredssr
1300 1285 1371 1337 nulli
1389 1287 1442 1337 uisi
1461 1287 1555 1338 abbati
1575 1286 1716 1353 persolvat
1734 1287 1850 1340 nullius-

195 1411 249 1460 que
267 1396 320 1445 nisi
337 1395 447 1446 abbatis
467 1393 510 1446 rel
530 1396 566 1445 ab
585 1409 619 1446 eo
639 1394 851 1446 constitutorum
869 1391 1026 1459 placitum¹¹
1044 1393 1178 1454 attendet,
1198 1402 1226 1445 at
1243 1395 1271 1444 in
1289 1393 1408 1459 singulis
1427 1395 1588 1446 civitatibus
1614 1378 1779 1467 regalibus
1805 1394 1868 1447 vel,

196 1502 385 1568 praefectoriis
413 1500 526 1553 liberam
552 1508 717 1568 potestatem
742 1501 862 1553 habeant
886 1502 1006 1552 intrandi
1033 1509 1061 1551 st
1084 1500 1212 1561 exeundi,
1238 1500 1374 1552 vendendi
1399 1507 1426 1553 ct
1450 1501 1567 1563 emendi,
1593 1502 1725 1568 pascendi
1749 1508 1778 1553 et
1803 1502 1849 1553 ad·

151 1625 177 1665 ιο
195 1610 324 1675 aquandi,
349 1610 430 1674 eique
454 1625 540 1674 opera
564 1594 689 1680 regalia
713 1606 757 1658 rel
777 1605 929 1658 comitialia
947 1606 1071 1658 funditus
1090 1607 1283 1673 perdonamus.
1319 1607 1355 1657 Et
1374 1615 1404 1658 ut
1421 1608 1475 1659 hoc
1494 1603 1691 1659 auctoritatiss
1715 1615 1850 1661 uostrae‘l

195 1724 372 1783 praeceptum
390 1716 497 1767 firmum
520 1721 549 1766 st
573 1714 673 1766 stabile
696 1722 863 1782 permaneat,
889 1722 989 1764 mauu
1018 1700 1151 1787 propria
1174 1698 1422 1766 corroborantes
1453 1701 1551 1787 sigilli
1581 1703 1683 1766 nostri
1714 1703 1850 1789 impres·

195 1810 286 1874 sione
308 1809 480 1895 insigniri'
504 1809 667 1873 iussimus.

303 1968 439 2053 Signum
463 1977 547 2047 (M.)·
572 1968 702 2032 domni‘
727 1967 899 2032 Ηοίιιιίοἰῑι
923 1968 1010 2053 regis
1032 1967 1237 2031 invictissimi
1246 1978 1270 2032 '.

302 2119 518 2208 Egilbertus'
541 2120 755 2186 cancellarius
778 2121 851 2185 vice
875 2119 1055 2205 Willigisi¹
1078 2118 1331 2206 archicapellani
1356 2122 1532 2207 recognovi
1540 2130 1571 2184 W.

149 2300 177 2340 ιι
302 2272 391 2337 Data
413 2287 447 2337 v.
471 2271 516 2336 id.
540 2272 633 2359 april.
657 2294 743 2336 anno
767 2271 949 2336 dominicae
974 2273 1206 2336 incarnationis
1227 2287 1291 2355 MV,
1315 2273 1516 2338 indictionev
1537 2284 1610 2356 ΗΠ,
1641 2297 1727 2340 anno
1750 2285 1850 2340 vero'

194 2379 343 2445 domni'²
358 2379 531 2444 Heinrici¹¹
550 2378 686 2444 secundi
703 2380 791 2465 regis
810 2393 869 2461 1113
893 2390 1003 2443 actum
1019 2377 1237 2465 Aquisgrani3
1261 2381 1295 2444 in
1314 2380 1367 2445 dei
1390 2381 1522 2445 nomine
1541 2380 1703 2446 feliciter'
1726 2392 1850 2446 ameu.⁸

991 2697 1055 2783 95.

195 2876 373 2951 Heinrich
408 2877 573 2976 ὂειιᾶιίοι
607 2875 688 2950 dem
721 2874 1064 2950 Ambrosinakloster
1100 2901 1145 2950 zu
1180 2875 1357 2951 Moilnnd
1394 2879 1472 2950 vien
1505 2876 1608 2974 dec
1645 2879 1727 2953 ond
1762 2882 1849 2954 zwei

196 2993 327 3092 Hofen
353 3023 404 3069 on
427 3008 638 3096 qenonnten
667 2992 791 3070 Orien.
1446 3023 1561 3084 nmen
1584 3026 1665 3086 1005
1686 3025 1753 3085 Mai
1771 3029 1802 3086 2.

148 3228 176 3265 eo
304 3204 548 3280 Oripinnldiplom
569 3205 611 3263 im
632 3204 661 3263 k.
687 3203 887 3263 Sluatrorclriv
908 3221 943 3262 zu
966 3202 1103 3263 Moilond
1127 3201 1196 3270 (A).

300 3355 441 3415 Paricelli
457 3357 589 3415 Amlror.
609 3361 728 3415 nnnoat.
749 3374 823 3415 mon.
844 3356 902 3413 333
920 3373 974 3414 orn
991 3355 1018 3412 A
1041 3354 1090 3422 (a)
1109 3375 1151 3401 =
1167 3353 1309 3413 Paricelli
1327 3355 1358 3413 in
1381 3354 1526 3414 Graevirn
1541 3356 1609 3414 Ant.
1629 3356 1693 3416 ilai.
1714 3358 1759 3425 4⁰,
1779 3359 1846 3418 153.

300 3493 344 3502 -
362 3464 483 3522 Armisa
503 3461 619 3522 Coeno.
643 3480 666 3521 s.
687 3463 788 3521 Amin.
808 3462 942 3521 wiotum
963 3462 1051 3521 seius
1073 3461 1115 3520 57
1134 3479 1187 3520 ouo
1202 3462 1257 3519 Aa.
1279 3489 1321 3499 -
1341 3461 1468 3520 Benner
1486 3460 1557 3538 ch.
1578 3463 1646 3522 969.
1664 3492 1709 3503 -
1729 3462 1852 3539 Stumpf

300 3569 372 3644 Rop.
392 3570 480 3629 1402.

306 3721 438 3793 Versum
466 3722 526 3780 ond
553 3721 729 3796 peschrieben
758 3739 812 3779 von
842 3718 909 3789 ΒΟ,
942 3718 994 3778 der
1022 3719 1069 3777 die
1090 3720 1153 3778 οἱον
1174 3717 1247 3779 DD.
1268 3718 1301 3779 Ο.
1319 3719 1346 3779 I.
1365 3721 1434 3779 138.
1461 3719 1495 3780 O.
1513 3719 1578 3780 ΙΙΙ.
1594 3723 1665 3781 236.
1689 3724 1760 3782 265.
1784 3726 1848 3784 266

300 3828 445 3903 οιιοοίοοίο
467 3828 577 3887 benntzt
600 3827 659 3886 und
680 3846 711 3886 so
733 3828 923 3901 msoilortip
944 3827 977 3885 in
999 3826 1137 3886 einander
1158 3826 1393 3900 perrenesius,
1420 3827 1489 3887 dass
1512 3829 1569 3888 wir
1590 3846 1680 3899 zwor,
1710 3848 1771 3889 wua
1793 3849 1847 3891 orn

300 3936 385 3994 iinon
407 3935 529 3993 odirent
550 3935 612 3993 rein
633 3934 722 4003 kann,
744 3933 835 3993 durch
856 3932 1028 3992 Petitdrnolc
1049 3932 1222 4003 bezncirren,
1244 3933 1291 3992 die
1312 3933 1371 3993 Art
1392 3934 1445 3993 der
1467 3934 1755 4011 Znsornnsenretznnq
1778 3937 1847 3996 oder

300 4043 378 4101 niem
406 4041 674 4101 vnonocionls'clren
702 4040 821 4099 snm.
853 4068 896 4079 -
926 4039 993 4099 Deo
1020 4045 1098 4099 sonet
1126 4059 1184 4099 nur
1212 4041 1254 4099 im
1279 4041 1374 4101 Jalre
1397 4043 1476 4103 1004
1505 4042 1741 4102 vorkommenden
1773 4043 1848 4104 Tne!

300 4150 351 4209 iat
368 4147 425 4207 EO
439 4149 514 4208 troil
531 4147 583 4206 der
599 4152 815 4223 nomenonnten
832 4146 893 4205 VU.
912 4152 1096 4205 ernnommerr.
1121 4176 1165 4184 —
1188 4145 1247 4205 Die
1264 4146 1424 4222 Hordlnnp
1444 4149 1484 4207 ist
1501 4150 1535 4207 in
1552 4148 1711 4225 Dornbnry
1728 4152 1847 4226 nsolpt,

301 4276 344 4316 wo
366 4255 418 4314 der
439 4255 538 4331 Kenip
559 4254 758 4314 Weilrnaciten
781 4254 860 4313 1004
881 4254 1002 4328 peseierl
1023 4253 1085 4323 iot,
1108 4254 1163 4328 opi.
1188 4252 1228 4312 N.
1248 4254 1358 4313 Archiv
1379 4256 1432 4323 20,
1454 4256 1512 4314 143
1535 4255 1574 4316 Ν.
1593 4258 1620 4316 1.

148 4453 174 4492 so
300 4427 356 4512 (C.)
386 4423 404 4514 ξ
433 4424 473 4488 In
502 4425 632 4489 nomine
656 4434 789 4487 sanctae
813 4434 846 4487 et
868 4421 1058 4486 individuae
1081 4422 1244 4486 trinitatis
1291 4422 1467 4487 Heinricus
1491 4423 1604 4489 divina
1626 4424 1758 4490 favente
1783 4425 1846 4491 cle-

192 4534 314 4597 mentia
344 4555 403 4596 rex
427 4531 629 4595 Francorum
658 4541 756 4616 alque
780 4526 1083 4615 Langobardorum.
1199 4530 1337 4615 Semper
1359 4531 1446 4593 enim
1470 4531 1589 4595 iustum
1613 4530 1709 4596 nobis
1733 4532 1847 4623 esse}

192 4639 332 4721 videtur,
360 4639 513 4725 quatinus
542 4639 635 4702 iustis
665 4634 876 4723 petitionibus
906 4648 1089 4700 nostrorum
1112 4634 1257 4699 fidelium
1289 4658 1385 4700 aures
1414 4635 1598 4723 benignas·
1628 4638 1846 4705 accomodare

192 4769 258 4812 non
281 4746 479 4827 differamus,
510 4767 569 4831 pro
593 4742 711 4831 quibus
742 4766 798 4806 eos
820 4741 983 4806 fideliores
1013 4764 1086 4805 esse
1114 4740 1208 4806 nobis
1237 4755 1314 4807 nullo
1341 4757 1422 4808 modo
1449 4759 1615 4810 dubitamus.
1661 4745 1758 4810 Unde
1787 4762 1847 4811 fors

192 4874 288 4918 notum
306 4866 434 4918 volumus
457 4849 606 4919 omnibus
631 4866 730 4915 nostris
748 4879 765 4909 r
785 4862 912 4914 fidelibus
936 4864 987 4913 snb
1012 4870 1125 4914 nostro
1151 4850 1221 4913 iure
1246 4861 1278 4913 ei
1303 4866 1454 4929 regimine
1480 4865 1706 4931 degentibus,
1729 4852 1846 4917 Iohan-

148 4990 175 5031 ιο
192 4982 268 5025 nem
290 4958 444 5026 abbatem
467 4957 619 5024 abbatiae
642 4975 732 5023 sancti
755 4972 893 5023 Ambrosii
919 4980 1133 5036 sanctorumque
1149 4984 1166 5017 r
1193 4978 1342 5037 martyrum
1365 4972 1485 5024 Protesii
1511 4971 1609 5046 alque
1633 4974 1771 5035 (lornarii,
1799 4975 1846 5025 ubi

194 5089 305 5132 eorum
329 5097 445 5147 corpora
464 5082 640 5145 requiescunt
659 5063 814 5129 nobiliter
835 5063 1003 5145 tumulata,
1026 5076 1170 5128 nostram
1188 5062 1380 5151 Dorinburg
1401 5081 1504 5145 perisse
1525 5065 1742 5149 clementiam,
1767 5090 1846 5155 qua-

192 5175 279 5239 tinus
302 5186 408 5239 cortes
436 5197 535 5260 supra
559 5173 665 5238 dietae
691 5170 868 5261 [a]bbatiae
897 5171 1096 5257 pertinentes
1124 5201 1186 5234 cum
1212 5186 1285 5234 omui
1310 5201 1361 5236 sna
1388 5187 1549 5252 integritate
1575 5204 1624 5253 par
1648 5187 1731 5239 huius
1758 5190 1845 5239 nostri

280 5385 327 5442 el.
351 5386 372 5455 l)
390 5387 423 5438 Η
440 5412 470 5430 =
488 5386 548 5441 VU.
566 5387 623 5437 und
640 5385 702 5439 ΝΗ.
722 5385 837 5453 Stumpf
851 5384 915 5450 lisy.
933 5386 1021 5445 267&
1038 5388 1087 5436 aut
1106 5384 1182 5436 ΒΟΕ
1258 5386 1295 5451 m)
1315 5384 1432 5439 liberum
1452 5385 1491 5439 cis
1511 5387 1539 5438 Ε
1612 5388 1640 5445 nl
1660 5387 1799 5455 placidum
1818 5388 1850 5440 H

353 5466 380 5523 ο)
400 5458 470 5525 ΒΗ;
494 5456 598 5509 familis
616 5458 665 5509 Bo
750 5458 780 5526 p)
803 5454 898 5510 fraeda
915 5455 947 5505 H
1033 5458 1063 5523 q)
1085 5461 1208 5507 nostrum
1227 5456 1259 5507 H
1345 5461 1370 5523 r)
1391 5457 1487 5527 signiri
1506 5458 1538 5510 H
1623 5468 1646 5523 a)
1673 5461 1710 5514 ld
1730 5460 1797 5524 sene
1816 5463 1846 5512 in

147 5546 176 5584 ιο
354 5530 384 5582 H
385 5548 396 5592 ,·
414 5534 444 5582 in
463 5530 516 5581 ΒΕ
530 5546 576 5580 am
594 5529 670 5581 nno
687 5529 736 5580 der
753 5528 824 5581 Zeilc
885 5528 908 5595 ι)
926 5520 975 5581 dni
993 5527 1047 5579 ΒΕ
1107 5530 1135 5593 ιι)
1154 5525 1269 5580 Henrici
1288 5528 1363 5581 Ber
1423 5531 1451 5597 v)
1470 5530 1539 5594 fehlt
1558 5533 1588 5582 in
1603 5531 1632 5595 C,
1650 5532 1846 5597 noelpetropsn

353 5605 382 5653 in
402 5602 427 5652 B
515 5600 819 5667 carmentriacensis
841 5600 909 5664 fehlt
932 5603 962 5653 in
987 5600 1015 5663 C,
1037 5598 1233 5665 nochpetropen
1250 5601 1281 5651 in
1299 5600 1324 5650 Β
1413 5606 1442 5669 ιι)
1462 5598 1582 5671 Wiligisi
1602 5602 1629 5653 Β
1717 5604 1745 5670 y)
1763 5615 1797 5654 111
1816 5604 1850 5655 Η

351 5674 377 5739 z)
403 5671 507 5725 domini
531 5672 562 5724 H
666 5676 694 5739 a)
721 5673 791 5723 naon
814 5673 888 5724 einer
912 5670 1110 5737 Besrlrrridnno
1133 5670 1179 5723 des
1202 5670 1300 5737 Sicoris
1324 5673 1355 5723 in
1379 5671 1412 5723 H
1431 5673 1496 5739 (ool.
1522 5674 1592 5725 oncis
1615 5674 1665 5725 den
1692 5675 1722 5725 r'n
1749 5674 1845 5729 Westd.

352 5744 481 5798 Zeitsclrr.
501 5748 527 5809 5,
546 5746 583 5794 22
600 5743 785 5809 mnqnnneen
802 5744 922 5809 Eintrop
939 5746 969 5796 in
987 5743 1025 5804 B)
1043 5758 1102 5793 war
1119 5742 1164 5796 SI.
1183 5744 1201 5792 2
1218 5742 1381 5798 vorhonden.

281 5834 327 5890 96.
353 5830 641 5902 Hieremiam-Bloch]
697 5836 724 5897 a)
745 5833 834 5885 linter
851 5831 887 5885 be
903 5835 947 5884 ein
964 5849 984 5901 g
1001 5832 1158 5885 uuerden
