4836 6492
1123 437 1588 494 KAISERURKUNDEN.

1305 622 1398 710 452.

531 786 707 862 Heinrich
741 785 887 861 scbcnkt
920 786 999 860 dem
1024 784 1318 860 Nonaenldorter
1343 785 1516 860 Doaoeck
1547 786 1606 859 cin
1635 810 1709 859 oon
1743 785 1814 858 den
1838 782 1968 881 freien
1994 784 2182 858 Mdnuem

528 908 698 1006 Loupcrt
728 905 810 980 ond
839 905 1001 1005 Liadper
1032 905 1073 978 in
1107 904 1167 979 des
1198 904 1350 978 Kaisers
1375 905 1492 979 Beaitz
1524 903 1771 1004 pekommenes
1798 902 1874 979 θαι
1905 929 1949 977 zo
1974 902 2179 978 Hendeber.

1757 1049 1924 1126 Mcrsebarp
1946 1079 1990 1090 -
2013 1080 2057 1089 —
2080 1080 2135 1107 —.

638 1214 882 1291 Ompiualdoplom
904 1214 945 1272 im
969 1214 1068 1283 sttrstl.
1090 1211 1312 1288 Stolberpiscben
1335 1212 1445 1272 Archiv
1467 1231 1501 1271 zu
1523 1211 1725 1287 Wcruioerodc
1749 1212 1820 1278 (A).
2201 1225 2216 1265 s

635 1358 774 1416 Bresslou
802 1355 874 1415 DD.
904 1361 1014 1414 centum
1037 1357 1077 1413 37
1099 1357 1131 1413 πο
1150 1357 1192 1414 25
1218 1373 1271 1413 aas
1293 1355 1330 1414 A.
1355 1383 1397 1394 -
1427 1353 1550 1429 Stumps
1568 1357 1642 1414 Acta
1670 1355 1745 1413 iuod.
1771 1356 1830 1413 379
1859 1356 1891 1413 πθ
1911 1355 1974 1415 270
1997 1372 2050 1412 aas
2073 1356 2109 1413 A.
2134 1383 2179 1392 —

634 1464 741 1525 Jacobs
764 1463 932 1522 Drrtbeclcor
953 1463 1017 1522 ΗΒ.
1038 1462 1058 1519 7
1080 1464 1147 1521 n⁰7
1170 1480 1223 1520 aas
1245 1464 1280 1520 A.
1306 1491 1350 1500 -
1374 1460 1708 1536 Sturapreq.1770“.

639 1607 772 1677 Versasst
794 1607 853 1664 aud
874 1606 1051 1679 amoto-imon
1072 1623 1127 1663 ooo
1147 1604 1214 1664 GB.
1253 1603 1312 1663 Dic
1334 1604 1469 1663 Creonte
1491 1604 1567 1662 boun
1591 1623 1685 1679 tropea
1703 1605 1755 1663 der
1772 1603 1958 1679 Recopuitiou
1979 1604 2057 1662 nicht
2076 1604 2180 1674 [ruber

634 1718 775 1789 ouqmetzt
797 1713 918 1781 uerdm,
949 1712 1009 1771 and
1031 1712 1076 1770 eiu
1099 1717 1229 1786 malem
1251 1712 1424 1783 Aufeutbolt
1445 1711 1494 1770 des
1517 1711 1641 1770 Kaisers
1670 1712 1702 1769 ia
1725 1709 1892 1786 Merseburp
1921 1711 1960 1770 ist
1989 1711 2067 1769 nicht
2096 1710 2178 1769 uach·

634 1821 771 1893 weisbar;
794 1820 923 1880 bberdias
940 1820 1049 1878 stimott
1067 1818 1120 1877 dos
1138 1817 1241 1878 Dictat
1258 1819 1312 1877 mit
1329 1819 1392 1878 doru
1412 1819 1464 1877 der
1481 1818 1545 1896 drei
1563 1818 1793 1893 oorcuqebeudeu
1811 1816 1884 1875 DD.
1904 1818 2030 1889 ticlfoch
2048 1817 2178 1876 wortlicl
2198 1837 2225 1876 ro

634 1929 759 1987 ϋὺθνεὶπ.

636 2105 694 2177 (C.)
717 2094 735 2184 ξ
758 2096 926 2160 Inominc⁸
956 2106 1088 2159 sanctae
1119 2104 1151 2158 et
1179 2093 1370 2158 individuae
1397 2094 1559 2158 trinitatis,
1606 2092 1781 2157 Heinricus
1812 2091 1924 2156 divina
1953 2093 2084 2157 favente
2114 2092 2178 2157 cle·

527 2206 650 2269 mentia
673 2204 891 2267 Romanorum
915 2203 1092 2288 imperator
1113 2212 1281 2287 augustus.
1390 2201 1426 2267 Si
1449 2198 1651 2265 venerabilia
1681 2198 1914 2264 aecclesiarum
1945 2199 1998 2264 dei
2024 2199 2097 2265 loca
2120 2199 2178 2264 ali·

528 2313 621 2376 cuius
644 2310 721 2375 doni
739 2307 757 2398 ff
775 2308 945 2374 commodo
966 2307 1069 2373 ditare
1089 2331 1127 2373 ac
1151 2307 1326 2372 sublimare
1351 2306 1579 2387 studuerimus,
1603 2305 1697 2371 nobis
1720 2306 1755 2371 id
1778 2308 1936 2393 regnique
1959 2308 2061 2371 nostri
2080 2308 2178 2371 statui

527 2418 731 2505 profuturum
766 2439 838 2481 esse
872 2416 1004 2480 minime
1040 2414 1236 2480 dubitamus.
1295 2414 1503 2501 Quapropter
1537 2415 1664 2479 noverit
1699 2416 1843 2478 omniurn
1878 2412 1998 2478 Christi
2032 2413 2177 2477 fidelium
2197 2439 2223 2479 ra

527 2536 775 2611 nostrorumque
804 2524 1011 2605 universitas,
1042 2521 1180 2609 qualiter
1209 2545 1268 2587 nos
1298 2545 1357 2608 pro
1388 2520 1532 2586 remedio
1563 2521 1691 2585 animae
1721 2520 1872 2585 nostraeb
1895 2543 1956 2585 nec
1986 2543 2051 2585 non
2079 2519 2177 2585 dilec-

525 2632 671 2696 tissimae
688 2629 877 2696 contectalis
892 2640 1022 2694 nostrae
1039 2628 1234 2715 Cunigrmde
1249 2627 1405 2693 videlicet
1419 2628 1636 2715 imperatricis
1652 2640 1821 2713 augustae,
1838 2629 2022 2692 interventu
2037 2629 2177 2692 aetiam⁸

526 2762 566 2804 ac
589 2740 751 2826 peticione
771 2736 954 2824 Gerbirgae
977 2734 1174 2801 venerabilis
1197 2734 1383 2800 abbatissae
1407 2735 1538 2800 cuidam
1561 2745 1671 2800 nostro
1695 2735 1833 2820 insigni⁰
1858 2735 2053 2799 monasterio
2073 2733 2177 2799 Thrn·

526 2844 598 2909 biki
621 2844 707 2910 dicto
730 2847 765 2909 in
788 2845 910 2910 honore
934 2855 1066 2909 sanctae
1090 2843 1145 2908 dei
1167 2843 1334 2928 genitricis
1353 2842 1478 2907 Mariae
1502 2843 1672 2929 sanctique
1690 2841 1760 2906 Uiti
1783 2842 1925 2905 martiris
1944 2840 2094 2906 dedicato
2113 2840 2176 2905 tale

526 2952 686 3040 predium,
711 2952 805 3039 quale
829 2974 850 3015 a
873 2949 1068 3038 quibusdam
1091 2949 1204 3015 liberis
1223 2948 1408 3015 hominibus
1426 2949 1591 3036 Lanperto
1610 2948 1735 3013 scilicet
1754 2960 1786 3013 ct
1804 2947 1969 3035 Lindgero
1989 2947 2032 3012 ad
2049 2960 2177 3012 nostras
2195 2971 2223 3011 ao

525 3083 641 3124 manus
664 3059 807 3145 legitime
831 3069 1025 3145 perventum
1049 3068 1107 3139 est,
1132 3058 1229 3122 situm
1252 3059 1286 3120 in
1308 3056 1388 3121 villa
1405 3055 1611 3121 Hadcburrm
1632 3056 1667 3119 in
1689 3078 1775 3142 pago
1794 3054 1951 3140 Hardego
1969 3057 2004 3118 in
2023 3056 2177 3119 comitatu

525 3189 604 3232 vero
627 3165 786 3252 Lindgeri
810 3165 937 3230 comitis
961 3188 1035 3230 cum
1059 3163 1209 3229 omnibus
1233 3165 1299 3228 suis
1323 3164 1526 3250 pertinentiis
1550 3164 1637 3248 agris
1668 3164 1753 3227 areis
1776 3161 1935 3226 aedificiis
1965 3163 2059 3226 terris
2083 3161 2176 3225 cultis

526 3283 560 3338 et
581 3274 712 3338 incultis
743 3273 833 3337 silvis
860 3270 1088 3336 venationibus
1118 3272 1212 3358 aquis
1242 3293 1466 3357 aquarumque
1496 3268 1688 3335 decursibus
1718 3267 1953 3355 piscationibus
1983 3267 2176 3333 molendinis

525 3380 656 3465 pascuis
686 3378 814 3467 prat[i]s
843 3380 906 3443 viis
937 3389 969 3443 et
998 3378 1095 3442 inviis
1126 3375 1268 3442 exitibus
1299 3387 1332 3441 et
1360 3376 1521 3441 reditibus
1551 3377 1685 3464 quesitis
1716 3387 1749 3440 et
1778 3373 1981 3462 inquirendis
2004 3375 2175 3461 mancipiis

526 3486 693 3572 utriusque
717 3509 816 3550 sexus
847 3498 880 3549 et
909 3485 1058 3549 omnibns
1089 3506 1173 3571 quae
1204 3483 1366 3571 quomodo
1396 3484 1557 3548 nominari
1587 3483 1659 3547 relb
1691 3481 1790 3547 scribi
1820 3493 1955 3568 possunt
1984 3480 2176 3546 utilitatibus
2193 3504 2221 3545 rs

526 3592 569 3657 ad
598 3594 704 3680 ipsum
734 3593 884 3679 predium
916 3591 1154 3678 pertinentibus
1184 3614 1243 3677 per
1272 3590 1357 3655 hanc
1386 3604 1530 3656 nostram
1560 3589 1762 3677 imperialem
1790 3590 1945 3675 pagiuam
1968 3587 2176 3653 concedimus

526 3709 624 3786 atque
654 3699 809 3785 largimur
839 3711 872 3764 et
901 3699 942 3764 de
973 3710 1083 3763 nostro
1113 3700 1184 3762 iure
1207 3720 1246 3763 ac
1270 3698 1413 3762 dominio
1437 3698 1471 3761 in
1494 3698 1564 3762 eius
1588 3698 1638 3762 ius
1662 3708 1695 3761 et
1717 3696 1896 3761 dominium
1920 3697 2050 3760 omnino
2074 3706 2176 3759 hans·

525 3805 701 3889 iimdimus,
731 3829 772 3871 ea
794 3808 919 3871 ratione
950 3816 985 3870 ut
1015 3808 1080 3871 iam
1104 3804 1193 3870 dicta
1217 3803 1364 3870 eiusdem
1386 3804 1575 3868 monasterii
1598 3801 1795 3868 venerabilis
1819 3801 1987 3867 abbatissa
2010 3800 2176 3890 G[e]rbirc

525 3913 653 4001 sibique
677 3914 890 3979 succedentes
913 3912 1051 3978 liberam
1074 3912 1193 3978 dehinc
1223 3910 1365 3977 habeant
1392 3910 1432 3976 de
1459 3909 1599 3999 [cladem
1622 3908 1847 3998 propr[i]etate
1869 3920 2064 3996 potestatem
2086 3910 2175 3996 quic·

524 4020 604 4108 quid
628 4021 674 4085 eis
698 4020 884 4109 placuerlilt
907 4020 949 4085 ad
971 4043 1066 4084 usum
1090 4019 1270 4084 aecclesiae
1294 4017 1446 4084 faciendi.
1493 4018 1536 4082 Et
1565 4027 1602 4081 ut
1631 4015 1713 4081 haec
1742 4027 1872 4081 nostrae
1895 4015 2078 4080 donationis
2101 4039 2176 4081 auc·
2195 4039 2223 4080 ao

525 4130 638 4193 toritas
662 4127 787 4193 stabilis
818 4138 850 4192 et
880 4127 1073 4192 inconvulsa
1102 4127 1190 4191 omni
1217 4126 1367 4213 posthinc
1390 4135 1582 4212 permaneat
1604 4134 1761 4211 tempore,
1791 4122 1852 4188 hoc
1882 4134 2073 4210 preceptum
2100 4121 2177 4187 inde

527 4236 746 4321 conscriptum
769 4257 868 4299 mann
890 4235 1024 4321 propria
1046 4233 1298 4299 coroborantes⁸
1320 4232 1417 4319 sigilli
1440 4232 1541 4296 nostri
1564 4231 1767 4317 inpressione
1790 4231 1942 4294 iussimus
1965 4230 2123 4316 insigniri.

633 4375 650 4466 ξ
674 4378 811 4463 Signum
834 4376 944 4441 domni
967 4376 1117 4441 Heinrici
1140 4376 1360 4441 Romanorum
1382 4375 1589 4439 invictissimi
1612 4374 1675 4458 (M.)
1698 4373 1904 4459 imperatoris
1927 4370 2101 4460 augusti}

633 4518 650 4609 ᾖ
674 4518 873 4585 Guntherius
897 4518 1111 4584 cancellarius
1135 4519 1208 4582 rice
1231 4516 1394 4583 Arebonis
1418 4516 1694 4605 archicappellani
1717 4513 1973 4603 recognon'tQ
2010 4520 2067 4598 (SI.
2083 4520 2134 4597 D.)

633 4664 742 4729 Data⁰
851 4662 1048 4728 indictione⁶
1157 4684 1275 4744 ,anno
1300 4660 1483 4726 dominicae
1507 4660 1740 4724 incarnationis
1758 4658 1951 4723 millesimo⁶
2061 4679 2177 4739 ,anno
2195 4678 2223 4720 a

525 4770 738 4837 verodomni
763 4769 1281 4855 Heinricisecundiregnantise
1390 4767 1552 4853 ,imperii
1574 4776 1704 4831 autem⁰
1813 4775 1955 4849 3actum
1976 4762 2178 4830 Merseburc.

1303 5050 1399 5137 453.

526 5216 705 5292 Heinrich
737 5216 882 5291 scbeulct
916 5216 982 5290 der
1006 5214 1257 5314 biscbbflicbcn
1283 5213 1421 5287 Kirclte
1449 5239 1494 5287 zu
1519 5212 1703 5312 Bomberp
1735 5211 1795 5286 die
1822 5209 1937 5288 Gsrter
1961 5209 2076 5284 Irb'cb
2100 5208 2182 5284 aad

527 5336 728 5411 Krommel.
1560 5359 1713 5435 aarum
1733 5358 1893 5419 roanos
1915 5358 1952 5416 11
1975 5384 2018 5396 -
2041 5357 2132 5419 1022.

637 5528 880 5604 Orioinaldiplom
902 5527 944 5586 im
966 5526 995 5585 k.
1017 5524 1217 5585 Stoatrcrcbic
1239 5542 1273 5581 zu
1299 5521 1417 5581 Goblcuz
1441 5522 1513 5588 (A).
2193 5538 2219 5577 to

598 5729 663 5786 tte.
689 5730 835 5800 [Bresslau]
879 5733 906 5799 a)
929 5732 954 5783 A
1037 5729 1066 5795 h)
1089 5729 1216 5781 debiam·
1233 5729 1319 5779 lrlor'ne
1337 5728 1430 5779 Roour
1511 5728 1537 5794 c)
1564 5723 1664 5794 insigni
1681 5727 1737 5790 aas
1749 5725 1844 5778 Raaur
1918 5722 1947 5792 d)
1970 5738 2071 5776 coorr.
2089 5737 2177 5790 anag

688 5804 713 5869 e)
732 5803 858 5856 datiam
875 5802 1072 5869 mmortallto
1091 5801 1206 5855 Lutea
