<?xml version="1.0" encoding="UTF-8"?>
<!DOCTYPE html PUBLIC "-//W3C//DTD XHTML 1.0 Transitional//EN"
    "http://www.w3.org/TR/xhtml1/DTD/xhtml1-transitional.dtd">
<html xmlns="http://www.w3.org/1999/xhtml" xml:lang="en" lang="en">
 <head>
  <title>
</title>
<meta http-equiv="Content-Type" content="text/html;charset=utf-8" />
  <meta name='ocr-system' content='tesseract 3.04.00' />
  <meta name='ocr-capabilities' content='ocr_page ocr_carea ocr_par ocr_line ocrx_word'/>
</head>
<body>
  <div class='ocr_page' id='page_1' title='image "./monumentagerman01gescgoog_0253.png"; bbox 0 0 4836 6504; ppageno 0'>
   <div class='ocr_carea' id='block_1_1' title="bbox 546 380 1609 443">
    <p class='ocr_par' dir='ltr' id='par_1_1' title="bbox 546 380 1609 443">
     <span class='ocr_line' id='line_1_1' title="bbox 546 380 1609 443; baseline -0.003 -1"><span class='ocrx_word' id='word_1_1' title='bbox 546 380 612 443; x_wconf 83' lang='grc'><strong>218</strong></span> <span class='ocrx_word' id='word_1_2' title='bbox 1146 386 1609 443; x_wconf 79' lang='lat' dir='ltr'><strong>KAISERURKUNDEN.</strong></span> 
     </span>
    </p>
   </div>
   <div class='ocr_carea' id='block_1_2' title="bbox 548 568 2204 978">
    <p class='ocr_par' dir='ltr' id='par_1_2' title="bbox 548 568 2204 978">
     <span class='ocr_line' id='line_1_2' title="bbox 548 568 2204 660; baseline -0.004 -22"><span class='ocrx_word' id='word_1_3' title='bbox 548 596 569 638; x_wconf 88' lang='lat' dir='ltr'><strong>a</strong></span> <span class='ocrx_word' id='word_1_4' title='bbox 592 573 723 637; x_wconf 88' lang='lat' dir='ltr'><strong>familiis</strong></span> <span class='ocrx_word' id='word_1_5' title='bbox 747 575 849 660; x_wconf 89' lang='lat' dir='ltr'><strong>ipsius</strong></span> <span class='ocrx_word' id='word_1_6' title='bbox 871 574 936 638; x_wconf 93' lang='lat' dir='ltr'><strong>loci</strong></span> <span class='ocrx_word' id='word_1_7' title='bbox 959 573 1059 638; x_wconf 92' lang='lat' dir='ltr'><strong>ullum</strong></span> <span class='ocrx_word' id='word_1_8' title='bbox 1079 574 1318 659; x_wconf 89' lang='lat' dir='ltr'><strong>portonaticum</strong></span> <span class='ocrx_word' id='word_1_9' title='bbox 1334 572 1518 637; x_wconf 77' lang='lat' dir='ltr'><strong>toloneum⁸</strong></span> <span class='ocrx_word' id='word_1_10' title='bbox 1534 582 1590 635; x_wconf 89' lang='lat' dir='ltr'><strong>aut</strong></span> <span class='ocrx_word' id='word_1_11' title='bbox 1605 571 1778 657; x_wconf 81' lang='lat' dir='ltr'>ripaticum</span> <span class='ocrx_word' id='word_1_12' title='bbox 1794 569 1848 634; x_wconf 89' lang='lat' dir='ltr'><strong>vel</strong></span> <span class='ocrx_word' id='word_1_13' title='bbox 1864 568 2010 657; x_wconf 71' lang='lat' dir='ltr'><strong>quelibet</strong></span> <span class='ocrx_word' id='word_1_14' title='bbox 2024 568 2204 654; x_wconf 84' lang='lat' dir='ltr'><strong>vectigalia</strong></span> 
     </span>
     <span class='ocr_line' id='line_1_3' title="bbox 549 675 2203 767; baseline -0.004 -23"><span class='ocrx_word' id='word_1_15' title='bbox 549 682 695 767; x_wconf 90' lang='lat' dir='ltr'><strong>requirat</strong></span> <span class='ocrx_word' id='word_1_16' title='bbox 718 680 846 765; x_wconf 77' lang='lat' dir='ltr'><strong>exigat3</strong></span> <span class='ocrx_word' id='word_1_17' title='bbox 877 679 936 743; x_wconf 88' lang='lat' dir='ltr'><strong>sed</strong></span> <span class='ocrx_word' id='word_1_18' title='bbox 959 680 1000 743; x_wconf 90' lang='lat' dir='ltr'><strong>sit</strong></span> <span class='ocrx_word' id='word_1_19' title='bbox 1022 690 1147 743; x_wconf 86' lang='lat' dir='ltr'><strong>tantum</strong></span> <span class='ocrx_word' id='word_1_20' title='bbox 1170 678 1326 765; x_wconf 86' lang='lat' dir='ltr'><strong>placitum</strong></span> <span class='ocrx_word' id='word_1_21' title='bbox 1351 678 1391 743; x_wconf 91' lang='lat' dir='ltr'><strong>de</strong></span> <span class='ocrx_word' id='word_1_22' title='bbox 1419 677 1517 743; x_wconf 87' lang='lat' dir='ltr'><strong>rebus</strong></span> <span class='ocrx_word' id='word_1_23' title='bbox 1541 677 1687 742; x_wconf 89' lang='lat' dir='ltr'><strong>eiusdem</strong></span> <span class='ocrx_word' id='word_1_24' title='bbox 1711 676 1775 741; x_wconf 92' lang='lat' dir='ltr'><strong>loci</strong></span> <span class='ocrx_word' id='word_1_25' title='bbox 1804 678 1839 740; x_wconf 91' lang='lat' dir='ltr'><strong>in</strong></span> <span class='ocrx_word' id='word_1_26' title='bbox 1861 676 2027 764; x_wconf 72' lang='lat' dir='ltr'><strong>presentia</strong></span> <span class='ocrx_word' id='word_1_27' title='bbox 2050 675 2203 739; x_wconf 81' lang='lat' dir='ltr'><strong>advocati</strong></span> 
     </span>
     <span class='ocr_line' id='line_1_4' title="bbox 549 786 2203 867; baseline -0.003 -17"><span class='ocrx_word' id='word_1_28' title='bbox 549 786 603 851; x_wconf 81' lang='lat' dir='ltr'><strong>vel</strong></span> <span class='ocrx_word' id='word_1_29' title='bbox 625 788 726 851; x_wconf 78' lang='lat' dir='ltr'><strong>nostrl</strong></span> <span class='ocrx_word' id='word_1_30' title='bbox 750 787 850 849; x_wconf 82' lang='lat' dir='ltr'><strong>missi.</strong></span> <span class='ocrx_word' id='word_1_31' title='bbox 895 801 924 850; x_wconf 91' lang='lat' dir='ltr'><strong>Si</strong></span> <span class='ocrx_word' id='word_1_32' title='bbox 944 801 1006 865; x_wconf 87' lang='lat' dir='ltr'><strong>quis</strong></span> <span class='ocrx_word' id='word_1_33' title='bbox 1025 808 1104 850; x_wconf 75' lang='lat' dir='ltr'><strong>vero</strong></span> <span class='ocrx_word' id='word_1_34' title='bbox 1123 799 1186 867; x_wconf 68' lang='lat' dir='ltr'><strong>hec</strong></span> <span class='ocrx_word' id='word_1_35' title='bbox 1205 808 1271 849; x_wconf 85' lang='lat' dir='ltr'><strong>non</strong></span> <span class='ocrx_word' id='word_1_36' title='bbox 1289 800 1528 857; x_wconf 73' lang='lat' dir='ltr'><strong>observaverit,</strong></span> <span class='ocrx_word' id='word_1_37' title='bbox 1547 801 1665 849; x_wconf 79' lang='lat' dir='ltr'><strong>scietas</strong></span> <span class='ocrx_word' id='word_1_38' title='bbox 1686 800 1902 864; x_wconf 83' lang='lat' dir='ltr'><strong>compositurnm</strong></span> <span class='ocrx_word' id='word_1_39' title='bbox 1921 799 1981 847; x_wconf 84' lang='lat' dir='ltr'><strong>auri</strong></span> <span class='ocrx_word' id='word_1_40' title='bbox 1999 797 2096 863; x_wconf 87' lang='lat' dir='ltr'><strong>optimi</strong></span> <span class='ocrx_word' id='word_1_41' title='bbox 2116 795 2203 846; x_wconf 75' lang='lat' dir='ltr'><strong>libras</strong></span> 
     </span>
     <span class='ocr_line' id='line_1_5' title="bbox 550 890 2203 978; baseline -0.002 -21"><span class='ocrx_word' id='word_1_42' title='bbox 550 913 668 967; x_wconf 85' lang='lat' dir='ltr'><strong>centum,</strong></span> <span class='ocrx_word' id='word_1_43' title='bbox 687 908 862 958; x_wconf 84' lang='lat' dir='ltr'><strong>medietatem</strong></span> <span class='ocrx_word' id='word_1_44' title='bbox 882 924 988 975; x_wconf 73' lang='lat' dir='ltr'><strong>camere</strong></span> <span class='ocrx_word' id='word_1_45' title='bbox 1007 914 1099 973; x_wconf 69' lang='lat' dir='ltr'><strong>nostre</strong></span> <span class='ocrx_word' id='word_1_46' title='bbox 1119 913 1146 955; x_wconf 86' lang='lat' dir='ltr'><strong>et</strong></span> <span class='ocrx_word' id='word_1_47' title='bbox 1165 905 1339 955; x_wconf 84' lang='lat' dir='ltr'><strong>medietatem</strong></span> <span class='ocrx_word' id='word_1_48' title='bbox 1358 891 1505 978; x_wconf 77' lang='lat' dir='ltr'><strong>predicto</strong></span> <span class='ocrx_word' id='word_1_49' title='bbox 1529 892 1736 955; x_wconf 74' lang='lat' dir='ltr'><strong>monasterio.</strong></span> <span class='ocrx_word' id='word_1_50' title='bbox 1783 905 1819 954; x_wconf 84' lang='lat' dir='ltr'><strong>Et</strong></span> <span class='ocrx_word' id='word_1_51' title='bbox 1838 912 1869 954; x_wconf 88' lang='lat' dir='ltr'><strong>nt</strong></span> <span class='ocrx_word' id='word_1_52' title='bbox 1887 904 1939 954; x_wconf 90' lang='lat' dir='ltr'><strong>hoc</strong></span> <span class='ocrx_word' id='word_1_53' title='bbox 1961 890 2081 953; x_wconf 78' lang='lat' dir='ltr'><strong>certius</strong></span> <span class='ocrx_word' id='word_1_54' title='bbox 2106 902 2203 953; x_wconf 75' lang='lat' dir='ltr'><strong>creda·</strong></span> 
     </span>
    </p>
   </div>
   <div class='ocr_carea' id='block_1_3' title="bbox 550 997 2240 1372">
    <p class='ocr_par' dir='ltr' id='par_1_3' title="bbox 550 997 2240 1372">
     <span class='ocr_line' id='line_1_6' title="bbox 550 997 2240 1084; baseline -0.002 -20"><span class='ocrx_word' id='word_1_55' title='bbox 550 1020 595 1064; x_wconf 84' lang='lat' dir='ltr'><strong>tur</strong></span> <span class='ocrx_word' id='word_1_56' title='bbox 610 1028 638 1073; x_wconf 66' lang='lat' dir='ltr'><strong>s,</strong></span> <span class='ocrx_word' id='word_1_57' title='bbox 662 1030 743 1063; x_wconf 85' lang='lat' dir='ltr'><strong>manu</strong></span> <span class='ocrx_word' id='word_1_58' title='bbox 760 1027 777 1056; x_wconf 63' lang='lat' dir='ltr'><strong>r</strong></span> <span class='ocrx_word' id='word_1_59' title='bbox 804 1015 915 1080; x_wconf 88' lang='lat' dir='ltr'><strong>propria</strong></span> <span class='ocrx_word' id='word_1_60' title='bbox 937 1015 1097 1063; x_wconf 70' lang='lat' dir='ltr'><strong>roborantes</strong></span> <span class='ocrx_word' id='word_1_61' title='bbox 1121 997 1257 1084; x_wconf 75' lang='lat' dir='ltr'><strong>sigillari</strong></span> <span class='ocrx_word' id='word_1_62' title='bbox 1280 1013 1418 1062; x_wconf 84' lang='lat' dir='ltr'><strong>iussimus.</strong></span> <span class='ocrx_word' id='word_1_63' title='bbox 2228 1022 2240 1061; x_wconf 76' lang='lat' dir='ltr'><strong>t</strong></span> 
     </span>
     <span class='ocr_line' id='line_1_7' title="bbox 656 1139 1641 1229; baseline -0.003 -23"><span class='ocrx_word' id='word_1_64' title='bbox 656 1139 674 1229; x_wconf 60' lang='grc' dir='ltr'><strong>ξ</strong></span> <span class='ocrx_word' id='word_1_65' title='bbox 697 1140 834 1226; x_wconf 83' lang='lat' dir='ltr'>Signum</span> <span class='ocrx_word' id='word_1_66' title='bbox 857 1141 967 1205; x_wconf 89' lang='lat' dir='ltr'><strong>domni</strong></span> <span class='ocrx_word' id='word_1_67' title='bbox 990 1141 1140 1203; x_wconf 91' lang='lat' dir='ltr'><strong>Heinrici</strong></span> <span class='ocrx_word' id='word_1_68' title='bbox 1163 1140 1248 1215; x_wconf 75' lang='lat' dir='ltr'><strong>(M.)1¹</strong></span> <span class='ocrx_word' id='word_1_69' title='bbox 1271 1141 1359 1226; x_wconf 80' lang='lat' dir='ltr'><strong>regis</strong></span> <span class='ocrx_word' id='word_1_70' title='bbox 1382 1141 1599 1204; x_wconf 82' lang='lat' dir='ltr'><strong>invictissimi.</strong></span> <span class='ocrx_word' id='word_1_71' title='bbox 1623 1139 1641 1228; x_wconf 66' lang='grc' dir='ltr'>ξ</span> 
     </span>
     <span class='ocr_line' id='line_1_8' title="bbox 655 1279 2157 1372; baseline -0.001 -25"><span class='ocrx_word' id='word_1_72' title='bbox 655 1281 908 1372; x_wconf 64' lang='lat' dir='ltr'><strong>{Eberhardus</strong></span> <span class='ocrx_word' id='word_1_73' title='bbox 932 1280 1147 1347; x_wconf 86' lang='lat' dir='ltr'><strong>cancellarius</strong></span> <span class='ocrx_word' id='word_1_74' title='bbox 1171 1282 1244 1344; x_wconf 88' lang='lat' dir='ltr'><strong>vice</strong></span> <span class='ocrx_word' id='word_1_75' title='bbox 1269 1281 1434 1367; x_wconf 81' lang='lat' dir='ltr'><strong>Uuilligisi</strong></span> <span class='ocrx_word' id='word_1_76' title='bbox 1458 1282 1712 1368; x_wconf 80' lang='lat' dir='ltr'><strong>archicapellani</strong></span> <span class='ocrx_word' id='word_1_77' title='bbox 1735 1279 1964 1370; x_wconf 58' lang='lat' dir='ltr'><strong>recognovi}</strong></span> <span class='ocrx_word' id='word_1_78' title='bbox 2032 1290 2089 1355; x_wconf 63' lang='lat' dir='ltr'><strong>(sl.</strong></span> <span class='ocrx_word' id='word_1_79' title='bbox 2106 1290 2157 1351; x_wconf 74' lang='lat' dir='ltr'><strong>D.)</strong></span> 
     </span>
    </p>
   </div>
   <div class='ocr_carea' id='block_1_4' title="bbox 549 1419 2206 1626">
    <p class='ocr_par' dir='ltr' id='par_1_4' title="bbox 549 1419 2206 1626">
     <span class='ocr_line' id='line_1_9' title="bbox 656 1419 2206 1517; baseline -0.003 -18"><span class='ocrx_word' id='word_1_80' title='bbox 656 1434 753 1499; x_wconf 81' lang='lat' dir='ltr'><strong>Anno</strong></span> <span class='ocrx_word' id='word_1_81' title='bbox 781 1434 943 1517; x_wconf 77' lang='lat' dir='ltr'><strong>dominice</strong></span> <span class='ocrx_word' id='word_1_82' title='bbox 974 1432 1208 1497; x_wconf 81' lang='lat' dir='ltr'><strong>incarnationis</strong></span> <span class='ocrx_word' id='word_1_83' title='bbox 1238 1433 1408 1497; x_wconf 87' lang='lat' dir='ltr'><strong>millesimo</strong></span> <span class='ocrx_word' id='word_1_84' title='bbox 1439 1444 1572 1515; x_wconf 77' lang='lat' dir='ltr'><strong>octavo,</strong></span> <span class='ocrx_word' id='word_1_85' title='bbox 1603 1434 1780 1498; x_wconf 79' lang='lat' dir='ltr'><strong>indictione</strong></span> <span class='ocrx_word' id='word_1_86' title='bbox 1800 1419 1835 1515; x_wconf 68' lang='lat' dir='ltr'><strong>i,</strong></span> <span class='ocrx_word' id='word_1_87' title='bbox 1866 1456 1951 1497; x_wconf 88' lang='lat' dir='ltr'><strong>anno</strong></span> <span class='ocrx_word' id='word_1_88' title='bbox 1983 1455 2062 1497; x_wconf 77' lang='lat' dir='ltr'><strong>vero</strong></span> <span class='ocrx_word' id='word_1_89' title='bbox 2092 1431 2206 1495; x_wconf 89' lang='lat' dir='ltr'><strong>domni</strong></span> 
     </span>
     <span class='ocr_line' id='line_1_10' title="bbox 549 1528 1815 1626; baseline -0.001 -21"><span class='ocrx_word' id='word_1_90' title='bbox 549 1541 698 1605; x_wconf 85' lang='lat' dir='ltr'><strong>Heinrici</strong></span> <span class='ocrx_word' id='word_1_91' title='bbox 722 1541 857 1605; x_wconf 89' lang='lat' dir='ltr'><strong>secundi</strong></span> <span class='ocrx_word' id='word_1_92' title='bbox 880 1541 968 1626; x_wconf 84' lang='lat' dir='ltr'><strong>regis</strong></span> <span class='ocrx_word' id='word_1_93' title='bbox 991 1528 1228 1626; x_wconf 70' lang='lat' dir='ltr'><strong>regnantisti13</strong></span> <span class='ocrx_word' id='word_1_94' title='bbox 1259 1552 1368 1605; x_wconf 85' lang='lat' dir='ltr'><strong>actum</strong></span> <span class='ocrx_word' id='word_1_95' title='bbox 1392 1541 1425 1603; x_wconf 91' lang='lat' dir='ltr'><strong>in</strong></span> <span class='ocrx_word' id='word_1_96' title='bbox 1449 1539 1636 1625; x_wconf 81' lang='lat' dir='ltr'><strong>Ingilheim3</strong></span> <span class='ocrx_word' id='word_1_97' title='bbox 1667 1540 1815 1605; x_wconf 81' lang='lat' dir='ltr'><strong>feliciter.</strong></span> 
     </span>
    </p>
   </div>
   <div class='ocr_carea' id='block_1_5' title="bbox 1338 1909 2252 1996">
    <p class='ocr_par' dir='ltr' id='par_1_5' title="bbox 1338 1909 2252 1996">
     <span class='ocr_line' id='line_1_11' title="bbox 1338 1909 2252 1996; baseline -0.004 0"><span class='ocrx_word' id='word_1_98' title='bbox 1338 1909 1428 1996; x_wconf 82' lang='lat'>184.</span> <span class='ocrx_word' id='word_1_99' title='bbox 2227 1955 2252 1993; x_wconf 70' lang='lat' dir='ltr'><strong>a</strong></span> 
     </span>
    </p>
   </div>
   <div class='ocr_carea' id='block_1_6' title="bbox 549 2079 2206 2288">
    <p class='ocr_par' dir='ltr' id='par_1_6' title="bbox 549 2079 2206 2288">
     <span class='ocr_line' id='line_1_12' title="bbox 549 2079 2206 2193; baseline 0.001 -40"><span class='ocrx_word' id='word_1_100' title='bbox 549 2080 728 2154; x_wconf 69' lang='lat' dir='ltr'><strong>Heinrich</strong></span> <span class='ocrx_word' id='word_1_101' title='bbox 764 2079 911 2153; x_wconf 72' lang='lat' dir='ltr'><strong>setena</strong></span> <span class='ocrx_word' id='word_1_102' title='bbox 944 2080 1010 2153; x_wconf 79' lang='lat' dir='ltr'><strong>der</strong></span> <span class='ocrx_word' id='word_1_103' title='bbox 1035 2080 1287 2178; x_wconf 77' lang='lat' dir='ltr'><strong>biscbbflicbea</strong></span> <span class='ocrx_word' id='word_1_104' title='bbox 1314 2081 1451 2193; x_wconf 78' lang='lat' dir='ltr'><strong>Kircbe</strong></span> <span class='ocrx_word' id='word_1_105' title='bbox 1476 2107 1521 2153; x_wconf 85' lang='lat' dir='ltr'><strong>zu</strong></span> <span class='ocrx_word' id='word_1_106' title='bbox 1547 2080 1694 2154; x_wconf 70' lang='lat' dir='ltr'><strong>Lectica</strong></span> <span class='ocrx_word' id='word_1_107' title='bbox 1720 2082 1825 2153; x_wconf 70' lang='lat' dir='ltr'><strong>eiam</strong></span> <span class='ocrx_word' id='word_1_108' title='bbox 1851 2079 1961 2154; x_wconf 82' lang='lat' dir='ltr'><strong>Forst</strong></span> <span class='ocrx_word' id='word_1_109' title='bbox 1990 2079 2106 2154; x_wconf 77' lang='lat' dir='ltr'><strong>recha</strong></span> <span class='ocrx_word' id='word_1_110' title='bbox 2130 2107 2206 2154; x_wconf 83' lang='lat' dir='ltr'><strong>voa</strong></span> 
     </span>
     <span class='ocr_line' id='line_1_13' title="bbox 551 2198 2157 2288; baseline -0.001 -15"><span class='ocrx_word' id='word_1_111' title='bbox 551 2199 617 2273; x_wconf 84' lang='lat' dir='ltr'><strong>der</strong></span> <span class='ocrx_word' id='word_1_112' title='bbox 643 2199 754 2272; x_wconf 85' lang='lat' dir='ltr'><strong>Mons</strong></span> <span class='ocrx_word' id='word_1_113' title='bbox 778 2212 908 2273; x_wconf 83' lang='lat' dir='ltr'><strong>sommt</strong></span> <span class='ocrx_word' id='word_1_114' title='bbox 933 2199 1013 2272; x_wconf 72' lang='lat' dir='ltr'><strong>deas</strong></span> <span class='ocrx_word' id='word_1_115' title='bbox 1040 2198 1240 2272; x_wconf 81' lang='lat' dir='ltr'><strong>Wildbaaa</strong></span> <span class='ocrx_word' id='word_1_116' title='bbox 1267 2199 1438 2272; x_wconf 73' lang='lat' dir='ltr'><strong>duriiber.</strong></span> <span class='ocrx_word' id='word_1_117' title='bbox 1857 2227 1936 2285; x_wconf 62' lang='lat' dir='ltr'><strong>Kar„</strong></span> <span class='ocrx_word' id='word_1_118' title='bbox 1952 2229 2034 2288; x_wconf 82' lang='lat'><em>1008</em></span> <span class='ocrx_word' id='word_1_119' title='bbox 2047 2227 2114 2287; x_wconf 62' lang='lat' dir='ltr'><strong>Mi</strong></span> <span class='ocrx_word' id='word_1_120' title='bbox 2130 2228 2157 2286; x_wconf 64' lang='grc' dir='ltr'><strong>ι,</strong></span> 
     </span>
    </p>
   </div>
   <div class='ocr_carea' id='block_1_7' title="bbox 658 2416 2205 2597">
    <p class='ocr_par' dir='ltr' id='par_1_7' title="bbox 658 2416 2205 2597">
     <span class='ocr_line' id='line_1_14' title="bbox 658 2416 2205 2498; baseline -0.001 -15"><span class='ocrx_word' id='word_1_121' title='bbox 658 2425 811 2496; x_wconf 70' lang='lat' dir='ltr'><strong>Absolutis!</strong></span> <span class='ocrx_word' id='word_1_122' title='bbox 839 2442 893 2483; x_wconf 81' lang='lat' dir='ltr'><strong>aas</strong></span> <span class='ocrx_word' id='word_1_123' title='bbox 921 2424 984 2483; x_wconf 82' lang='lat' dir='ltr'><strong>dem</strong></span> <span class='ocrx_word' id='word_1_124' title='bbox 1007 2424 1128 2498; x_wconf 75' lang='lat' dir='ltr'><strong>Aafoap</strong></span> <span class='ocrx_word' id='word_1_125' title='bbox 1150 2424 1199 2483; x_wconf 80' lang='lat' dir='ltr'><strong>dee</strong></span> <span class='ocrx_word' id='word_1_126' title='bbox 1221 2426 1268 2483; x_wconf 87' lang='lat'><strong>13.</strong></span> <span class='ocrx_word' id='word_1_127' title='bbox 1284 2425 1340 2485; x_wconf 78' lang='lat' dir='ltr'><strong>Jl.</strong></span> <span class='ocrx_word' id='word_1_128' title='bbox 1366 2425 1405 2483; x_wconf 82' lang='lat' dir='ltr'><strong>im</strong></span> <span class='ocrx_word' id='word_1_129' title='bbox 1428 2423 1519 2483; x_wconf 80' lang='lat' dir='ltr'><strong>Liber</strong></span> <span class='ocrx_word' id='word_1_130' title='bbox 1540 2429 1688 2483; x_wconf 64' lang='lat' dir='ltr'><strong>concrum</strong></span> <span class='ocrx_word' id='word_1_131' title='bbox 1716 2424 1780 2482; x_wconf 82' lang='lat' dir='ltr'><strong>eccl.</strong></span> <span class='ocrx_word' id='word_1_132' title='bbox 1805 2422 1973 2481; x_wconf 59' lang='lat' dir='ltr'><strong>Miraris</strong></span> <span class='ocrx_word' id='word_1_133' title='bbox 1995 2416 2087 2494; x_wconf 65' lang='lat' dir='ltr'><strong>ma</strong></span> <span class='ocrx_word' id='word_1_134' title='bbox 2110 2423 2151 2481; x_wconf 80' lang='lat' dir='ltr'><strong>im</strong></span> <span class='ocrx_word' id='word_1_135' title='bbox 2173 2424 2205 2482; x_wconf 77' lang='lat' dir='ltr'><strong>k.</strong></span> 
     </span>
     <span class='ocr_line' id='line_1_15' title="bbox 658 2529 1151 2597; baseline 0 -8"><span class='ocrx_word' id='word_1_136' title='bbox 658 2529 860 2589; x_wconf 76' lang='lat' dir='ltr'><strong>Slaufsorcbiu</strong></span> <span class='ocrx_word' id='word_1_137' title='bbox 880 2548 916 2589; x_wconf 76' lang='lat' dir='ltr'><strong>cu</strong></span> <span class='ocrx_word' id='word_1_138' title='bbox 938 2529 1057 2589; x_wconf 67' lang='lat' dir='ltr'><strong>Lucios</strong></span> <span class='ocrx_word' id='word_1_139' title='bbox 1081 2530 1151 2597; x_wconf 86' lang='lat' dir='ltr'><em>(B).</em></span> 
     </span>
    </p>
   </div>
   <div class='ocr_carea' id='block_1_8' title="bbox 653 2688 2253 2978">
    <p class='ocr_par' dir='ltr' id='par_1_8' title="bbox 653 2688 2253 2978">
     <span class='ocr_line' id='line_1_16' title="bbox 661 2688 2253 2764; baseline -0.001 -15"><span class='ocrx_word' id='word_1_140' title='bbox 661 2689 844 2764; x_wconf 74' lang='lat' dir='ltr'><strong>Ciopeoet‘lle</strong></span> <span class='ocrx_word' id='word_1_141' title='bbox 867 2689 955 2748; x_wconf 83' lang='lat' dir='ltr'><strong>Gesta</strong></span> <span class='ocrx_word' id='word_1_142' title='bbox 973 2690 1084 2764; x_wconf 73' lang='lat' dir='ltr'><strong>peritis.</strong></span> <span class='ocrx_word' id='word_1_143' title='bbox 1106 2690 1312 2764; x_wconf 75' lang='lat' dir='ltr'><strong>Tuaprcasiam</strong></span> <span class='ocrx_word' id='word_1_144' title='bbox 1332 2692 1361 2759; x_wconf 85' lang='lat'><strong>1,</strong></span> <span class='ocrx_word' id='word_1_145' title='bbox 1376 2692 1439 2748; x_wconf 68' lang='lat'><strong>224</strong></span> <span class='ocrx_word' id='word_1_146' title='bbox 1457 2708 1510 2748; x_wconf 71' lang='lat' dir='ltr'><strong>orsa</strong></span> <span class='ocrx_word' id='word_1_147' title='bbox 1528 2691 1590 2749; x_wconf 81' lang='lat' dir='ltr'><strong>dem</strong></span> <span class='ocrx_word' id='word_1_148' title='bbox 1607 2690 1679 2763; x_wconf 74' lang='lat' dir='ltr'><strong>jetzt</strong></span> <span class='ocrx_word' id='word_1_149' title='bbox 1699 2690 1775 2748; x_wconf 71' lang='lat' dir='ltr'><strong>reicit</strong></span> <span class='ocrx_word' id='word_1_150' title='bbox 1793 2689 1873 2747; x_wconf 77' lang='lat' dir='ltr'><strong>ntebr</strong></span> <span class='ocrx_word' id='word_1_151' title='bbox 1890 2688 2095 2760; x_wconf 76' lang='lat' dir='ltr'><strong>oosfirdbarea</strong></span> <span class='ocrx_word' id='word_1_152' title='bbox 2115 2689 2209 2748; x_wconf 78' lang='lat' dir='ltr'><strong>Liber</strong></span> <span class='ocrx_word' id='word_1_153' title='bbox 2229 2710 2253 2748; x_wconf 79' lang='lat' dir='ltr'><strong>a</strong></span> 
     </span>
     <span class='ocr_line' id='line_1_17' title="bbox 653 2794 2210 2872; baseline 0.001 -18"><span class='ocrx_word' id='word_1_154' title='bbox 653 2798 772 2872; x_wconf 68' lang='lat' dir='ltr'><strong>psincus</strong></span> <span class='ocrx_word' id='word_1_155' title='bbox 796 2797 901 2870; x_wconf 74' lang='lat' dir='ltr'><strong>privil.</strong></span> <span class='ocrx_word' id='word_1_156' title='bbox 927 2817 969 2843; x_wconf 91' lang='lat'>=</span> <span class='ocrx_word' id='word_1_157' title='bbox 999 2796 1098 2871; x_wconf 64' lang='lat' dir='ltr'><strong>Lilaia</strong></span> <span class='ocrx_word' id='word_1_158' title='bbox 1126 2796 1279 2865; x_wconf 71' lang='lat' dir='ltr'><strong><em>RA.17·,</em></strong></span> <span class='ocrx_word' id='word_1_159' title='bbox 1301 2798 1361 2855; x_wconf 75' lang='lat'><strong>491</strong></span> <span class='ocrx_word' id='word_1_160' title='bbox 1393 2800 1424 2854; x_wconf 84' lang='lat' dir='ltr'><strong>a⁰</strong></span> <span class='ocrx_word' id='word_1_161' title='bbox 1439 2799 1486 2855; x_wconf 91' lang='lat'><strong>19.</strong></span> <span class='ocrx_word' id='word_1_162' title='bbox 1511 2826 1556 2834; x_wconf 93' lang='lat'>-</span> <span class='ocrx_word' id='word_1_163' title='bbox 1579 2797 1725 2854; x_wconf 84' lang='lat' dir='ltr'><strong>Bormaas</strong></span> <span class='ocrx_word' id='word_1_164' title='bbox 1753 2801 1780 2854; x_wconf 85' lang='lat' dir='ltr'><strong>ct</strong></span> <span class='ocrx_word' id='word_1_165' title='bbox 1810 2794 2042 2854; x_wconf 77' lang='lat' dir='ltr'><strong>Schoolmccstcrs</strong></span> <span class='ocrx_word' id='word_1_166' title='bbox 2066 2795 2146 2855; x_wconf 72' lang='lat' dir='ltr'><strong>Cart.</strong></span> <span class='ocrx_word' id='word_1_167' title='bbox 2171 2797 2210 2856; x_wconf 80' lang='lat' dir='ltr'><strong>dc</strong></span> 
     </span>
     <span class='ocr_line' id='line_1_18' title="bbox 660 2901 2031 2978; baseline -0.001 -16"><span class='ocrx_word' id='word_1_168' title='bbox 660 2903 690 2963; x_wconf 83' lang='lat' dir='ltr'><strong>S.</strong></span> <span class='ocrx_word' id='word_1_169' title='bbox 707 2903 846 2962; x_wconf 81' lang='lat' dir='ltr'><strong>Lambert</strong></span> <span class='ocrx_word' id='word_1_170' title='bbox 870 2904 898 2973; x_wconf 86' lang='lat'><strong>1,</strong></span> <span class='ocrx_word' id='word_1_171' title='bbox 913 2906 956 2961; x_wconf 78' lang='lat'><strong>28</strong></span> <span class='ocrx_word' id='word_1_172' title='bbox 979 2905 1011 2961; x_wconf 84' lang='lat' dir='ltr'><strong>a⁰</strong></span> <span class='ocrx_word' id='word_1_173' title='bbox 1027 2906 1065 2961; x_wconf 83' lang='lat'><strong>19</strong></span> <span class='ocrx_word' id='word_1_174' title='bbox 1088 2922 1141 2961; x_wconf 73' lang='lat' dir='ltr'><strong>acts</strong></span> <span class='ocrx_word' id='word_1_175' title='bbox 1164 2903 1202 2961; x_wconf 89' lang='lat' dir='ltr'><strong>B.</strong></span> <span class='ocrx_word' id='word_1_176' title='bbox 1227 2933 1270 2940; x_wconf 93' lang='lat'>—</span> <span class='ocrx_word' id='word_1_177' title='bbox 1294 2904 1420 2961; x_wconf 70' lang='lat' dir='ltr'><strong>Biiharcr</strong></span> <span class='ocrx_word' id='word_1_178' title='bbox 1441 2903 1512 2978; x_wconf 74' lang='lat' dir='ltr'><strong>Rcy.</strong></span> <span class='ocrx_word' id='word_1_179' title='bbox 1532 2904 1620 2962; x_wconf 78' lang='lat'><em>1038.</em></span> <span class='ocrx_word' id='word_1_180' title='bbox 1645 2932 1689 2940; x_wconf 89' lang='lat'><em>-</em></span> <span class='ocrx_word' id='word_1_181' title='bbox 1714 2901 2031 2978; x_wconf 70' lang='lat' dir='ltr'><strong>Slampsch.1498.</strong></span> 
     </span>
    </p>
   </div>
   <div class='ocr_carea' id='block_1_9' title="bbox 664 3061 2205 3137">
    <p class='ocr_par' dir='ltr' id='par_1_9' title="bbox 664 3061 2205 3137">
     <span class='ocr_line' id='line_1_19' title="bbox 664 3061 2205 3137; baseline -0.001 -15"><span class='ocrx_word' id='word_1_182' title='bbox 664 3063 796 3134; x_wconf 74' lang='lat' dir='ltr'><strong>Versusst</strong></span> <span class='ocrx_word' id='word_1_183' title='bbox 818 3081 874 3121; x_wconf 85' lang='lat' dir='ltr'><strong>coa</strong></span> <span class='ocrx_word' id='word_1_184' title='bbox 889 3062 952 3121; x_wconf 84' lang='lat' dir='ltr'><strong>EC.</strong></span> <span class='ocrx_word' id='word_1_185' title='bbox 996 3063 1022 3120; x_wconf 82' lang='grc' dir='ltr'><em>Τ</em></span> <span class='ocrx_word' id='word_1_186' title='bbox 1020 3063 1243 3137; x_wconf 73' lang='lat' dir='ltr'><strong>opoprapbiscbe</strong></span> <span class='ocrx_word' id='word_1_187' title='bbox 1262 3063 1459 3137; x_wconf 72' lang='lat' dir='ltr'><strong>Erlr&#39;iatcraaq</strong></span> <span class='ocrx_word' id='word_1_188' title='bbox 1482 3063 1525 3121; x_wconf 85' lang='lat' dir='ltr'><strong>bei</strong></span> <span class='ocrx_word' id='word_1_189' title='bbox 1542 3064 1689 3121; x_wconf 81' lang='lat' dir='ltr'><strong>Bormaus</strong></span> <span class='ocrx_word' id='word_1_190' title='bbox 1711 3067 1738 3120; x_wconf 86' lang='lat' dir='ltr'><strong>ct</strong></span> <span class='ocrx_word' id='word_1_191' title='bbox 1754 3061 1985 3121; x_wconf 75' lang='lat' dir='ltr'><strong>Srioolmccstcrs</strong></span> <span class='ocrx_word' id='word_1_192' title='bbox 2008 3062 2115 3121; x_wconf 80' lang='lat' dir='ltr'><strong>iatrod.</strong></span> <span class='ocrx_word' id='word_1_193' title='bbox 2133 3065 2153 3121; x_wconf 88' lang='lat'><strong><em>5</em></strong></span> <span class='ocrx_word' id='word_1_194' title='bbox 2168 3063 2205 3135; x_wconf 79' lang='lat' dir='ltr'><strong>ff.</strong></span> 
     </span>
    </p>
   </div>
   <div class='ocr_carea' id='block_1_10' title="bbox 495 3247 2260 5356">
    <p class='ocr_par' dir='ltr' id='par_1_10' title="bbox 495 3247 2260 5356">
     <span class='ocr_line' id='line_1_20' title="bbox 661 3247 2208 3328; baseline 0 -15"><span class='ocrx_word' id='word_1_195' title='bbox 661 3258 719 3328; x_wconf 84' lang='lat' dir='ltr'>(C.)</span> <span class='ocrx_word' id='word_1_196' title='bbox 749 3249 788 3312; x_wconf 94' lang='lat' dir='ltr'><strong>In</strong></span> <span class='ocrx_word' id='word_1_197' title='bbox 821 3249 951 3313; x_wconf 89' lang='lat' dir='ltr'><strong>nomine</strong></span> <span class='ocrx_word' id='word_1_198' title='bbox 985 3259 1096 3313; x_wconf 90' lang='lat' dir='ltr'><strong>sancte</strong></span> <span class='ocrx_word' id='word_1_199' title='bbox 1128 3260 1160 3312; x_wconf 90' lang='lat' dir='ltr'><strong>et</strong></span> <span class='ocrx_word' id='word_1_200' title='bbox 1192 3247 1360 3313; x_wconf 85' lang='lat' dir='ltr'><strong>individue</strong></span> <span class='ocrx_word' id='word_1_201' title='bbox 1393 3250 1573 3312; x_wconf 76' lang='lat' dir='ltr'><strong>trinitatis·</strong></span> <span class='ocrx_word' id='word_1_202' title='bbox 1625 3249 1801 3312; x_wconf 88' lang='lat' dir='ltr'><strong>Heinricus</strong></span> <span class='ocrx_word' id='word_1_203' title='bbox 1835 3247 1946 3312; x_wconf 84' lang='lat' dir='ltr'><strong>divina</strong></span> <span class='ocrx_word' id='word_1_204' title='bbox 1977 3248 2109 3312; x_wconf 74' lang='lat' dir='ltr'><strong>favente</strong></span> <span class='ocrx_word' id='word_1_205' title='bbox 2143 3248 2208 3313; x_wconf 92' lang='lat' dir='ltr'><strong>cle·</strong></span> 
     </span>
     <span class='ocr_line' id='line_1_21' title="bbox 552 3354 2254 3435; baseline -0.004 -15"><span class='ocrx_word' id='word_1_206' title='bbox 552 3357 675 3420; x_wconf 91' lang='lat' dir='ltr'><strong>mentia</strong></span> <span class='ocrx_word' id='word_1_207' title='bbox 698 3380 768 3420; x_wconf 83' lang='lat' dir='ltr'><strong>rex.</strong></span> <span class='ocrx_word' id='word_1_208' title='bbox 860 3355 896 3419; x_wconf 86' lang='lat' dir='ltr'><strong>Si</strong></span> <span class='ocrx_word' id='word_1_209' title='bbox 920 3354 1077 3419; x_wconf 88' lang='lat' dir='ltr'><strong>ecclesias</strong></span> <span class='ocrx_word' id='word_1_210' title='bbox 1101 3355 1154 3419; x_wconf 89' lang='lat' dir='ltr'><strong>dei</strong></span> <span class='ocrx_word' id='word_1_211' title='bbox 1178 3354 1315 3419; x_wconf 91' lang='lat' dir='ltr'><strong>alicuius</strong></span> <span class='ocrx_word' id='word_1_212' title='bbox 1340 3356 1416 3419; x_wconf 87' lang='lat' dir='ltr'><strong>doni</strong></span> <span class='ocrx_word' id='word_1_213' title='bbox 1440 3356 1640 3419; x_wconf 89' lang='lat' dir='ltr'><strong>incremento</strong></span> <span class='ocrx_word' id='word_1_214' title='bbox 1663 3355 1833 3419; x_wconf 83' lang='lat' dir='ltr'><strong>meliorare</strong></span> <span class='ocrx_word' id='word_1_215' title='bbox 1858 3355 2087 3435; x_wconf 89' lang='lat' dir='ltr'><strong>studuerimus,</strong></span> <span class='ocrx_word' id='word_1_216' title='bbox 2111 3354 2207 3420; x_wconf 91' lang='lat' dir='ltr'><strong>nobis</strong></span> <span class='ocrx_word' id='word_1_217' title='bbox 2226 3376 2254 3414; x_wconf 77' lang='lat' dir='ltr'><strong>a</strong></span> 
     </span>
     <span class='ocr_line' id='line_1_22' title="bbox 553 3459 2207 3548; baseline 0 -22"><span class='ocrx_word' id='word_1_218' title='bbox 553 3461 588 3526; x_wconf 93' lang='lat' dir='ltr'><strong>id</strong></span> <span class='ocrx_word' id='word_1_219' title='bbox 610 3463 815 3548; x_wconf 88' lang='lat' dir='ltr'><strong>profuturum</strong></span> <span class='ocrx_word' id='word_1_220' title='bbox 839 3485 910 3526; x_wconf 87' lang='lat' dir='ltr'><strong>esse</strong></span> <span class='ocrx_word' id='word_1_221' title='bbox 934 3463 1066 3525; x_wconf 88' lang='lat' dir='ltr'><strong>minime</strong></span> <span class='ocrx_word' id='word_1_222' title='bbox 1090 3459 1287 3525; x_wconf 86' lang='lat' dir='ltr'><strong>dubitamus.</strong></span> <span class='ocrx_word' id='word_1_223' title='bbox 1334 3462 1543 3548; x_wconf 80' lang='lat' dir='ltr'><strong>Quapropter</strong></span> <span class='ocrx_word' id='word_1_224' title='bbox 1572 3464 1717 3526; x_wconf 90' lang='lat' dir='ltr'><strong>omnium</strong></span> <span class='ocrx_word' id='word_1_225' title='bbox 1745 3461 1891 3525; x_wconf 90' lang='lat' dir='ltr'><strong>fidelium</strong></span> <span class='ocrx_word' id='word_1_226' title='bbox 1921 3476 2104 3525; x_wconf 88' lang='lat' dir='ltr'><strong>nostrorum</strong></span> <span class='ocrx_word' id='word_1_227' title='bbox 2134 3485 2207 3548; x_wconf 89' lang='lat' dir='ltr'><strong>pre·</strong></span> 
     </span>
     <span class='ocr_line' id='line_1_23' title="bbox 554 3566 2207 3654; baseline -0.001 -22"><span class='ocrx_word' id='word_1_228' title='bbox 554 3571 694 3633; x_wconf 89' lang='lat' dir='ltr'><strong>sentium</strong></span> <span class='ocrx_word' id='word_1_229' title='bbox 717 3568 842 3633; x_wconf 88' lang='lat' dir='ltr'><strong>scilicet</strong></span> <span class='ocrx_word' id='word_1_230' title='bbox 865 3592 904 3632; x_wconf 90' lang='lat' dir='ltr'><strong>ac</strong></span> <span class='ocrx_word' id='word_1_231' title='bbox 927 3569 1109 3632; x_wconf 87' lang='lat' dir='ltr'><strong>futurorum</strong></span> <span class='ocrx_word' id='word_1_232' title='bbox 1132 3567 1290 3632; x_wconf 89' lang='lat' dir='ltr'><strong>industrie</strong></span> <span class='ocrx_word' id='word_1_233' title='bbox 1314 3582 1426 3633; x_wconf 90' lang='lat' dir='ltr'><strong>notum</strong></span> <span class='ocrx_word' id='word_1_234' title='bbox 1450 3592 1520 3632; x_wconf 90' lang='lat' dir='ltr'><strong>esse</strong></span> <span class='ocrx_word' id='word_1_235' title='bbox 1544 3568 1704 3637; x_wconf 76' lang='lat' dir='ltr'><strong>volumus,</strong></span> <span class='ocrx_word' id='word_1_236' title='bbox 1728 3566 1868 3654; x_wconf 90' lang='lat' dir='ltr'><strong>qualiter</strong></span> <span class='ocrx_word' id='word_1_237' title='bbox 1885 3591 1945 3632; x_wconf 88' lang='lat' dir='ltr'><strong>nos</strong></span> <span class='ocrx_word' id='word_1_238' title='bbox 1965 3567 2068 3632; x_wconf 76' lang='lat' dir='ltr'><strong>divini</strong></span> <span class='ocrx_word' id='word_1_239' title='bbox 2087 3570 2207 3632; x_wconf 88' lang='lat' dir='ltr'><strong>amoris</strong></span> 
     </span>
     <span class='ocr_line' id='line_1_24' title="bbox 554 3674 2206 3761; baseline -0.001 -22"><span class='ocrx_word' id='word_1_240' title='bbox 554 3677 707 3739; x_wconf 85' lang='lat' dir='ltr'><strong>instinctu</strong></span> <span class='ocrx_word' id='word_1_241' title='bbox 731 3698 792 3739; x_wconf 89' lang='lat' dir='ltr'><strong>nec</strong></span> <span class='ocrx_word' id='word_1_242' title='bbox 815 3698 881 3739; x_wconf 92' lang='lat' dir='ltr'><strong>non</strong></span> <span class='ocrx_word' id='word_1_243' title='bbox 903 3675 1074 3739; x_wconf 89' lang='lat' dir='ltr'><strong>Heimonis</strong></span> <span class='ocrx_word' id='word_1_244' title='bbox 1097 3687 1209 3738; x_wconf 87' lang='lat' dir='ltr'><strong>sancte</strong></span> <span class='ocrx_word' id='word_1_245' title='bbox 1226 3675 1443 3739; x_wconf 72' lang='lat' dir='ltr'><strong>l&#39;irdunensis</strong></span> <span class='ocrx_word' id='word_1_246' title='bbox 1467 3675 1554 3738; x_wconf 88' lang='lat' dir='ltr'><strong>sedis</strong></span> <span class='ocrx_word' id='word_1_247' title='bbox 1577 3675 1717 3760; x_wconf 89' lang='lat' dir='ltr'><strong>presulis</strong></span> <span class='ocrx_word' id='word_1_248' title='bbox 1740 3686 1838 3761; x_wconf 89' lang='lat' dir='ltr'><strong>atque</strong></span> <span class='ocrx_word' id='word_1_249' title='bbox 1858 3674 2054 3739; x_wconf 73' lang='lat' dir='ltr'><strong>Hezelouisl</strong></span> <span class='ocrx_word' id='word_1_250' title='bbox 2078 3676 2206 3739; x_wconf 88' lang='lat' dir='ltr'><strong>comitis</strong></span> 
     </span>
     <span class='ocr_line' id='line_1_25' title="bbox 495 3781 2207 3868; baseline 0 -23"><span class='ocrx_word' id='word_1_251' title='bbox 495 3798 500 3805; x_wconf 92' lang='grc'><em>“</em></span> <span class='ocrx_word' id='word_1_252' title='bbox 554 3784 739 3846; x_wconf 77' lang='lat' dir='ltr'><strong>interventu</strong></span> <span class='ocrx_word' id='word_1_253' title='bbox 767 3781 932 3868; x_wconf 88' lang='lat' dir='ltr'><strong>quandam</strong></span> <span class='ocrx_word' id='word_1_254' title='bbox 962 3782 1041 3845; x_wconf 83' lang='lat' dir='ltr'><strong>iuris</strong></span> <span class='ocrx_word' id='word_1_255' title='bbox 1070 3783 1164 3866; x_wconf 86' lang='lat' dir='ltr'><strong>regni</strong></span> <span class='ocrx_word' id='word_1_256' title='bbox 1200 3783 1302 3845; x_wconf 83' lang='lat' dir='ltr'><strong>nostri</strong></span> <span class='ocrx_word' id='word_1_257' title='bbox 1333 3782 1477 3846; x_wconf 80' lang='lat' dir='ltr'><strong>forestim</strong></span> <span class='ocrx_word' id='word_1_258' title='bbox 1514 3782 1599 3845; x_wconf 84' lang='lat' dir='ltr'><strong>infra</strong></span> <span class='ocrx_word' id='word_1_259' title='bbox 1636 3783 1715 3845; x_wconf 89' lang='lat' dir='ltr'><strong>istos</strong></span> <span class='ocrx_word' id='word_1_260' title='bbox 1744 3782 1825 3844; x_wconf 88' lang='lat' dir='ltr'><strong>fines</strong></span> <span class='ocrx_word' id='word_1_261' title='bbox 1856 3781 2061 3845; x_wconf 86' lang='lat' dir='ltr'><strong>adiacentem</strong></span> <span class='ocrx_word' id='word_1_262' title='bbox 2090 3781 2207 3867; x_wconf 88' lang='lat' dir='ltr'><strong>hisque</strong></span> 
     </span>
     <span class='ocr_line' id='line_1_26' title="bbox 555 3887 2254 3974; baseline -0.003 -22"><span class='ocrx_word' id='word_1_263' title='bbox 555 3889 701 3953; x_wconf 88' lang='lat' dir='ltr'><strong>terminis</strong></span> <span class='ocrx_word' id='word_1_264' title='bbox 731 3889 949 3974; x_wconf 85' lang='lat' dir='ltr'><strong>procinctam:</strong></span> <span class='ocrx_word' id='word_1_265' title='bbox 981 3910 1024 3951; x_wconf 83' lang='lat' dir='ltr'><strong>ex</strong></span> <span class='ocrx_word' id='word_1_266' title='bbox 1053 3910 1118 3951; x_wconf 92' lang='lat' dir='ltr'><strong>uno</strong></span> <span class='ocrx_word' id='word_1_267' title='bbox 1149 3887 1251 3951; x_wconf 87' lang='lat' dir='ltr'><strong>latere</strong></span> <span class='ocrx_word' id='word_1_268' title='bbox 1281 3887 1406 3952; x_wconf 82' lang='lat' dir='ltr'><strong>fluvioli</strong></span> <span class='ocrx_word' id='word_1_269' title='bbox 1436 3887 1549 3952; x_wconf 89' lang='lat' dir='ltr'><strong>Poleia</strong></span> <span class='ocrx_word' id='word_1_270' title='bbox 1579 3902 1610 3951; x_wconf 88' lang='lat' dir='ltr'><strong>et</strong></span> <span class='ocrx_word' id='word_1_271' title='bbox 1640 3888 1760 3963; x_wconf 86' lang='lat' dir='ltr'><strong>Edera,</strong></span> <span class='ocrx_word' id='word_1_272' title='bbox 1789 3910 1831 3951; x_wconf 81' lang='lat' dir='ltr'><strong>ex</strong></span> <span class='ocrx_word' id='word_1_273' title='bbox 1861 3888 1925 3952; x_wconf 88' lang='lat' dir='ltr'><strong>alio</strong></span> <span class='ocrx_word' id='word_1_274' title='bbox 1950 3888 2084 3952; x_wconf 89' lang='lat' dir='ltr'><strong>Summa</strong></span> <span class='ocrx_word' id='word_1_275' title='bbox 2111 3887 2207 3952; x_wconf 85' lang='lat' dir='ltr'><strong>fluvi-</strong></span> <span class='ocrx_word' id='word_1_276' title='bbox 2227 3907 2254 3947; x_wconf 75' lang='lat' dir='ltr'><strong>ss</strong></span> 
     </span>
     <span class='ocr_line' id='line_1_27' title="bbox 555 3993 2209 4081; baseline 0 -22"><span class='ocrx_word' id='word_1_277' title='bbox 555 3995 640 4075; x_wconf 82' lang='lat' dir='ltr'><strong>olus,</strong></span> <span class='ocrx_word' id='word_1_278' title='bbox 669 4019 712 4059; x_wconf 82' lang='lat' dir='ltr'><strong>ex</strong></span> <span class='ocrx_word' id='word_1_279' title='bbox 734 3996 836 4058; x_wconf 87' lang='lat' dir='ltr'><strong>tercio</strong></span> <span class='ocrx_word' id='word_1_280' title='bbox 861 4006 961 4057; x_wconf 86' lang='lat' dir='ltr'><strong>strata</strong></span> <span class='ocrx_word' id='word_1_281' title='bbox 983 3994 1161 4079; x_wconf 90' lang='lat' dir='ltr'><strong>imperialis</strong></span> <span class='ocrx_word' id='word_1_282' title='bbox 1186 4017 1249 4080; x_wconf 89' lang='lat' dir='ltr'><strong>quc</strong></span> <span class='ocrx_word' id='word_1_283' title='bbox 1273 4018 1293 4058; x_wconf 89' lang='lat' dir='ltr'><strong>a</strong></span> <span class='ocrx_word' id='word_1_284' title='bbox 1317 3994 1452 4059; x_wconf 85' lang='lat' dir='ltr'><strong>Summa</strong></span> <span class='ocrx_word' id='word_1_285' title='bbox 1474 3994 1578 4058; x_wconf 91' lang='lat' dir='ltr'><strong>tendit</strong></span> <span class='ocrx_word' id='word_1_286' title='bbox 1608 4018 1710 4080; x_wconf 84' lang='lat' dir='ltr'><strong>usquc</strong></span> <span class='ocrx_word' id='word_1_287' title='bbox 1735 3993 1777 4057; x_wconf 89' lang='lat' dir='ltr'><strong>ad</strong></span> <span class='ocrx_word' id='word_1_288' title='bbox 1800 3994 1911 4058; x_wconf 85' lang='lat' dir='ltr'><strong>villam</strong></span> <span class='ocrx_word' id='word_1_289' title='bbox 1935 4017 1998 4081; x_wconf 89' lang='lat' dir='ltr'><strong>que</strong></span> <span class='ocrx_word' id='word_1_290' title='bbox 2022 3996 2209 4059; x_wconf 90' lang='lat' dir='ltr'><strong>nominatur</strong></span> 
     </span>
     <span class='ocr_line' id='line_1_28' title="bbox 553 4100 2208 4187; baseline -0.001 -21"><span class='ocrx_word' id='word_1_291' title='bbox 553 4103 641 4166; x_wconf 87' lang='lat' dir='ltr'><strong>Pons</strong></span> <span class='ocrx_word' id='word_1_292' title='bbox 657 4102 796 4187; x_wconf 84' lang='lat' dir='ltr'><strong>imperii,</strong></span> <span class='ocrx_word' id='word_1_293' title='bbox 819 4123 861 4163; x_wconf 85' lang='lat' dir='ltr'><strong>ex</strong></span> <span class='ocrx_word' id='word_1_294' title='bbox 878 4112 993 4186; x_wconf 89' lang='lat' dir='ltr'><strong>quarto</strong></span> <span class='ocrx_word' id='word_1_295' title='bbox 1009 4100 1102 4163; x_wconf 86' lang='lat' dir='ltr'><strong>Mosa</strong></span> <span class='ocrx_word' id='word_1_296' title='bbox 1122 4112 1154 4163; x_wconf 89' lang='lat' dir='ltr'><strong>et</strong></span> <span class='ocrx_word' id='word_1_297' title='bbox 1169 4102 1255 4164; x_wconf 91' lang='lat' dir='ltr'><strong>inter</strong></span> <span class='ocrx_word' id='word_1_298' title='bbox 1274 4112 1379 4164; x_wconf 90' lang='lat' dir='ltr'><strong>ortum</strong></span> <span class='ocrx_word' id='word_1_299' title='bbox 1395 4101 1506 4165; x_wconf 88' lang='lat' dir='ltr'><strong>Poleic</strong></span> <span class='ocrx_word' id='word_1_300' title='bbox 1527 4114 1560 4165; x_wconf 91' lang='lat' dir='ltr'><strong>et</strong></span> <span class='ocrx_word' id='word_1_301' title='bbox 1576 4100 1708 4165; x_wconf 75' lang='lat' dir='ltr'><strong>Sinuare</strong></span> <span class='ocrx_word' id='word_1_302' title='bbox 1729 4100 1811 4164; x_wconf 80' lang='lat' dir='ltr'><strong>silva</strong></span> <span class='ocrx_word' id='word_1_303' title='bbox 1827 4125 1890 4187; x_wconf 91' lang='lat' dir='ltr'><strong>que</strong></span> <span class='ocrx_word' id='word_1_304' title='bbox 1912 4101 2031 4165; x_wconf 87' lang='lat' dir='ltr'><strong>dicitur</strong></span> <span class='ocrx_word' id='word_1_305' title='bbox 2045 4102 2147 4164; x_wconf 85' lang='lat' dir='ltr'><strong>Heira</strong></span> <span class='ocrx_word' id='word_1_306' title='bbox 2163 4142 2208 4150; x_wconf 92' lang='lat'><em>-</em></span> 
     </span>
     <span class='ocr_line' id='line_1_29' title="bbox 554 4205 2208 4294; baseline 0.001 -23"><span class='ocrx_word' id='word_1_307' title='bbox 554 4230 628 4271; x_wconf 91' lang='lat' dir='ltr'><strong>cum</strong></span> <span class='ocrx_word' id='word_1_308' title='bbox 652 4205 760 4270; x_wconf 88' lang='lat' dir='ltr'><strong>hauno</strong></span> <span class='ocrx_word' id='word_1_309' title='bbox 784 4218 893 4269; x_wconf 90' lang='lat' dir='ltr'><strong>nostro</strong></span> <span class='ocrx_word' id='word_1_310' title='bbox 918 4207 1101 4291; x_wconf 83' lang='lat' dir='ltr'><strong>ceterisque</strong></span> <span class='ocrx_word' id='word_1_311' title='bbox 1133 4208 1202 4269; x_wconf 86' lang='lat' dir='ltr'><strong>cius</strong></span> <span class='ocrx_word' id='word_1_312' title='bbox 1232 4208 1436 4293; x_wconf 81' lang='lat' dir='ltr'><strong>pertinentiis</strong></span> <span class='ocrx_word' id='word_1_313' title='bbox 1467 4231 1525 4271; x_wconf 85' lang='lat' dir='ltr'><strong>seu</strong></span> <span class='ocrx_word' id='word_1_314' title='bbox 1555 4232 1629 4271; x_wconf 88' lang='lat' dir='ltr'><strong>cum</strong></span> <span class='ocrx_word' id='word_1_315' title='bbox 1659 4206 1809 4271; x_wconf 88' lang='lat' dir='ltr'><strong>omnibus</strong></span> <span class='ocrx_word' id='word_1_316' title='bbox 1840 4230 1903 4293; x_wconf 91' lang='lat' dir='ltr'><strong>que</strong></span> <span class='ocrx_word' id='word_1_317' title='bbox 1934 4206 2079 4294; x_wconf 90' lang='lat' dir='ltr'><strong>quolibet</strong></span> <span class='ocrx_word' id='word_1_318' title='bbox 2108 4209 2208 4272; x_wconf 88' lang='lat' dir='ltr'><strong>modo</strong></span> 
     </span>
     <span class='ocr_line' id='line_1_30' title="bbox 555 4311 2208 4401; baseline 0.001 -25"><span class='ocrx_word' id='word_1_319' title='bbox 555 4313 620 4377; x_wconf 84' lang='lat' dir='ltr'><strong>dici</strong></span> <span class='ocrx_word' id='word_1_320' title='bbox 653 4313 705 4375; x_wconf 81' lang='lat' dir='ltr'><strong>rel</strong></span> <span class='ocrx_word' id='word_1_321' title='bbox 738 4312 837 4376; x_wconf 82' lang='lat' dir='ltr'><strong>scribi</strong></span> <span class='ocrx_word' id='word_1_322' title='bbox 868 4322 1005 4398; x_wconf 83' lang='lat' dir='ltr'><strong>possunt</strong></span> <span class='ocrx_word' id='word_1_323' title='bbox 1036 4311 1229 4376; x_wconf 87' lang='lat' dir='ltr'><strong>utilitatibus</strong></span> <span class='ocrx_word' id='word_1_324' title='bbox 1262 4313 1441 4377; x_wconf 88' lang='lat' dir='ltr'><strong>secundum</strong></span> <span class='ocrx_word' id='word_1_325' title='bbox 1474 4314 1746 4378; x_wconf 82' lang='lat' dir='ltr'><strong>collaudationem</strong></span> <span class='ocrx_word' id='word_1_326' title='bbox 1779 4314 2091 4401; x_wconf 77' lang='lat' dir='ltr'><strong>conprovincialium</strong></span> <span class='ocrx_word' id='word_1_327' title='bbox 2124 4314 2208 4378; x_wconf 89' lang='lat' dir='ltr'><strong>inibi</strong></span> 
     </span>
     <span class='ocr_line' id='line_1_31' title="bbox 554 4418 2259 4507; baseline 0.004 -25"><span class='ocrx_word' id='word_1_328' title='bbox 554 4420 669 4505; x_wconf 86' lang='lat' dir='ltr'><strong>predia</strong></span> <span class='ocrx_word' id='word_1_329' title='bbox 685 4418 873 4483; x_wconf 84' lang='lat' dir='ltr'><strong>habentium</strong></span> <span class='ocrx_word' id='word_1_330' title='bbox 889 4430 1000 4482; x_wconf 90' lang='lat' dir='ltr'><strong>sancte</strong></span> <span class='ocrx_word' id='word_1_331' title='bbox 1016 4418 1229 4483; x_wconf 89' lang='lat' dir='ltr'><strong>Lcodicensis</strong></span> <span class='ocrx_word' id='word_1_332' title='bbox 1245 4420 1384 4485; x_wconf 86' lang='lat' dir='ltr'><strong>ecclesie</strong></span> <span class='ocrx_word' id='word_1_333' title='bbox 1404 4422 1570 4506; x_wconf 79' lang='lat' dir='ltr'><strong>episcopio</strong></span> <span class='ocrx_word' id='word_1_334' title='bbox 1591 4423 1726 4507; x_wconf 81' lang='lat' dir='ltr'><strong>eiusque</strong></span> <span class='ocrx_word' id='word_1_335' title='bbox 1746 4423 1864 4485; x_wconf 87' lang='lat' dir='ltr'><strong>rectori</strong></span> <span class='ocrx_word' id='word_1_336' title='bbox 1879 4420 2031 4485; x_wconf 89' lang='lat' dir='ltr'><strong>Baldrico</strong></span> <span class='ocrx_word' id='word_1_337' title='bbox 2051 4421 2209 4486; x_wconf 82' lang='lat' dir='ltr'><strong>videlicet</strong></span> <span class='ocrx_word' id='word_1_338' title='bbox 2229 4450 2259 4488; x_wconf 82' lang='lat' dir='ltr'><strong>so</strong></span> 
     </span>
     <span class='ocr_line' id='line_1_32' title="bbox 554 4525 2208 4613; baseline 0.003 -25"><span class='ocrx_word' id='word_1_339' title='bbox 554 4527 691 4589; x_wconf 88' lang='lat' dir='ltr'><strong>antistiti</strong></span> <span class='ocrx_word' id='word_1_340' title='bbox 713 4547 773 4610; x_wconf 92' lang='lat' dir='ltr'><strong>per</strong></span> <span class='ocrx_word' id='word_1_341' title='bbox 795 4525 879 4588; x_wconf 89' lang='lat' dir='ltr'><strong>hanc</strong></span> <span class='ocrx_word' id='word_1_342' title='bbox 902 4536 1046 4587; x_wconf 85' lang='lat' dir='ltr'><strong>nostram</strong></span> <span class='ocrx_word' id='word_1_343' title='bbox 1065 4526 1284 4612; x_wconf 87' lang='lat' dir='ltr'><strong>preceptalem</strong></span> <span class='ocrx_word' id='word_1_344' title='bbox 1303 4528 1457 4612; x_wconf 83' lang='lat' dir='ltr'><strong>paginam</strong></span> <span class='ocrx_word' id='word_1_345' title='bbox 1474 4527 1683 4591; x_wconf 84' lang='lat' dir='ltr'><strong>concedimus</strong></span> <span class='ocrx_word' id='word_1_346' title='bbox 1700 4540 1797 4613; x_wconf 87' lang='lat' dir='ltr'><strong>atquc</strong></span> <span class='ocrx_word' id='word_1_347' title='bbox 1813 4527 1970 4613; x_wconf 84' lang='lat' dir='ltr'><strong>largimur</strong></span> <span class='ocrx_word' id='word_1_348' title='bbox 1987 4526 2077 4591; x_wconf 88' lang='lat' dir='ltr'><strong>etde</strong></span> <span class='ocrx_word' id='word_1_349' title='bbox 2094 4540 2208 4593; x_wconf 86' lang='lat' dir='ltr'><strong>nostro</strong></span> 
     </span>
     <span class='ocr_line' id='line_1_33' title="bbox 555 4630 2209 4720; baseline 0.002 -25"><span class='ocrx_word' id='word_1_350' title='bbox 555 4632 624 4695; x_wconf 92' lang='lat' dir='ltr'><strong>iure</strong></span> <span class='ocrx_word' id='word_1_351' title='bbox 648 4653 687 4694; x_wconf 91' lang='lat' dir='ltr'><strong>ac</strong></span> <span class='ocrx_word' id='word_1_352' title='bbox 711 4630 854 4693; x_wconf 91' lang='lat' dir='ltr'><strong>dominio</strong></span> <span class='ocrx_word' id='word_1_353' title='bbox 877 4631 911 4694; x_wconf 90' lang='lat' dir='ltr'><strong>in</strong></span> <span class='ocrx_word' id='word_1_354' title='bbox 934 4631 1004 4694; x_wconf 90' lang='lat' dir='ltr'><strong>eius</strong></span> <span class='ocrx_word' id='word_1_355' title='bbox 1035 4631 1084 4693; x_wconf 90' lang='lat' dir='ltr'><strong>ius</strong></span> <span class='ocrx_word' id='word_1_356' title='bbox 1108 4644 1140 4695; x_wconf 90' lang='lat' dir='ltr'><strong>et</strong></span> <span class='ocrx_word' id='word_1_357' title='bbox 1163 4631 1351 4713; x_wconf 90' lang='lat' dir='ltr'><strong>dominium,</strong></span> <span class='ocrx_word' id='word_1_358' title='bbox 1382 4646 1478 4719; x_wconf 90' lang='lat' dir='ltr'><strong>prout</strong></span> <span class='ocrx_word' id='word_1_359' title='bbox 1507 4635 1590 4698; x_wconf 86' lang='lat' dir='ltr'><strong>iuste</strong></span> <span class='ocrx_word' id='word_1_360' title='bbox 1622 4646 1654 4697; x_wconf 90' lang='lat' dir='ltr'><strong>et</strong></span> <span class='ocrx_word' id='word_1_361' title='bbox 1683 4634 1832 4719; x_wconf 82' lang='lat' dir='ltr'><strong>legaliter</strong></span> <span class='ocrx_word' id='word_1_362' title='bbox 1861 4657 2043 4720; x_wconf 85' lang='lat' dir='ltr'><strong>possumus,</strong></span> <span class='ocrx_word' id='word_1_363' title='bbox 2075 4636 2209 4699; x_wconf 91' lang='lat' dir='ltr'><strong>omnino</strong></span> 
     </span>
     <span class='ocr_line' id='line_1_34' title="bbox 554 4736 2208 4827; baseline 0.001 -25"><span class='ocrx_word' id='word_1_364' title='bbox 554 4736 821 4817; x_wconf 80' lang='lat' dir='ltr'><strong>transfundimus,</strong></span> <span class='ocrx_word' id='word_1_365' title='bbox 845 4758 885 4800; x_wconf 91' lang='lat' dir='ltr'><strong>ea</strong></span> <span class='ocrx_word' id='word_1_366' title='bbox 908 4736 1052 4800; x_wconf 68' lang='lat' dir='ltr'><strong>scilicet0</strong></span> <span class='ocrx_word' id='word_1_367' title='bbox 1076 4738 1201 4801; x_wconf 87' lang='lat' dir='ltr'><strong>ratione</strong></span> <span class='ocrx_word' id='word_1_368' title='bbox 1225 4749 1260 4802; x_wconf 94' lang='lat' dir='ltr'><strong>ut</strong></span> <span class='ocrx_word' id='word_1_369' title='bbox 1283 4739 1448 4825; x_wconf 86' lang='lat' dir='ltr'><strong>predictus</strong></span> <span class='ocrx_word' id='word_1_370' title='bbox 1467 4740 1640 4804; x_wconf 85' lang='lat' dir='ltr'><strong>Baldricus</strong></span> <span class='ocrx_word' id='word_1_371' title='bbox 1664 4742 1838 4827; x_wconf 88' lang='lat' dir='ltr'><strong>episcopus</strong></span> <span class='ocrx_word' id='word_1_372' title='bbox 1860 4741 1975 4826; x_wconf 85' lang='lat' dir='ltr'><strong>suique</strong></span> <span class='ocrx_word' id='word_1_373' title='bbox 1997 4762 2208 4805; x_wconf 84' lang='lat' dir='ltr'><strong>successores</strong></span> 
     </span>
     <span class='ocr_line' id='line_1_35' title="bbox 555 4842 2209 4932; baseline 0.001 -24"><span class='ocrx_word' id='word_1_374' title='bbox 555 4844 595 4908; x_wconf 90' lang='lat' dir='ltr'><strong>de</strong></span> <span class='ocrx_word' id='word_1_375' title='bbox 619 4845 684 4907; x_wconf 93' lang='lat' dir='ltr'><strong>iam</strong></span> <span class='ocrx_word' id='word_1_376' title='bbox 708 4844 875 4907; x_wconf 89' lang='lat' dir='ltr'><strong>nominata</strong></span> <span class='ocrx_word' id='word_1_377' title='bbox 898 4842 1010 4906; x_wconf 87' lang='lat' dir='ltr'><strong>foresti</strong></span> <span class='ocrx_word' id='word_1_378' title='bbox 1029 4844 1163 4929; x_wconf 83' lang='lat' dir='ltr'><strong>eiusque</strong></span> <span class='ocrx_word' id='word_1_379' title='bbox 1183 4847 1385 4930; x_wconf 87' lang='lat' dir='ltr'><strong>pertinentiis</strong></span> <span class='ocrx_word' id='word_1_380' title='bbox 1404 4845 1540 4909; x_wconf 86' lang='lat' dir='ltr'><strong>liberam</strong></span> <span class='ocrx_word' id='word_1_381' title='bbox 1560 4846 1677 4911; x_wconf 89' lang='lat' dir='ltr'><strong>dehinc</strong></span> <span class='ocrx_word' id='word_1_382' title='bbox 1698 4845 1839 4911; x_wconf 88' lang='lat' dir='ltr'><strong>habeant</strong></span> <span class='ocrx_word' id='word_1_383' title='bbox 1857 4857 2052 4932; x_wconf 86' lang='lat' dir='ltr'><strong>potestatem</strong></span> <span class='ocrx_word' id='word_1_384' title='bbox 2071 4847 2209 4911; x_wconf 88' lang='lat' dir='ltr'><strong>tenendi</strong></span> 
     </span>
     <span class='ocr_line' id='line_1_36' title="bbox 553 4948 2260 5035; baseline 0.003 -21"><span class='ocrx_word' id='word_1_385' title='bbox 553 4950 684 5015; x_wconf 91' lang='lat' dir='ltr'><strong>fruendi</strong></span> <span class='ocrx_word' id='word_1_386' title='bbox 713 4949 766 5013; x_wconf 85' lang='lat' dir='ltr'><strong>rol</strong></span> <span class='ocrx_word' id='word_1_387' title='bbox 796 4948 953 5035; x_wconf 90' lang='lat' dir='ltr'><strong>quicquid</strong></span> <span class='ocrx_word' id='word_1_388' title='bbox 983 4950 1031 5012; x_wconf 89' lang='lat' dir='ltr'><strong>cis</strong></span> <span class='ocrx_word' id='word_1_389' title='bbox 1061 4948 1192 5013; x_wconf 88' lang='lat' dir='ltr'><strong>libuerit</strong></span> <span class='ocrx_word' id='word_1_390' title='bbox 1221 4951 1379 5027; x_wconf 88' lang='lat' dir='ltr'><strong>faciendi,</strong></span> <span class='ocrx_word' id='word_1_391' title='bbox 1412 4954 1556 5016; x_wconf 89' lang='lat' dir='ltr'><strong>omnium</strong></span> <span class='ocrx_word' id='word_1_392' title='bbox 1586 4953 1752 5018; x_wconf 89' lang='lat' dir='ltr'><strong>hominurn</strong></span> <span class='ocrx_word' id='word_1_393' title='bbox 1782 4953 2038 5017; x_wconf 89' lang='lat' dir='ltr'><strong>contradictione</strong></span> <span class='ocrx_word' id='word_1_394' title='bbox 2068 4968 2207 5017; x_wconf 86' lang='lat' dir='ltr'><strong>remota.</strong></span> <span class='ocrx_word' id='word_1_395' title='bbox 2231 4981 2260 5019; x_wconf 80' lang='lat' dir='ltr'><strong>ss</strong></span> 
     </span>
     <span class='ocr_line' id='line_1_37' title="bbox 553 5055 2208 5145; baseline 0.001 -23"><span class='ocrx_word' id='word_1_396' title='bbox 553 5059 596 5122; x_wconf 88' lang='lat' dir='ltr'><strong>Et</strong></span> <span class='ocrx_word' id='word_1_397' title='bbox 619 5068 656 5121; x_wconf 90' lang='lat' dir='ltr'><strong>ut</strong></span> <span class='ocrx_word' id='word_1_398' title='bbox 678 5057 739 5121; x_wconf 92' lang='lat' dir='ltr'><strong>hec</strong></span> <span class='ocrx_word' id='word_1_399' title='bbox 762 5068 873 5119; x_wconf 88' lang='lat' dir='ltr'><strong>nostre</strong></span> <span class='ocrx_word' id='word_1_400' title='bbox 897 5055 1080 5119; x_wconf 88' lang='lat' dir='ltr'><strong>donationis</strong></span> <span class='ocrx_word' id='word_1_401' title='bbox 1104 5058 1279 5121; x_wconf 86' lang='lat' dir='ltr'><strong>auctoritas</strong></span> <span class='ocrx_word' id='word_1_402' title='bbox 1303 5057 1428 5121; x_wconf 88' lang='lat' dir='ltr'><strong>stabilis</strong></span> <span class='ocrx_word' id='word_1_403' title='bbox 1452 5071 1484 5122; x_wconf 91' lang='lat' dir='ltr'><strong>et</strong></span> <span class='ocrx_word' id='word_1_404' title='bbox 1507 5059 1700 5122; x_wconf 55' lang='lat' dir='ltr'><strong>inconvulsa</strong></span> <span class='ocrx_word' id='word_1_405' title='bbox 1723 5060 1810 5123; x_wconf 89' lang='lat' dir='ltr'><strong>omni</strong></span> <span class='ocrx_word' id='word_1_406' title='bbox 1834 5070 2026 5144; x_wconf 77' lang='lat' dir='ltr'><strong>permaneat</strong></span> <span class='ocrx_word' id='word_1_407' title='bbox 2046 5071 2208 5145; x_wconf 83' lang='lat' dir='ltr'><strong>tempore.</strong></span> 
     </span>
     <span class='ocr_line' id='line_1_38' title="bbox 552 5162 2208 5251; baseline 0.001 -22"><span class='ocrx_word' id='word_1_408' title='bbox 552 5164 614 5229; x_wconf 90' lang='lat' dir='ltr'><strong>boc</strong></span> <span class='ocrx_word' id='word_1_409' title='bbox 638 5174 828 5250; x_wconf 88' lang='lat' dir='ltr'><strong>preceptum</strong></span> <span class='ocrx_word' id='word_1_410' title='bbox 851 5162 928 5226; x_wconf 89' lang='lat' dir='ltr'><strong>inde</strong></span> <span class='ocrx_word' id='word_1_411' title='bbox 952 5163 1173 5248; x_wconf 90' lang='lat' dir='ltr'><strong>conscriptum</strong></span> <span class='ocrx_word' id='word_1_412' title='bbox 1196 5186 1294 5227; x_wconf 87' lang='lat' dir='ltr'><strong>manu</strong></span> <span class='ocrx_word' id='word_1_413' title='bbox 1316 5166 1449 5251; x_wconf 88' lang='lat' dir='ltr'><strong>propria</strong></span> <span class='ocrx_word' id='word_1_414' title='bbox 1472 5164 1720 5229; x_wconf 89' lang='lat' dir='ltr'><strong>corroborantes</strong></span> <span class='ocrx_word' id='word_1_415' title='bbox 1744 5165 1842 5250; x_wconf 79' lang='lat' dir='ltr'><strong>sigilli</strong></span> <span class='ocrx_word' id='word_1_416' title='bbox 1864 5167 1966 5230; x_wconf 85' lang='lat' dir='ltr'><strong>nostri</strong></span> <span class='ocrx_word' id='word_1_417' title='bbox 1989 5167 2208 5251; x_wconf 86' lang='lat' dir='ltr'><strong>impressione</strong></span> 
     </span>
     <span class='ocr_line' id='line_1_39' title="bbox 552 5271 887 5356; baseline -0.003 -22"><span class='ocrx_word' id='word_1_418' title='bbox 552 5271 701 5356; x_wconf 84' lang='lat' dir='ltr'><strong>insigniri</strong></span> <span class='ocrx_word' id='word_1_419' title='bbox 725 5271 887 5335; x_wconf 85' lang='lat' dir='ltr'><strong>iussimus.</strong></span> 
     </span>
    </p>
   </div>
   <div class='ocr_carea' id='block_1_11' title="bbox 624 5480 1436 5552">
    <p class='ocr_par' dir='ltr' id='par_1_11' title="bbox 624 5480 1436 5552">
     <span class='ocr_line' id='line_1_40' title="bbox 624 5480 1436 5552; baseline -0.005 -13"><span class='ocrx_word' id='word_1_420' title='bbox 624 5481 689 5539; x_wconf 74' lang='lat'><strong>188.</strong></span> <span class='ocrx_word' id='word_1_421' title='bbox 714 5488 744 5552; x_wconf 84' lang='lat' dir='ltr'><strong>g)</strong></span> <span class='ocrx_word' id='word_1_422' title='bbox 766 5482 1094 5535; x_wconf 60' lang='lat' dir='ltr'><strong>antecessorem·</strong></span> <span class='ocrx_word' id='word_1_423' title='bbox 1165 5480 1194 5547; x_wconf 86' lang='lat' dir='ltr'><strong>h)</strong></span> <span class='ocrx_word' id='word_1_424' title='bbox 1216 5498 1260 5532; x_wconf 88' lang='lat' dir='ltr'><strong>om</strong></span> <span class='ocrx_word' id='word_1_425' title='bbox 1279 5482 1318 5536; x_wconf 79' lang='grc' dir='ltr'><strong>Μ.</strong></span> <span class='ocrx_word' id='word_1_426' title='bbox 1335 5482 1436 5536; x_wconf 71' lang='lat' dir='ltr'><strong>saar.</strong></span> 
     </span>
    </p>
   </div>
   <div class='ocr_carea' id='block_1_12' title="bbox 624 5586 2263 5798">
    <p class='ocr_par' dir='ltr' id='par_1_12' title="bbox 624 5586 2263 5798">
     <span class='ocr_line' id='line_1_41' title="bbox 624 5586 2263 5657; baseline 0.002 -15"><span class='ocrx_word' id='word_1_427' title='bbox 624 5588 687 5645; x_wconf 78' lang='lat' dir='ltr'><strong>lsr.</strong></span> <span class='ocrx_word' id='word_1_428' title='bbox 713 5588 959 5657; x_wconf 82' lang='lat' dir='ltr'><strong>[Foltz-Bresslau]</strong></span> <span class='ocrx_word' id='word_1_429' title='bbox 997 5590 1024 5655; x_wconf 86' lang='lat' dir='ltr'><strong>a)</strong></span> <span class='ocrx_word' id='word_1_430' title='bbox 1040 5586 1075 5640; x_wconf 95' lang='lat' dir='ltr'><strong>In</strong></span> <span class='ocrx_word' id='word_1_431' title='bbox 1093 5587 1204 5640; x_wconf 86' lang='lat' dir='ltr'><strong>nomino</strong></span> <span class='ocrx_word' id='word_1_432' title='bbox 1222 5593 1315 5640; x_wconf 84' lang='lat' dir='ltr'><strong>sancte</strong></span> <span class='ocrx_word' id='word_1_433' title='bbox 1334 5594 1386 5641; x_wconf 85' lang='lat' dir='ltr'><strong>etc.</strong></span> <span class='ocrx_word' id='word_1_434' title='bbox 1406 5590 1431 5640; x_wconf 91' lang='lat' dir='ltr'><em>B</em></span> <span class='ocrx_word' id='word_1_435' title='bbox 1502 5589 1531 5645; x_wconf 82' lang='lat' dir='ltr'><strong>bl</strong></span> <span class='ocrx_word' id='word_1_436' title='bbox 1552 5590 1680 5641; x_wconf 62' lang='lat' dir='ltr'><strong>emaum</strong></span> <span class='ocrx_word' id='word_1_437' title='bbox 1700 5606 1715 5642; x_wconf 91' lang='lat' dir='ltr'><strong>e</strong></span> <span class='ocrx_word' id='word_1_438' title='bbox 1734 5592 1792 5641; x_wconf 75' lang='lat' dir='ltr'><strong>aad</strong></span> <span class='ocrx_word' id='word_1_439' title='bbox 1809 5607 1823 5641; x_wconf 80' lang='grc' dir='ltr'><strong>ι</strong></span> <span class='ocrx_word' id='word_1_440' title='bbox 1842 5591 1914 5642; x_wconf 69' lang='lat' dir='ltr'><strong>batte</strong></span> <span class='ocrx_word' id='word_1_441' title='bbox 1930 5593 1980 5643; x_wconf 82' lang='lat' dir='ltr'><strong>der</strong></span> <span class='ocrx_word' id='word_1_442' title='bbox 1997 5591 2137 5644; x_wconf 59' lang='lat' dir='ltr'><strong>&amp;arsur</strong></span> <span class='ocrx_word' id='word_1_443' title='bbox 2155 5608 2208 5645; x_wconf 75' lang='lat' dir='ltr'><strong>eon</strong></span> <span class='ocrx_word' id='word_1_444' title='bbox 2231 5613 2263 5650; x_wconf 68' lang='lat' dir='ltr'><strong>ec</strong></span> 
     </span>
     <span class='ocr_line' id='line_1_42' title="bbox 713 5660 2209 5729; baseline 0.002 -17"><span class='ocrx_word' id='word_1_445' title='bbox 713 5661 738 5712; x_wconf 90' lang='lat' dir='ltr'><em>B</em></span> <span class='ocrx_word' id='word_1_446' title='bbox 755 5664 798 5712; x_wconf 78' lang='lat' dir='ltr'><strong>ein</strong></span> <span class='ocrx_word' id='word_1_447' title='bbox 817 5661 825 5712; x_wconf 98' lang='lat' dir='ltr'><strong>l</strong></span> <span class='ocrx_word' id='word_1_448' title='bbox 844 5664 1007 5712; x_wconf 65' lang='lat' dir='ltr'><strong>statuerim</strong></span> <span class='ocrx_word' id='word_1_449' title='bbox 1026 5660 1165 5725; x_wconf 58' lang='lat' dir='ltr'><strong>boonaco,</strong></span> <span class='ocrx_word' id='word_1_450' title='bbox 1192 5661 1240 5711; x_wconf 70' lang='lat' dir='ltr'><strong>bot</strong></span> <span class='ocrx_word' id='word_1_451' title='bbox 1258 5661 1307 5711; x_wconf 78' lang='lat' dir='ltr'><strong>den</strong></span> <span class='ocrx_word' id='word_1_452' title='bbox 1326 5660 1492 5711; x_wconf 75' lang='lat' dir='ltr'><strong>Bucbstobrn</strong></span> <span class='ocrx_word' id='word_1_453' title='bbox 1511 5661 1576 5711; x_wconf 78' lang='lat' dir='ltr'><strong>aher</strong></span> <span class='ocrx_word' id='word_1_454' title='bbox 1592 5662 1666 5711; x_wconf 64' lang='lat' dir='ltr'><strong>aicit</strong></span> <span class='ocrx_word' id='word_1_455' title='bbox 1684 5662 1809 5714; x_wconf 64' lang='lat' dir='ltr'><strong>zelanda</strong></span> <span class='ocrx_word' id='word_1_456' title='bbox 1900 5664 1926 5729; x_wconf 90' lang='lat' dir='ltr'><strong>c)</strong></span> <span class='ocrx_word' id='word_1_457' title='bbox 1946 5663 2073 5714; x_wconf 56' lang='lat' dir='ltr'><strong>saumas</strong></span> <span class='ocrx_word' id='word_1_458' title='bbox 2090 5680 2127 5713; x_wconf 72' lang='lat' dir='ltr'><strong>zu</strong></span> <span class='ocrx_word' id='word_1_459' title='bbox 2147 5681 2209 5715; x_wconf 79' lang='lat' dir='ltr'><strong>oce·-</strong></span> 
     </span>
     <span class='ocr_line' id='line_1_43' title="bbox 712 5731 1752 5798; baseline 0 -16"><span class='ocrx_word' id='word_1_460' title='bbox 712 5731 816 5783; x_wconf 73' lang='lat' dir='ltr'><strong>bessem</strong></span> <span class='ocrx_word' id='word_1_461' title='bbox 836 5734 864 5783; x_wconf 73' lang='lat' dir='ltr'><strong>in</strong></span> <span class='ocrx_word' id='word_1_462' title='bbox 882 5731 1019 5795; x_wconf 73' lang='lat' dir='ltr'><strong>videlicet,</strong></span> <span class='ocrx_word' id='word_1_463' title='bbox 1038 5732 1088 5782; x_wconf 83' lang='lat' dir='ltr'><strong>dos</strong></span> <span class='ocrx_word' id='word_1_464' title='bbox 1107 5732 1156 5782; x_wconf 80' lang='lat' dir='ltr'><strong>EC</strong></span> <span class='ocrx_word' id='word_1_465' title='bbox 1171 5748 1208 5782; x_wconf 79' lang='lat' dir='ltr'><strong>on</strong></span> <span class='ocrx_word' id='word_1_466' title='bbox 1225 5732 1312 5783; x_wconf 72' lang='lat' dir='ltr'><strong>diem</strong></span> <span class='ocrx_word' id='word_1_467' title='bbox 1329 5733 1404 5783; x_wconf 76' lang='lat' dir='ltr'><strong>Stella</strong></span> <span class='ocrx_word' id='word_1_468' title='bbox 1422 5732 1592 5798; x_wconf 69' lang='lat' dir='ltr'><strong>rryclmdssip</strong></span> <span class='ocrx_word' id='word_1_469' title='bbox 1608 5733 1752 5798; x_wconf 56' lang='lat' dir='ltr'><strong>prbr-ouem</strong></span> 
     </span>
    </p>
   </div>
   <div class='ocr_carea' id='block_1_13' title="bbox 0 0 2429 6500">
    <p class='ocr_par' dir='ltr' id='par_1_13' title="bbox 0 0 2429 6500">
     <span class='ocr_line' id='line_1_44' title="bbox 0 0 2429 6500; baseline 0 0"><span class='ocrx_word' id='word_1_470' title='bbox 0 0 2429 6500; x_wconf 95' lang='lat' dir='ltr'><strong> </strong></span> 
     </span>
    </p>
   </div>
  </div>
 </body>
</html>
