4836 6504
855 451 1092 508 HEINRICH
1114 451 1153 507 Π.
1195 449 1292 507 1009.
1840 446 1904 509 229

359 642 416 728 (C.)
439 638 457 729 i
478 640 518 704 In
540 641 672 705 nomine
696 650 829 704 sanetae
853 651 886 703 et
908 639 1099 703 individuae
1122 640 1285 703 trinitatis.
1331 638 1508 703 Heinricus
1539 639 1652 703 divina
1681 639 1814 705 favente
1843 640 1905 705 ele-

252 750 374 813 mentia
396 770 466 811 reli.
548 761 577 811 Si
597 759 740 812 aecclesiis
752 754 766 826 Ε
779 761 825 811 dei
844 762 939 825 eisque
957 759 1155 810 famulantibus
1172 759 1277 825 aliquid
1294 761 1360 811 boni
1376 756 1420 809 vel
1438 762 1640 811 commoditatis
1658 762 1807 827 inpendere
1827 778 1905 812 cura·

252 871 379 928 serimus,
405 869 484 919 nobis
502 865 548 917 hic
568 874 596 919 et
614 870 643 917 in
661 868 754 917 futuro
774 848 890 917 manime
910 868 1042 934 proficere
1062 866 1159 933 procul
1180 867 1264 919 dubio
1283 882 1433 935 speramus.
1472 868 1646 934 Quapropter
1664 870 1785 919 omnium
1805 869 1906 920 Christi

253 976 373 1027 fidelium
392 976 500 1026 noverit
519 977 693 1034 universitas,
719 973 838 1039 qualiter
863 990 913 1024 nos
939 974 1033 1025 divina
1057 975 1236 1040 inspiratione
1263 976 1412 1041 conpuncti
1437 992 1489 1025 nec
1511 991 1566 1025 non
1590 991 1639 1041 pro
1658 977 1779 1026 remedio
1798 978 1906 1027 animes

216 1097 230 1138 t
253 1090 363 1135 nostrae
382 1090 580 1148 parentumque
599 1088 754 1131 nostrorum
774 1080 883 1131 Ottouis
908 1080 1015 1132 scilicet
1039 1083 1155 1132 senioris
1180 1084 1267 1132 nostri
1293 1083 1369 1131 tertii
1394 1083 1566 1147 imperatoris
1592 1085 1703 1147 augusti
1730 1099 1762 1133 ac
1788 1082 1905 1133 aliorum

253 1193 312 1241 sive
331 1190 531 1255 chunigundae
551 1189 713 1239 contectalis
732 1198 842 1240 nostrae
862 1191 1027 1241 monasterio
1046 1192 1075 1239 in
1095 1189 1157 1242 loco
1176 1191 1327 1256 Tegrinsee
1354 1195 1512 1239 comtructo
1536 1195 1620 1254 atque
1646 1190 1675 1239 in
1693 1191 1798 1240 honore
1818 1193 1906 1241 sancti

254 1299 362 1360 Quirini
380 1299 506 1362 martyria
524 1298 652 1347 dedicato
673 1282 754 1346 duas
778 1281 880 1346 hobas
903 1283 938 1346 in
961 1284 1085 1347 oriente
1109 1284 1143 1346 in
1162 1283 1233 1347 loeo
1252 1283 1382 1369 Liupna
1398 1293 1585 1369 nuncupato
1605 1283 1697 1346 iuxta
1716 1282 1906 1348 Danubium

253 1394 287 1456 in
306 1392 462 1456 comitatu
479 1390 629 1454 Heinrici
647 1418 664 1449 s
680 1420 730 1470 per
746 1405 816 1454 hane
833 1410 953 1455 nostram
966 1403 1149 1470 preceptalem
1163 1406 1291 1469 paginam
1304 1405 1480 1454 concedimus
1494 1409 1576 1468 atque
1590 1402 1720 1469 largimur
1737 1391 1771 1454 in
1791 1414 1906 1456 manus

253 1497 438 1562 Eberhardi
457 1498 586 1563 abbatis
605 1521 705 1585 supra
723 1498 803 1563 dicti
822 1499 1020 1580 monasterii,
1046 1529 1079 1562 ea
1098 1513 1199 1579 quippe
1219 1514 1325 1562 ratione
1345 1518 1375 1561 ut
1394 1497 1607 1561 succedentes
1626 1513 1741 1563 abbates
1760 1498 1906 1563 eiusdem

210 1630 236 1671 ie
254 1621 412 1670 monasterii
431 1620 465 1670 de
484 1622 537 1670 iarn
556 1620 657 1670 dictis
684 1605 778 1670 hobis
800 1633 817 1664 a
834 1620 932 1670 dehinc
951 1619 1065 1669 liberam
1084 1621 1202 1670 habeant
1219 1626 1384 1685 potestatem
1402 1620 1534 1684 quioquid
1553 1621 1592 1669 eis
1608 1620 1642 1669 ad
1656 1619 1802 1671 utilitatem
1816 1627 1907 1672 tamen

255 1719 377 1769 eiusdem
398 1716 550 1768 aecclesiae
570 1716 707 1784 placuerit
725 1719 854 1778 faciendi,
874 1720 994 1768 omnium
1017 1718 1158 1779 hominum
1177 1719 1395 1769 contradictione
1419 1724 1532 1769 remota.
1568 1732 1584 1763 r
1605 1718 1641 1767 Et
1660 1725 1690 1768 ut
1708 1721 1777 1770 haec
1796 1726 1906 1770 nostrae

255 1826 410 1876 donationis
427 1839 444 1870 a
465 1828 615 1876 auctoritas
634 1825 742 1877 stabilis
759 1840 776 1871 r
797 1832 999 1892 permaneatis,
1025 1827 1077 1876 hoc
1101 1832 1260 1892 preceptum
1283 1826 1347 1876 inde
1371 1827 1558 1891 conscriptum
1582 1843 1665 1877 manu
1684 1828 1794 1893 propria
1814 1843 1905 1878 corro-

255 1934 383 1983 borantes
403 1932 496 1998 sigillo
516 1941 610 1984 nostro
630 1935 755 1998 insigniri
775 1934 913 1983 iussimus.

361 2060 378 2150 ξ
402 2061 539 2148 Signum
562 2062 673 2127 domni
696 2062 844 2126 Heinrioi
869 2070 933 2142 (Μ.)
958 2063 1044 2147 regis
1067 2062 1282 2126 invictissimi.
1307 2060 1324 2151 ᾖ

210 2237 237 2278 rs
362 2212 589 2302 {Egilbertus
614 2213 827 2278 cancellarius
851 2215 924 2278 vice
948 2213 1113 2299 Uuilligisi
1136 2213 1413 2302 archicappellani
1436 2216 1657 2301 recognovit⁸.
1682 2212 1699 2303 ξ
1744 2223 1800 2295 (SI.
1819 2222 1862 2293 2.)

362 2365 450 2429 Data
472 2381 510 2430 11.
530 2365 574 2429 id.
593 2388 668 2430 nov.
690 2388 775 2430 anno
796 2365 978 2430 dominicae
1002 2367 1235 2431 incarnationis
1254 2382 1321 2449 ΜΗ,
1346 2367 1525 2431 indictione
1544 2382 1568 2449 1,
1593 2389 1678 2431 anno
1697 2389 1776 2430 vero
1796 2367 1907 2431 domni

254 2473 404 2537 Heinrici
427 2474 514 2560 regis
538 2488 565 2556 13
596 2484 705 2538 actum
728 2471 934 2537 Redesbone.

1040 2756 1127 2843 195.

255 2918 433 2993 Heinrich
458 2917 603 2993 schenkt
628 2920 694 2993 der
719 2919 971 3019 bischiiflicben
998 2920 1135 2994 Kirche
1159 2946 1204 2993 zu
1230 2919 1413 3019 Bomberp
1439 2919 1511 2993 den
1538 2917 1630 3018 Hof
1650 2918 1770 2996 Salza.

210 3093 237 3134 ae
1489 3084 1613 3144 Alatadt
1631 3085 1710 3145 1009
1727 3084 1794 3143 Mai
1811 3087 1861 3144 25.

366 3243 610 3319 Oripiaaldiplom
632 3245 673 3303 im
695 3245 723 3303 k.
741 3244 946 3303 Reiehsorctiv
968 3262 1004 3302 zu
1026 3244 1168 3303 Mtacben
1193 3244 1265 3311 (A).

362 3396 529 3470 Heyberper
551 3395 765 3470 chaopraphio
786 3395 913 3454 Bobeab.
938 3396 967 3464 1,
983 3396 1025 3453 78
1050 3396 1264 3471 aneolbtciadip
1293 3414 1347 3455 aas
1368 3397 1395 3453 A
1423 3397 1477 3455 mit
1501 3398 1620 3467 MVIII,
1648 3415 1677 3456 a.
1702 3416 1789 3475 regn.
1809 3399 1851 3456 VI
1873 3417 1910 3457 zu

363 3505 452 3564 1008.
477 3531 521 3540 —
543 3501 624 3561 Mea.
648 3502 742 3561 Boica
762 3504 831 3571 28⁰,
855 3503 914 3560 392
936 3504 969 3560 πο
983 3502 1046 3560 248
1069 3520 1121 3561 aas
1144 3503 1170 3560 A
1194 3504 1247 3561 mit
1269 3504 1380 3561 MVIII
1403 3522 1438 3562 zu
1462 3506 1552 3564 1008.
1570 3533 1614 3542 -
1636 3503 1818 3564 Dobeaecker
1836 3505 1907 3581 Rep.

364 3611 430 3669 619.
455 3638 499 3647 -
522 3608 646 3682 Stamps
664 3608 735 3683 Rep.
753 3610 840 3667 1516.

363 3752 432 3822 Auf
449 3752 539 3811 daea
561 3770 616 3810 voa
640 3750 695 3810 GA
717 3750 936 3825 herpericttetea
958 3751 1113 3826 Blaaquet,
1136 3753 1252 3812 welclrea
1273 3734 1320 3812 die
1343 3751 1531 3827 Sipaumzeile
1553 3755 1606 3813 mit
1628 3754 1691 3813 dem
1709 3754 1910 3830 Meaopromm

363 3859 488 3930 anhalt,
517 3858 694 3934 percinebat
722 3876 775 3917 von
803 3858 861 3916 Bo.
875 3857 923 3928 H,
953 3858 1005 3917 der
1034 3859 1080 3917 die
1107 3859 1242 3918 Urkaade
1270 3860 1443 3934 selbstciadip
1473 3862 1600 3931 perforat
1633 3861 1692 3919 aad
1721 3881 1778 3920 aar
1806 3864 1912 3939 wenipe

370 3967 468 4025 Worte
489 3966 552 4025 dem
574 3966 734 4024 Fermalar
755 3965 807 4023 der
831 3965 1156 4039 Grtadrrnpsartnadea
1179 3967 1303 4025 callebat
1324 3968 1383 4025 bat.
1407 3996 1452 4005 -
1475 3966 1538 4025 Der
1560 3968 1722 4042 pescheakte
1744 3967 1815 4039 Hos
1834 3988 1912 4030 mma

364 4075 427 4133 dem
450 4073 563 4132 Nemea
585 4074 634 4133 des
658 4073 773 4144 Grosea
795 4073 910 4147 rufolpe
931 4073 964 4131 ia
990 4072 1155 4147 Tharinpea
1177 4073 1289 4147 peracit
1312 4074 1439 4145 merdam
1468 4075 1538 4133 tiber
1566 4075 1613 4133 die
1641 4075 1721 4133 nicht
1746 4076 1800 4133 mit
1821 4077 1912 4136 valler

366 4179 524 4240 Siclrerteit
551 4198 586 4239 ra
614 4179 733 4255 pebmde
761 4179 897 4254 Deciano
925 4180 974 4237 des
1006 4178 1193 4238 Ortnmmens
1222 4180 1278 4255 apl.
1302 4181 1403 4238 zuletrt
1425 4179 1607 4240 Debereclmr
1629 4201 1657 4240 α.
1675 4201 1702 4240 α.
1723 4181 1757 4240 O.
1782 4212 1827 4221 -
1849 4184 1913 4243 Zur

366 4287 530 4362 Dotienmp
551 4289 643 4347 diram
663 4287 723 4345 aad
745 4288 794 4345 der
817 4288 966 4361 sotpendea
990 4285 1029 4344 D.
1047 4287 1102 4361 vpl.
1121 4286 1160 4344 N.
1178 4286 1286 4344 Archiv
1307 4288 1361 4356 22,
1378 4287 1446 4345 152.
1470 4280 1473 4285 ’

367 4482 425 4554 (C.)
448 4472 466 4563 ᾗ
488 4474 528 4538 In
550 4475 681 4539 nomine
705 4485 837 4537 sanctae
862 4484 895 4536 et
917 4472 1107 4537 individuae
1131 4474 1294 4536 trinitatis.
1341 4473 1517 4538 Heinricus
1548 4474 1661 4539 divina
1692 4476 1823 4541 favente
1848 4478 1911 4543 cle·

255 4583 376 4648 metis·
399 4604 469 4646 rex.
493 4579 511 4669 ᾖ
555 4581 688 4644 Divinis
716 4592 749 4644 et
777 4580 974 4644 salutaribus
1004 4591 1189 4643 sanctarum
1220 4581 1453 4666 scripturarum
1477 4582 1690 4648 admonemur
1708 4582 1911 4650 documentis

255 4702 292 4755 et
315 4688 491 4771 erudimur,
521 4699 556 4752 ut
585 4687 763 4752 aecclesias
793 4686 847 4751 dci
877 4710 952 4751 cum
981 4686 1073 4772 larga
1102 4685 1325 4751 benivolentia
1354 4686 1494 4751 ditemus
1525 4700 1558 4752 et
1587 4712 1714 4755 summa
1737 4691 1911 4758 devotione

254 4796 460 4883 amplificare
479 4818 544 4859 non
563 4817 738 4860 cessemus.
776 4794 918 4859 Proinde
942 4795 1233 4858 noveritomnium
1252 4791 1372 4859 Christi
1393 4796 1559 4881 nostrique
1578 4795 1722 4861 fidelium
1742 4798 1911 4881 industria,

203 4905 338 4993 asquia
359 4926 419 4967 nos
443 4926 502 4989 per
524 4903 742 4967 interventum
765 4912 916 4989 nostrap⁸
940 4900 1149 4989 dilectissime
1169 4902 1316 4987 coniugis
1336 4899 1575 4987 Chunigundae
1595 4905 1727 4989 reginae
1748 4905 1913 4991 quandam

252 5011 362 5078 nostn'
384 5012 463 5076 iuris
494 5020 617 5074 curtem
641 5008 738 5074 Salza
767 5009 889 5072 dietam
918 5008 972 5072 inb
1002 5020 1110 5095 pago⁰
1265 5021 1296 5072 et
1326 5010 1359 5071 in
1391 5010 1546 5074 comitatu
1565 5010 1756 5075 Willihehni
1786 5013 1913 5077 comitis

253 5121 355 5185 sitam
383 5129 516 5181 sanetae
540 5115 808 5201 Babenbergensi
836 5116 995 5205 aecclesie
1025 5117 1059 5180 in
1089 5117 1246 5180 honorem
1275 5114 1364 5180 beati
1387 5117 1477 5181 Petri
1508 5118 1664 5204 principis
1694 5120 1914 5206 apostolorum

253 5238 290 5293 et
315 5225 421 5288 saneti
446 5223 580 5309 Georgii
605 5224 757 5309 martyris
781 5234 984 5288 constructae
1009 5233 1041 5287 et
1064 5234 1254 5311 consecrate
1278 5246 1352 5287 eum
1376 5222 1526 5288 omnibus
1549 5225 1758 5311 appenditiis,
1789 5227 1914 5292 scilieet

251 5332 372 5401 foresti
396 5331 481 5395 villis
505 5332 593 5417 agris
617 5332 718 5417 pratis
742 5331 873 5417 pascuis
896 5332 989 5417 aquis
1008 5352 1231 5416 aquarumque
1252 5328 1443 5394 decursibus
1463 5331 1697 5417 piscationibus
1718 5333 1913 5399 molendinis

198 5471 230 5513 a)
250 5439 347 5508 areis
370 5438 528 5502 aedificiis
553 5440 720 5525 utriusque
751 5460 849 5502 sexus
879 5438 1051 5524 mancipiis
1076 5435 1218 5501 exitibus
1242 5447 1275 5501 et
1298 5436 1456 5500 reditibus
1479 5438 1574 5501 terris
1598 5437 1692 5503 otdtis
1717 5452 1750 5503 et
1772 5440 1910 5526 incultis

331 5650 396 5706 lit.
422 5651 570 5722 [Bresslau]
608 5654 634 5717 a)
650 5669 694 5703 om
714 5670 732 5721 g
749 5668 818 5707 cerr.

330 5740 396 5797 lat.
422 5740 567 5811 [Bresslau]
598 5744 624 5807 a)
642 5743 667 5792 A
721 5742 750 5808 b)
769 5742 895 5792 datiam
910 5743 977 5791 zwer'
994 5742 1058 5793 oder
1074 5742 1135 5793 arai
1148 5740 1313 5794 Baetasios
1330 5740 1417 5793 duret
1430 5741 1602 5792 Auswiachea
1618 5742 1711 5808 petilpt
1766 5744 1792 5811 ο)
1811 5760 1915 5798 unam.

420 5813 530 5879 oefrtllta
547 5814 636 5866 hieto
654 5815 706 5877 sar
723 5816 773 5865 stra
794 5814 952 5865 Gauaomen
