4828 6520
799 410 1031 468 HEINRICH
1053 412 1092 467 11.
1134 407 1376 468 1002-1024.
1842 404 1906 467 669

380 607 529 678 Gesdlscht
546 607 599 667 mit
613 608 780 683 Bensdsaap
796 608 845 667 des
859 607 899 667 D.
911 610 985 679 280,
1003 609 1066 667 dero
1083 608 1137 668 das
1150 607 1300 668 Protolcoll
1317 606 1377 667 aad
1393 607 1484 682 einim
1500 606 1679 682 Wenduopen
1696 607 1744 666 des
1761 604 1908 666 conantes

274 772 277 777 .
375 713 547 772 nomentlich
569 732 616 773 am
634 712 749 773 Scblass
766 714 888 774 satiebat
904 714 979 773 sind
1018 714 1098 773 socc
1119 715 1166 774 dic
1187 715 1363 789 senense
1380 712 1495 785 Schrift
1516 714 1555 771 cst
1577 713 1737 789 nemeen
1758 714 1848 773 disses
1864 712 1905 772 D.

376 820 569 894 nochpeabmt,
592 819 727 879 rodbrcod
744 820 776 879 io
793 820 845 880 der
860 818 1086 892 Comeoebdrift
1103 820 1224 880 einselne
1238 821 1531 891 Buchstobeosormen
1553 821 1613 890 aas
1629 820 1683 879 das
1698 819 1810 879 Mactcr
1830 820 1909 880 είνιεν

377 926 610 1000 Pcpctcrkunde,
639 926 778 985 ciellsicht
805 926 855 986 des
881 926 1027 1001 Peneos
1055 926 1187 987 Iohanne
1207 926 1304 985 XIII.
1335 925 1479 1001 Jaffc-L.
1501 925 1572 1002 aeq.
1590 926 1677 997 3714,
1706 926 1905 1002 rsrdcchhen.

377 1032 443 1092 Das
471 1033 586 1108 εἰπείρε,
615 1051 676 1092 was
703 1033 796 1104 dsftr
816 1033 973 1108 nonsart
997 1033 1243 1103 amicitate,
1272 1033 1340 1092 dass
1369 1033 1440 1092 noch
1467 1032 1528 1091 eine
1549 1033 1654 1092 απᾶενε
1674 1032 1749 1092 echte
1774 1031 1909 1092 Urkunds

378 1140 536 1198 Hansicbc
557 1140 643 1199 seben
664 1139 726 1198 dem
747 1137 789 1198 D.
804 1141 868 1199 280
890 1140 944 1210 [ἄν
965 1139 1012 1199 dic
1033 1139 1196 1214 decbuaq
1218 1140 1328 1199 benaici
1350 1147 1437 1209 wdrs,
1459 1139 1499 1198 ist
1520 1138 1572 1197 ἄεν
1597 1138 1744 1210 Πνιείανιᾶ,
1773 1138 1909 1198 decadis

383 1246 480 1305 Worte
502 1264 610 1304 curam
633 1246 833 1305 ecclesiarum
855 1264 961 1323 gerere
983 1246 1032 1305 des
1053 1245 1203 1321 Diaconos
1231 1265 1270 1305 on
1291 1245 1338 1305 dic
1360 1245 1475 1320 Areopa
1503 1245 1552 1304 des
1572 1245 1716 1319 capessis
1736 1245 1909 1321 pleichset'tip

377 1353 430 1411 mit
452 1351 492 1411 D.
509 1354 573 1412 280
595 1352 787 1427 casqestelltcn
808 1350 849 1411 D.
865 1352 926 1411 279
949 1354 1002 1423 sicr
1023 1352 1157 1412 Ferrare
1178 1352 1313 1412 erinnem
1318 1374 1329 1425 ,·
1358 1352 1428 1411 doch
1456 1351 1496 1410 ist
1523 1351 1639 1422 dorcas
1655 1351 1743 1411 lecum
1768 1359 1909 1426 crdssms

379 1458 506 1518 Gewmbt
527 1477 563 1517 ru
585 1459 670 1533 ἄερενι.
694 1487 739 1496 -
758 1457 818 1517 Vos
839 1458 894 1518 den
914 1459 984 1518 cwci
1006 1464 1137 1533 spdteren
1163 1458 1318 1518 Urlcunden
1341 1460 1394 1529 fiir
1416 1458 1470 1517 das
1494 1456 1606 1532 Capitol
1626 1476 1662 1517 ru
1683 1458 1824 1533 Bolseno,
1846 1458 1909 1517 dem

377 1565 418 1625 D.
442 1565 599 1624 Heioricls
613 1563 677 1623 ΙΙΙ.
703 1563 826 1639 Stamps
842 1564 913 1640 Rsp.
930 1565 1012 1624 2518
1041 1565 1100 1624 aad
1129 1566 1191 1624 dem
1220 1564 1260 1624 D.
1285 1565 1442 1625 Heinricisc
1456 1564 1487 1624 V.
1512 1563 1636 1639 Sutmpt'
1652 1563 1724 1639 Rep.
1744 1565 1834 1635 3221,
1863 1564 1910 1624 die

376 1672 409 1731 irs
423 1672 474 1731 der
489 1690 543 1730 unc
556 1671 752 1745 cwlicqenden
768 1671 879 1731 Gestclt
893 1672 1055 1747 qleichsalls
1068 1673 1209 1748 qesdlscht
1222 1672 1289 1731 sind
1305 1671 1374 1747 (apl.
1392 1670 1556 1746 Stciodorff
1561 1671 1665 1732 Jahrb.
1678 1670 1833 1731 Heinrichs
1842 1669 1906 1730 ΠΙ.

376 1780 408 1848 2,
424 1779 483 1837 396
494 1780 532 1851 s.;
554 1777 656 1836 Scirum
673 1778 707 1837 in
724 1777 763 1836 N.
783 1777 891 1837 Archiv
909 1779 937 1847 1,
953 1779 1059 1850 isar„
1077 1779 1174 1839 desset
1188 1779 1366 1849 drachman,
1387 1776 1510 1852 &omps
1520 1777 1591 1853 Rep.
1607 1778 1689 1837 2518
1705 1777 1746 1836 ssi
1763 1796 1812 1836 um
1830 1778 1910 1839 1055

378 1885 551 1960 accesertiqt
578 1885 637 1943 und
666 1885 709 1943 bei
738 1885 790 1944 der
815 1884 1025 1959 Vernaechtucq
1046 1904 1102 1944 cuo
1124 1884 1247 1960 &amris
1260 1884 1331 1961 Req.
1349 1886 1428 1944 3221
1451 1885 1521 1944 habe
1542 1903 1610 1943 man
1632 1884 1773 1944 Heinrich
1789 1883 1845 1942 IV.
1867 1885 1909 1944 im

377 1992 456 2066 dupe
483 1992 593 2066 cebodi,
623 1992 691 2050 aber
719 1992 798 2051 naht
824 1992 962 2065 zutreffen
989 1991 1125 2063 thanen),
1155 1992 1240 2052 rr‘s'hrt
1268 1992 1309 2051 D.
1333 1991 1457 2066 Stamps
1474 1991 1545 2067 Rep.
1564 1991 1646 2050 2518
1674 2009 1728 2051 von
1757 1992 1910 2052 ἄεννιεεᾶῠενι

377 2098 470 2157 Mean
499 2098 559 2168 lter,
588 2098 641 2157 ἄεν
661 2116 747 2157 anso
769 2097 809 2157 D.
826 2100 885 2157 519
909 2099 1063 2173 υενίενίὶρε
1090 2099 1150 2169 hat,
1180 2099 1316 2158 wdhrosd
1343 2099 1375 2158 in
1403 2098 1466 2157 deta
1495 2098 1568 2158 wohl
1595 2103 1682 2158 etwas
1704 2099 1845 2174 jdoycrca
1866 2097 1907 2158 D.

378 2204 501 2278 Stamps
514 2204 585 2280 neq.
603 2207 682 2264 3221
705 2206 781 2264 seiae
803 2203 918 2276 Schrift
938 2205 1121 2280 oacbpesdmt
1142 2224 1178 2265 su
1199 2206 1260 2265 sein
1281 2206 1404 2279 scham
1426 2205 1495 2264 iiber
1517 2206 1571 2264 den
1592 2205 1837 2280 Zsscmmcnhonp
1858 2206 1910 2265 ἄεν

376 2312 574 2388 Fdlschunoen
604 2312 824 2372 ιινᾶενείνιανιᾶεν
851 2319 962 2371 missen
991 2313 1047 2372 wir
1075 2331 1161 2372 socc
1187 2313 1298 2373 Urthcil
1325 2314 1369 2373 bis
1397 2313 1470 2373 nach
1495 2312 1677 2389 einpchesder
1698 2311 1837 2388 Prdsuny
1858 2313 1910 2372 ἄεν

377 2419 474 2479 beiden
495 2425 627 2493 tpdtcrcr
649 2419 837 2477 vmbehclten.

376 2573 436 2653 (0.)
457 2566 475 2657 ᾗ
497 2568 536 2633 In
559 2569 688 2632 nomine
712 2580 822 2633 sancte
846 2579 879 2633 et
896 2569 1064 2635 individue
1083 2571 1246 2634 trinitatis.
1283 2570 1459 2634 Heinricus
1477 2570 1583 2655 gratia
1601 2568 1655 2633 dei
1673 2591 1742 2633 rex.
1833 2570 1909 2636 Om-

225 2700 254 2740 so
270 2675 367 2741 nibus
389 2674 539 2741 fidelibus
563 2673 766 2761 presentibus
789 2672 806 2763 ᾖ
829 2677 898 2740 sive
927 2676 1116 2741 absentibus
1145 2686 1258 2741 notam
1279 2675 1350 2739 fieri
1372 2674 1531 2758 volumus,
1562 2675 1649 2762 quod
1672 2698 1784 2740 curam
1807 2677 1910 2742 eccle·

271 2785 391 2848 siarum
415 2783 484 2846 iure
508 2803 621 2867 gerere
653 2779 818 2845 debemus.
861 2781 1024 2862 Quocirca
1047 2782 1231 2865 admodum,
1255 2781 1366 2846 audito
1389 2781 1581 2847 detrimento
1605 2805 1713 2847 rerum
1736 2785 1910 2869 possessio·

269 2911 412 2975 numque
436 2888 654 2952 destructione
677 2897 809 2952 sanctae
832 2887 886 2952 dei
908 2888 1123 2953 Bononiensis
1147 2888 1336 2972 aecclesiae,
1367 2889 1600 2975 compatientes
1626 2888 1821 2954 indoluimus
1843 2900 1911 2955 tam

269 2994 511 3060 nefandissimis
541 2992 727 3058 sceleribus.
780 2993 875 3059 Unde
905 2994 1053 3080 legaliter
1081 3011 1282 3076 precipientes
1305 3023 1322 3055 s
1349 3010 1487 3070 iubemus,
1514 3014 1544 3059 ut
1574 3018 1639 3061 uon
1667 2995 1765 3061 liceat
1792 2996 1910 3061 dehinc

270 3101 369 3167 alicui
392 3102 545 3188 episcopo
569 3100 653 3165 illius
672 3110 805 3165 sanctae
823 3101 1004 3167 aecclesiae
1022 3102 1165 3167 vendere
1183 3102 1235 3167 vel
1255 3102 1376 3167 donare
1394 3103 1449 3167 vel
1467 3112 1687 3168 commutuare
1706 3102 1747 3167 de
1766 3103 1911 3169 eiusdem

225 3232 254 3273 ss
271 3222 424 3274 aecclesiae
450 3237 467 3268 s
484 3222 564 3271 rebus
591 3230 629 3272 ac
653 3222 872 3287 possessionibus
896 3210 965 3272 sinc
990 3219 1152 3275 conventu
1175 3220 1207 3275 et
1230 3232 1390 3275 consensu
1420 3221 1517 3297 atque
1547 3208 1784 3296 subscriptione
1807 3210 1911 3275 archi·

270 3314 454 3402 presbyteri
470 3326 502 3380 et
517 3313 737 3379 archidiaconi
749 3325 994 3403 ceterorumque
1011 3319 1241 3382 canonicorum
1253 3316 1399 3382 eiusdem
1410 3316 1600 3400 aecclesiae,
1617 3318 1694 3404 quia
1708 3318 1912 3382 invenietur*

271 3422 446 3509 aliquando
468 3424 503 3486 in
526 3419 617 3509 t[a]m
639 3421 759 3485 idonea
781 3421 1020 3487 multitudinum
1044 3425 1127 3488 serie
1150 3422 1203 3488 vel
1225 3446 1308 3488 unus
1330 3423 1384 3488 vel
1407 3423 1482 3505 duo,
1506 3424 1561 3510 qui
1584 3423 1656 3507 hoc,
1681 3424 1769 3511 quod
1789 3424 1911 3490 inlicite

270 3528 377 3610 fuerit,
401 3527 597 3592 venditionis
621 3527 803 3592 donationis
827 3530 1156 3594 commutuacionisve
1179 3530 1250 3594 fieri
1279 3529 1475 3617 prohibebit
1521 3531 1561 3594 In
1583 3531 1811 3596 constitutione
1834 3554 1912 3619 quo·

271 3656 335 3721 que
358 3644 543 3698 sanctorum
566 3645 694 3721 patrum
718 3635 891 3716 invenitur,
922 3636 999 3721 qnia
1028 3637 1119 3699 irrita
1149 3637 1210 3700 erit
1239 3638 1385 3723 episcopi
1414 3636 1575 3703 ordinatio
1598 3637 1652 3702 vel
1673 3636 1818 3702 venditio
1842 3638 1912 3702 sive

227 3765 255 3805 so
272 3742 501 3805 commutuatio
525 3742 594 3804 sine
619 3749 781 3804 conventu
804 3750 836 3804 et
859 3763 1018 3805 consensu
1041 3751 1138 3828 atque
1162 3741 1401 3829 subscriptione
1425 3745 1655 3808 canonicorum
1678 3765 1818 3808 suorum.
1859 3744 1912 3808 ln-

271 3870 370 3934 super
393 3849 490 3911 etiarn
514 3857 663 3933 optanter
685 3846 726 3911 de
755 3846 876 3933 prediis
907 3857 1065 3912 terrarum
1086 3850 1391 3935 possessionumque
1422 3851 1563 3914 omnium
1586 3851 1743 3914 canonice
1765 3850 1912 3937 predicte

270 3953 461 4036 aecclesiae,
492 3976 574 4040 quas
603 3976 689 4018 nunc
718 3952 818 4018 habet
839 3952 891 4017 vel
921 3955 955 4017 in
983 3954 1127 4018 futurum
1149 3954 1322 4041 adquirere
1344 3957 1495 4042 potuerit,
1522 3957 1731 4043 precipimus,
1760 3967 1797 4021 nt
1825 3957 1911 4022 nullo

270 4059 367 4125 modo
390 4059 487 4124 liceat
509 4059 594 4123 ullob
618 4061 771 4146 episcopo
794 4061 859 4124 iam
883 4059 969 4125 dicte
992 4060 1151 4126 aecclesie
1181 4061 1290 4148 aliquo
1313 4061 1409 4127 modo
1432 4063 1645 4127 intromittere
1668 4085 1730 4128 uec
1753 4063 1796 4128 ad
1818 4087 1913 4129 snum

271 4190 352 4253 opus
381 4166 526 4231 detinere
556 4189 618 4231 uec
647 4166 744 4231 alicui
774 4166 882 4253 aliquo
911 4166 1008 4232 modo
1037 4190 1097 4255 per
1126 4169 1282 4255 scripturn
1311 4169 1365 4233 vel
1395 4170 1680 4234 commutationem
1713 4192 1819 4257 neque
1853 4194 1911 4258 pro

225 4297 254 4340 ss
270 4272 368 4338 feudo
392 4272 571 4337 concedere
594 4273 647 4337 vel
672 4274 803 4355 donare,
831 4289 880 4339 sod
905 4286 988 4339 liceat
1014 4301 1030 4336 s
1055 4290 1193 4340 canonisis
1216 4277 1283 4340 suis
1307 4299 1363 4341 eas
1392 4274 1513 4340 habere
1537 4286 1570 4341 et
1591 4275 1656 4341 frui
1678 4287 1711 4342 et
1734 4277 1912 4343 secundum

253 4380 392 4446 licitum
415 4403 538 4445 morem
560 4379 727 4467 possidere
759 4392 791 4444 et
820 4381 881 4445 deo
912 4404 1035 4468 sueque
1065 4381 1245 4448 aecclesiae
1272 4384 1425 4448 continuo
1453 4382 1629 4448 deservire.
1675 4397 1704 4449 Si
1730 4399 1792 4464 quis
1814 4386 1914 4471 igitur

270 4488 442 4574 episcopus
466 4486 611 4552 eiusdem
640 4486 820 4552 aecclesiae
844 4503 1045 4554 contrahens
1071 4508 1211 4554 nostram
1233 4490 1477 4576 preceptionem
1500 4505 1540 4555 irs
1565 4508 1778 4572 temptaverit*
1806 4512 1833 4557 st
1847 4521 1913 4579 'non

270 4609 458 4659 observaverit
476 4594 615 4681 qualiter
637 4595 671 4657 ln
695 4617 734 4657 ea
757 4593 917 4681 leguntur,
941 4611 1012 4662 sciat
1029 4626 1059 4661 se
1079 4612 1294 4676 compositurum
1312 4612 1372 4662 auri
1390 4612 1486 4678 optimi
1503 4610 1586 4663 libras
1605 4618 1721 4673 centum,
1740 4614 1912 4665 medietatem

270 4732 377 4765 camere
406 4722 497 4766 nostre
525 4724 553 4766 et
581 4715 755 4766 medietatem
783 4717 910 4782 predictis
939 4719 1078 4768 canonicis
1100 4730 1128 4768 s.
1173 4718 1255 4780 Quod
1282 4724 1312 4768 ut
1338 4720 1431 4770 verius
1459 4720 1587 4771 credatur
1618 4718 1850 4787 diligentiusque
1878 4720 1913 4770 ab

224 4833 254 4873 tc
270 4824 397 4873 omnibns
416 4824 585 4883 observetur,
604 4821 696 4887 sigillo
715 4829 808 4873 nostro
828 4809 1017 4895 impresiu8⁰
1037 4825 1164 4875 iussimus
1184 4826 1317 4891 insigniri.

377 4931 395 5021 ᾖ
418 4933 553 5020 Signum
577 4933 688 4999 domni
711 4934 860 4999 Heinrici
883 4934 946 5021 (M.)
968 4935 1173 4999 invictissimi
1196 4936 1293 5021 regis.
1316 4933 1334 5025 fi

376 5057 591 5147 {Heinricus
614 5059 827 5124 cancellarius
849 5060 922 5124 vice
940 5059 1102 5125 Euerardi
1124 5061 1271 5148 episcopi
1293 5061 1335 5125 ε(ι
1357 5060 1611 5148 archicapellani
1634 5059 1869 5150 recognovit}

257 5220 263 5233 »
377 5184 500 5248 Datum
533 5207 618 5249 anno
654 5184 835 5250 dominicae
869 5185 1102 5265 incarnationis
1125 5199 1244 5267 MXIIII,
1278 5184 1541 5269 indictionem,
1576 5209 1660 5251 anno
1690 5209 1768 5251 vero
1803 5186 1914 5251 domni

176 5362 179 5365 .
270 5290 420 5356 Heinrici
442 5293 529 5377 regis
553 5291 688 5356 secundi
711 5292 877 5377 regnantis
899 5305 967 5374 XII,
996 5302 1104 5356 actum
1126 5291 1299 5376 Rauenna,
1327 5291 1468 5357 feliciter
1490 5303 1619 5357 amen⁸.

145 5476 150 5487 ’
224 5490 254 5529 sc
342 5476 406 5533 clu.
431 5477 577 5560 [Bresslsu]
613 5481 640 5543 a)
660 5479 712 5531 aas
734 5478 1091 5532 ειοεᾶεονῖῦενᾶενΖειἹε
1114 5478 1309 5546 nocbpstrspsn
1385 5479 1415 5548 b)
1434 5481 1460 5531 A
1538 5483 1564 5548 o)
1584 5483 1626 5542 Δ,
1649 5482 1680 5533 in
1703 5481 1826 5536 derU.
1844 5483 1915 5535 scis-d

430 5549 544 5603 ruferius
560 5551 703 5616 putandos
721 5550 815 5614 hbeo,
839 5550 903 5602 aber
920 5550 1045 5602 ωέἄᾶεἰεᾶιί
1062 5551 1142 5603 schoa
1158 5568 1212 5602 sacr
1228 5552 1287 5603 Zeu
1305 5552 1353 5605 ἄεν
1370 5551 1525 5618 Fdlschsnp
1547 5552 1647 5605 schwer
1665 5553 1785 5606 walch
1801 5570 1914 5619 cmm

430 5624 500 5687 sein5
525 5620 681 5689 impressius
698 5621 812 5688 Stampf
826 5622 889 5686 Bao.
901 5624 971 5673 3221
1043 5619 1073 5689 d)
1093 5623 1128 5687 A,
1146 5628 1210 5675 dati
1228 5625 1270 5683 et;
1293 5624 1343 5674 das
1362 5626 1374 5674 t
1391 5625 1427 5674 ist
1445 5625 1475 5675 in
1492 5623 1541 5674 ἄεν
1559 5624 1618 5679 VU.
1630 5626 1698 5690 ,istst
1714 5625 1915 5678 cerschsoundm

431 5694 487 5744 aad
510 5693 637 5745 oiellstcbt
660 5692 740 5745 achon
763 5709 817 5744 zur
840 5693 899 5745 Zac
922 5693 971 5743 ἄεν
994 5693 1147 5760 Falscbtsrsp
1169 5693 1243 5745 siclo
1267 5694 1343 5747 mehr
1363 5694 1450 5747 lssbar
1474 5710 1586 5761 caussa
1669 5698 1695 5764 e)
1723 5697 1766 5749 dis
1788 5697 1915 5750 Urbuads

430 5781 489 5816 soar
505 5767 550 5816 nis
566 5763 691 5830 casces
