4798 6486
531 448 598 511 550
1134 457 1596 513 KAISERURKUNDEN.

529 657 657 707 omnibus
675 673 771 722 parere
791 655 936 707 voluntati.
974 658 1150 724 Quapropter
1176 660 1327 724 comperiat
1351 660 1485 710 industria
1511 665 1594 723 atque
1614 657 1720 709 utilitas
1744 660 1865 709 omnium
1887 657 2008 709 fidelium
2026 665 2180 709 nostrorum

530 765 698 829 presentium
715 763 822 814 scilieet
840 772 868 815 et
887 765 1049 824 futurorum,
1072 765 1138 830 quia
1157 765 1199 814 vir
1217 763 1382 815 venerabilis
1401 750 1605 816 Ricbbardus
1631 766 1703 815 abba
1729 782 1762 816 ex
1789 768 1955 817 monasterio
1981 766 2056 830 qued
2081 766 2181 816 dicitur

530 869 625 930 Fulda,
651 870 726 936 quod
752 878 794 921 est
811 873 893 921 situm
912 874 940 922 in
964 887 1036 937 page
1056 871 1197 937 Grapield,
1218 879 1404 922 constructum
1430 873 1458 922 in
1477 873 1579 923 bonore
1599 874 1687 922 saneti
1707 872 1843 922 Boniiacii
1862 874 1979 923 martiris
1999 872 2107 931 Christi,
2134 873 2181 922 ubi

528 977 600 1026 idem
619 975 756 1040 gloriosus
782 983 883 1043 martyr
908 994 1023 1044 corpore
1050 979 1176 1043 quiescit,
1202 980 1297 1029 adiens
1323 977 1513 1029 excellentiam
1539 977 1667 1029 culminis
1686 980 1771 1029 nostri
1788 991 1805 1025 a
1826 977 1927 1029 obtulit
1946 980 2025 1029 nobis
2045 978 2180 1044 quandam

529 1088 734 1133 antecessorum
766 1090 933 1143 nostrorum,
959 1084 1053 1150 Pipini
1078 1083 1222 1144 videlicet,
1249 1085 1405 1135 Ludeuuici
1431 1092 1459 1136 et
1485 1085 1651 1145 Chaonradi,
1678 1087 1802 1137 Heinrici
1828 1102 1879 1136 nec
1904 1102 1959 1138 nou
1985 1093 2013 1138 et
2033 1100 2050 1131 s
2071 1087 2180 1136 Ottonis
2201 1099 2215 1140 t

528 1189 699 1255 imperatoris
718 1193 828 1255 augusti
854 1192 1056 1251 auctoritatem,
1082 1193 1111 1241 in
1136 1208 1191 1256 qua
1217 1193 1419 1252 continebatur,
1445 1193 1564 1257 qualiter
1589 1193 1661 1243 idem
1687 1195 1824 1260 principes
1851 1178 2021 1244 clarissimi
2046 1194 2181 1258 prefatum

527 1298 721 1347 monasterium
748 1314 810 1347 curn
836 1297 977 1348 monacbis
1002 1298 1105 1350 ibidem
1131 1299 1182 1349 deo
1208 1298 1406 1349 famulantibus
1434 1308 1460 1350 et
1487 1316 1549 1349 cum
1575 1301 1656 1350 rebus
1675 1299 1718 1351 rel
1746 1300 1901 1351 bominibus
1928 1301 1963 1350 ad
1981 1316 2011 1350 se
2029 1301 2101 1349 iuste
2119 1315 2179 1365 per·

528 1405 678 1454 tinentibus
704 1405 755 1454 sub
781 1420 831 1454 sua
860 1406 1066 1456 constituissent
1094 1405 1252 1456 defensione
1281 1412 1310 1456 et
1337 1408 1477 1457 munitatis
1506 1408 1637 1457 tuicione.
1681 1408 1844 1457 Obsecravit
1869 1423 1986 1471 namque
2012 1407 2180 1472 proscriptus

528 1512 607 1572 abba,
627 1518 657 1561 nt
676 1510 801 1562 similiter
818 1513 908 1577 ipsum
927 1513 1121 1562 monasterium
1141 1528 1203 1562 curn
1222 1514 1364 1564 monacbis
1383 1513 1486 1563 ibidem
1505 1513 1557 1564 deo
1576 1513 1758 1564 militantibus
1771 1522 1798 1563 et
1811 1529 1873 1562 cum
1887 1515 1968 1565 rebus
1981 1530 2014 1563 ac
2027 1513 2180 1563 bominibus

527 1619 580 1668 sibi
608 1617 734 1683 legaliter
761 1619 959 1684 aspicientibus
987 1621 1038 1669 sub
1067 1628 1161 1670 nostra
1190 1622 1418 1671 constitueremus
1450 1620 1607 1671 defensione
1639 1638 1671 1671 ac
1703 1621 1871 1687 prefatorum
1899 1637 1995 1685 regum
2022 1620 2180 1670 auctoritati
2199 1635 2224 1673 ru

527 1732 646 1776 nostram
665 1727 842 1790 iungeremus
868 1728 1070 1777 auctoritatem.
1107 1726 1193 1778 Cuius
1219 1729 1384 1793 peticionem
1411 1729 1476 1791 quia
1501 1728 1609 1787 iustam,
1635 1729 1717 1778 immo
1743 1727 1935 1777 rationabilem
1961 1743 2021 1777 esse
2047 1727 2181 1777 iudicavi·

526 1848 596 1892 mus,
620 1847 637 1877 a
662 1827 702 1877 sd
729 1839 756 1883 et
782 1833 924 1893 beneficio,
951 1835 1025 1898 quod
1051 1833 1211 1901 postulauit,
1238 1850 1379 1885 assensum
1405 1834 1573 1899 prebuimus.
1611 1834 1646 1884 Et
1673 1834 1736 1884 ideo
1762 1834 1831 1884 banc
1858 1836 2051 1885 auctoritatem
2069 1842 2181 1900 propter

526 1940 649 1990 divinum
674 1956 795 1991 amorem
822 1948 850 1991 et
875 1942 1080 1991 venerationem
1107 1943 1195 1992 sancti
1222 1940 1274 1991 Ιοοί
1302 1942 1388 2008 ipsius
1415 1939 1696 2006 tranquillitatemque
1721 1942 1834 1991 fratrum
1854 1940 1956 1991 ibidem
1975 1943 2181 1992 consistentium

527 2049 601 2098 circa
620 2048 709 2113 ipsum
729 2049 925 2099 monasterium
944 2047 1003 2099 lieri
1022 2049 1202 2108 decrevimus,
1228 2065 1277 2114 per
1303 2065 1384 2113 quam
1410 2049 1439 2098 in
1465 2048 1587 2098 futurum
1613 2050 1751 2098 sancimus
1777 2055 1860 2112 atque
1879 2048 2014 2107 iubemus,
2040 2055 2071 2098 ut
2088 2046 2181 2098 nullus

524 2154 608 2204 iudex
627 2153 755 2221 publicus
776 2162 823 2205 aut
842 2153 959 2219 quilibet
979 2172 1012 2205 er
1030 2155 1176 2207 iudiciaria
1193 2163 1329 2221 potestate
1346 2156 1374 2204 in
1392 2154 1541 2205 aecclesias
1558 2153 1639 2205 villas
1657 2153 1719 2206 loca
1736 2153 1779 2205 vel
1797 2171 1877 2220 agros
1894 2167 1912 2199 4
1930 2160 1964 2199 *⁰
1984 2156 2180 2220 possessiones,
2199 2164 2224 2204 rt

525 2276 594 2326 quas
614 2261 743 2312 moderno
762 2270 885 2327 tempore
905 2263 976 2312 iuste
997 2268 1025 2312 et
1043 2262 1244 2313 rationabiliter
1263 2263 1333 2312 infra
1353 2278 1466 2327 regnum
1487 2262 1619 2312 divinitus
1638 2262 1717 2311 nobis
1736 2278 1897 2311 concessum
1910 2262 2045 2327 prefatum
2058 2263 2181 2328 possidet

526 2371 721 2420 monasterium
739 2368 783 2420 vel
804 2385 874 2434 qnae
895 2369 1025 2436 deinceps
1044 2372 1072 2420 iu
1091 2372 1134 2420 ius
1155 2372 1243 2436 ipsius
1270 2368 1323 2418 loci
1342 2367 1463 2419 voluerit
1488 2369 1582 2418 divina
1607 2369 1695 2434 pietas
1721 2370 1825 2434 angeri,
1852 2369 1886 2419 ad
1913 2385 2010 2419 causas
2036 2370 2180 2419 iudiciario

525 2492 600 2526 more
626 2475 773 2541 aliquando
799 2477 950 2527 audiendas
977 2482 1025 2527 aut
1049 2477 1127 2527 freda
1153 2477 1344 2541 undecumque
1371 2475 1506 2540 exigenda
1526 2473 1569 2525 vel
1596 2476 1751 2526 mansiones
1779 2482 1826 2525 aut
1848 2482 1959 2541 paratas
1977 2476 2117 2526 faciendas
2136 2475 2179 2525 rel

525 2582 701 2633 fideiussores
721 2582 858 2633 tollendos
878 2590 926 2633 aut
944 2585 1069 2634 homines
1088 2585 1175 2649 ipsius
1194 2584 1353 2634 monasterii
1372 2590 1427 2633 tam
1453 2585 1589 2649 ingenuos
1608 2598 1689 2647 quam
1710 2590 1737 2633 et
1762 2600 1856 2633 serres
1875 2590 2074 2649 superterram
2093 2584 2179 2648 ipsius

525 2697 729 2741 commanentes
747 2690 948 2755 distringendos
965 2707 1016 2741 nec
1035 2689 1106 2741 ullas
1123 2692 1307 2742 redibiciones
1327 2689 1370 2740 rel
1390 2688 1510 2740 inlicitas
1530 2691 1691 2740 occasiones
1714 2689 1890 2754 requirendas
1908 2690 2007 2740 nostris
2026 2689 2178 2753 futurisque
2197 2700 2223 2739 re

525 2798 694 2862 temporibus
721 2798 827 2863 ingredi
853 2797 954 2848 audeat
981 2796 1024 2847 vel
1051 2814 1084 2847 ea
1110 2815 1180 2863 quae
1207 2814 1290 2863 supra
1316 2804 1464 2847 memorata
1491 2802 1554 2845 sunt
1579 2798 1689 2860 exigere
1715 2802 1862 2862 presumat.
1900 2796 1954 2846 Sed
1983 2794 2065 2846 liceat
2091 2796 2178 2846 eidem

524 2904 618 2953 abbati
638 2905 751 2969 suisque
770 2906 978 2955 successoribus
996 2918 1013 2948 r
1032 2900 1066 2949 af
1087 2905 1210 2955 eiusdem
1235 2905 1393 2955 monasterii
1420 2919 1482 2952 curn
1507 2904 1559 2953 sibi
1580 2903 1713 2953 subiectis
1732 2904 1783 2953 sub
1802 2912 1895 2953 nostra
1914 2902 2074 2953 defensione
2094 2904 2178 2969 possi·

524 3010 598 3070 dere,
625 3018 652 3060 et
678 3012 810 3076 quicquid
836 3012 870 3062 de
895 3029 977 3079 supra
1004 3014 1084 3064 dictis
1108 3015 1189 3063 rebus
1208 3014 1251 3062 ius
1270 3012 1329 3061 fisci
1350 3012 1459 3075 exigere
1478 3017 1596 3075 poterat,
1615 3026 1666 3075 pro
1691 3018 1803 3060 aeterna
1829 3011 2048 3060 remuneratione
2073 3010 2178 3076 prefato

525 3119 690 3167 monasterio
717 3126 745 3167 et
771 3120 912 3169 monacbis
939 3121 1134 3169 concessimus.
1173 3136 1190 3165 a
1207 3119 1377 3183 Precipimus
1403 3119 1493 3176 etianr,
1522 3124 1552 3168 ut
1578 3118 1611 3167 cie
1638 3116 1712 3167 villis
1738 3115 1892 3167 aecclesiae
1918 3118 2008 3167 sancti
2034 3118 2176 3178 Bonifacii‚

522 3226 610 3275 servis
630 3227 714 3276 etiam
733 3230 760 3275 et
780 3224 885 3275 colonis
904 3227 932 3276 in
951 3225 1006 3276 illis
1025 3227 1207 3285 manentibus,
1234 3242 1302 3291 quas
1321 3225 1451 3274 moderno
1478 3232 1601 3289 tempore
1626 3224 1728 3275 habere
1747 3225 1857 3274 ridetur
1881 3223 1924 3274 rel
1952 3239 2023 3288 quae
2049 3224 2176 3289 deinceps
2194 3232 2220 3273 tt

524 3333 553 3381 in
572 3334 615 3381 ius
635 3334 721 3399 ipsius
741 3331 796 3382 loci
815 3333 941 3383 dominus
960 3332 1177 3400 amplificaverit,
1196 3333 1296 3382 babeat
1316 3331 1438 3398 prefatus
1455 3331 1539 3381 abbas
1557 3346 1783 3396 successoresque
1802 3332 1861 3381 cius
1877 3337 2041 3397 potestatem
2058 3331 2176 3381 decimas

524 3440 700 3505 accipiendas
719 3446 831 3505 propter
849 3440 957 3509 qdificia
977 3440 1142 3504 perficienda
1161 3438 1205 3490 rel
1225 3440 1404 3490 restauranda
1424 3438 1623 3503 luminariaque
1643 3439 1808 3497 renovanda,
1831 3446 1859 3488 et
1877 3444 1907 3488 nt
1925 3439 1977 3489 sibi
1996 3437 2176 3503 fidelibusque

523 3547 590 3605 suis,
608 3547 777 3612 pauperibus
796 3562 907 3611 quoque
932 3554 959 3596 et
984 3548 1136 3611 peregrinis
1162 3555 1284 3612 tempore
1304 3547 1487 3612 susceptionis
1508 3561 1573 3594 usus
1592 3547 1761 3595 necessarios
1782 3547 1887 3611 possint
1906 3546 2028 3611 prebere,
2054 3547 2130 3595 iuxta
2148 3544 2175 3594 id

524 3653 599 3717 quod
617 3660 730 3704 sauctae
749 3652 862 3718 regulae
881 3655 1050 3720 propositum
1070 3671 1102 3704 ac
1122 3653 1279 3704 mandatum
1299 3654 1375 3702 iubet
1400 3652 1548 3702 monachos
1570 3653 1598 3701 in
1618 3654 1794 3717 susceptione
1813 3652 1953 3718 hospitum
1972 3668 2175 3718 pauperumque

522 3776 631 3826 semper
650 3778 709 3811 csse
729 3768 848 3828 paratos.
885 3761 961 3811 Etsi
981 3761 1091 3826 quaudo
1111 3763 1256 3812 vocatione
1276 3761 1368 3810 divina
1388 3761 1441 3809 iarn
1460 3759 1533 3809 fatus
1554 3759 1625 3808 abba
1645 3760 1678 3809 de
1705 3759 1755 3808 bac
1776 3758 1836 3809 luce
1857 3760 2021 3824 migraverit,
2047 3759 2175 3823 quamdiu
2192 3766 2219 3807 tt

523 3868 577 3933 ipsi
603 3869 730 3918 monachi
758 3867 829 3918 tales
857 3870 928 3919 inter
955 3885 985 3919 se
1012 3871 1119 3934 possint
1144 3869 1276 3927 iuvenire,
1305 3868 1352 3930 qui
1378 3868 1464 3931 ipsam
1494 3867 1736 3931 congregationem
1762 3865 1911 3915 secundnm
1937 3864 2061 3931 regulam
2088 3866 2175 3916 sancti

524 3974 667 4025 Benedicti
686 3992 782 4040 regere
801 3974 919 4035 valeant,
945 3991 994 4040 per
1016 3975 1091 4025 hano
1112 3983 1233 4025 nostram
1252 3976 1453 4033 auctoritatem,
1478 3957 1567 4021 salvo
1591 3980 1753 4023 consensu
1776 3960 1863 4044 regis
1885 3958 1939 4023 vel
1961 3959 2174 4045 imperatoris,

524 4095 542 4127 s
560 4080 703 4155 licenciam
722 4083 841 4133 babeant
860 4081 979 4148 eligendi
1002 4083 1124 4132 abbates.
1162 4083 1197 4131 Et
1222 4082 1345 4147 quisquis
1370 4082 1435 4132 huic
1461 4088 1570 4130 nostrae
1596 4081 1768 4145 preceptioni
1794 4081 1875 4129 reniti
1901 4081 2084 4145 temptaverit,
2109 4094 2173 4144 apo·

521 4188 658 4248 stelicam,
678 4206 731 4255 quq
750 4191 779 4239 iu
797 4188 943 4255 privilegio
963 4189 1111 4239 Zachariae
1131 4205 1219 4255 papae
1240 4204 1369 4254 expressa
1388 4194 1437 4246 est,
1458 4188 1616 4253 experiatur
1634 4188 1810 4236 sentenciam.
1842 4186 1919 4235 Haec
1938 4202 2005 4237 voro
2024 4187 2173 4238 auctoritas

523 4305 554 4346 ut
579 4295 729 4362 pleniorem
756 4299 782 4346 in
809 4297 854 4346 dei
880 4297 989 4346 nomine
1016 4297 1139 4361 optineat
1165 4296 1332 4354 firmitatem,
1361 4310 1442 4343 manu
1469 4295 1579 4360 propria
1604 4294 1700 4344 subtus
1729 4310 1789 4343 eam
1813 4293 1978 4344 firmavimus
2004 4278 2173 4365 sigilloque
2190 4303 2217 4344 tt

522 4409 616 4453 nostro
640 4390 790 4474 insigniri
815 4404 952 4452 iussimus.

628 4884 647 4975 ξ
670 4885 869 4951 Guntherius
894 4885 1107 4955 cancellarius
1131 4886 1203 4948 vice
1227 4883 1434 4949 Erkanbaldi
1457 4883 1733 4970 archicappellani
1756 4881 1992 4972 moguntini
2060 4893 2116 4963 (Sl.
2130 4890 2170 4961 3.)

628 5135 718 5199 Data
735 5151 769 5200 v.
790 5159 865 5199 non.
885 5137 977 5199 mais
997 5134 1174 5198 indictione
1193 5148 1246 5216 111,
1266 5155 1351 5197 anno
1371 5132 1553 5197 dominicae
1573 5133 1806 5197 incarnationis
1824 5131 1994 5197 millesimo
2010 5123 2067 5213 tl'x,
2087 5153 2169 5197 anno

519 5265 599 5308 vero
624 5242 734 5307 domni
757 5242 906 5306 Heinrici
930 5241 1065 5307 secundi
1088 5241 1255 5326 regnantis
1274 5229 1390 5319 xvim,
1414 5239 1543 5326 imperii
1566 5252 1675 5304 autem
1693 5254 1760 5321 v113
1790 5239 1920 5304 actuml
1943 5238 2079 5303 Fvldal.
2186 5262 2214 5301 so

591 5615 656 5673 429.
682 5618 711 5683 d)
733 5616 852 5671 libenter
877 5614 1114 5669 accomodavimus
1138 5633 1172 5667 zu
1197 5620 1339 5681 medaeas,
1364 5615 1412 5663 wie
1437 5614 1465 5663 ia
1491 5612 1541 5663 ‹lerr
1563 5612 1616 5663 VU
1619 5612 1649 5665 U.
1722 5614 1748 5677 c)
1776 5628 1823 5664 seu
1841 5611 1959 5680 reliquas
1977 5631 2011 5664 eu
2030 5618 2168 5679 aqam,

681 5692 729 5740 scie
746 5692 776 5740 in
794 5691 844 5740 dart
862 5688 946 5741 l'l'b'.
1019 5686 1042 5755 f)
1061 5705 1105 5740 res
1122 5705 1157 5737 zu
1176 5693 1317 5753 creussen,
1337 5685 1385 5735 scie
1403 5685 1432 5733 in
1450 5684 1500 5734 clera
1516 5683 1602 5737 Vl'U.
1672 5686 1701 5751 g)
1723 5692 1751 5735 V.
1767 5699 1830 5735 non.
1846 5683 1910 5737 mai.
1929 5685 2057 5736 rielleiclst
2077 5689 2104 5736 ia
2123 5685 2168 5736 ‹la-

680 5761 731 5824 frir
748 5760 882 5827 pelassme
900 5759 988 5810 Lzlclre
1006 5758 1200 5825 naelrpetrapea
1272 5756 1301 5821 b)
1319 5758 1411 5807 actum
1429 5752 1517 5806 Fvlda
1535 5754 1754 5807 scalt-schemari
1772 5756 1975 5822 auabpctrapen.
