4798 6486
557 423 621 487 522
1151 429 1615 488 KAISEBURKUNDEN.

663 614 680 706 ξ
704 616 843 704 Signum
865 616 976 682 domni
1000 617 1150 682 Heinrici
1173 618 1378 683 invictissimi
1401 618 1620 682 Romanorum
1645 628 1710 695 (M.)
1735 619 1940 705 imperatoris
1963 617 2140 707 augusti}

661 741 679 832 ᾗ
703 740 904 808 Guntherius
929 741 1144 807 cancellarius
1167 741 1209 806 ad
1232 743 1340 807 vicem
1362 741 1618 807 Hercanhalldiq
1641 742 1920 830 archicappellani
1942 745 2129 828 recognovi.
2148 742 2165 832 ᾖ

661 867 751 932 Data
773 882 840 932 ΗΠ.
859 889 936 931 non.
955 867 1031 931 mai.
1056 865 1233 931 indictione
1251 881 1290 947 11,
1314 889 1399 931 anno
1423 865 1625 931 dominicaer
1650 867 1883 932 incarnationis
1906 867 2077 932 millesimo
2095 882 2205 951 XVIIII,

555 998 640 1040 anno
659 998 738 1039 vero
758 974 888 1039 domni·
909 973 1059 1038 Heinrici
1079 974 1284 1060 imperatoris
1303 974 1432 1060 augusti
1451 975 1617 1059 regnantis
1636 987 1723 1055 XVII,
1743 974 1872 1061 imperii
1887 989 1926 1055 νς
1951 986 2059 1039 actum
2078 975 2204 1057 Alsteti3

554 1082 694 1148 feliciter
716 1079 850 1168 amem]t
2225 1102 2237 1141 s

660 1225 757 1294 4W.
789 1234 815 1299 11
839 1238 1092 1303 Ouereucouiungs
1118 1245 1192 1287 cum
1215 1235 1282 1287 toto
1306 1244 1438 1287 nemore
1461 1252 1512 1287 nec
1539 1252 1593 1286 non
1612 1271 1620 1287 .
1639 1274 1646 1287 .
1665 1273 1699 1287 ..

1332 1486 1428 1575 407.

554 1642 732 1717 Heinrich
757 1641 905 1717 1111111111
934 1641 1013 1716 dem
1046 1668 1119 1716 voa
1144 1642 1263 1716 seium
1291 1638 1484 1717 Gemohlia
1510 1639 1737 1741 Kunipundc
1759 1640 2006 1741 peprbudeteu
2033 1641 2207 1717 Nouoco-

551 1761 684 1838 lclostcr
707 1788 752 1836 zu
777 1760 1008 1862 Kaufanpcu
1034 1762 1131 1835 seiae
1158 1760 1395 1860 Besitzuupcu
1420 1786 1464 1833 zu
1489 1759 1693 1860 Eschcbcrp
1718 1758 1799 1833 rand
1822 1759 1966 1834 Memor.

1800 1898 1923 1957 Allatedt
1946 1899 2024 1959 1019
2046 1898 2113 1958 Mai
2136 1900 2164 1958 1.
2224 1910 2247 1948 ¹0

663 1989 908 2064 Ompiualdiplom
930 1989 971 2047 im
993 1988 1021 2047 lc.
1040 1986 1240 2047 Stuutsarctiv
1261 2006 1297 2046 aa
1319 1986 1463 2062 Morburp
1488 1987 1559 2054 (A).

659 2123 839 2182 Iedderlrose
861 2121 966 2181 chiuc
989 2120 1135 2192 Schriften
1160 2124 1190 2192 2,
1205 2122 1268 2180 284
1292 2122 1358 2179 a⁰5
1381 2138 1434 2179 uus
1456 2122 1484 2178 A
1507 2120 1560 2178 mit
1581 2121 1647 2178 ind.
1668 2120 1722 2178 IV.
1746 2150 1791 2159 —
1814 2120 1941 2180 Bdhmcr
1962 2120 2034 2197 Rey.
2053 2122 2143 2181 1188.
2166 2151 2208 2160 -

660 2228 785 2303 Stampf
800 2228 872 2305 Req.
890 2229 978 2287 1721.

663 2363 849 2423 Gesclricbeu
872 2381 925 2422 vor
947 2361 1013 2431 GF,
1037 2362 1089 2420 der
1110 2361 1164 2420 due
1184 2360 1224 2420 D.
1242 2362 1302 2421 375
1324 2362 1369 2420 ula
1388 2360 1509 2436 Vorluqc
1530 2361 1671 2433 beautnm
1693 2360 1740 2420 dic
1763 2361 1886 2435 uertique
1909 2361 2135 2436 Abueichuaqea
2157 2381 2208 2421 tua

659 2471 763 2530 diesem
785 2469 965 2545 eutsprecicu
988 2469 1106 2528 1111111111
1127 2469 1292 2543 denjeuiqcu
1314 2470 1345 2527 iu
1368 2467 1409 2528 D.
1425 2469 1495 2529 406.
2226 2477 2248 2519 ¹³

661 2638 718 2705 (C.)
743 2628 761 2718 ξ
783 2629 822 2693 In
844 2631 975 2694 nomine
999 2642 1131 2693 sanctae
1155 2640 1188 2693 et
1211 2626 1402 2693 individuae
1425 2628 1589 2692 trinitatis.
1634 2627 1810 2692 Heinricus
1833 2626 1967 2692 divina⁸
1989 2627 2123 2694 favente
2147 2629 2207 2695 cle·

552 2738 674 2802 mentia
697 2737 914 2802 Romanorum
940 2738 1118 2823 imperator
1140 2732 1346 2822 augustum}
1462 2748 1602 2815 imperiali
1631 2756 1741 2800 nostrae
1770 2748 1898 2814 dignitati
1926 2750 2027 2800 decens
2054 2758 2140 2815 atque
2164 2767 2208 2801 nc·

552 2860 701 2910 cessarium
726 2860 830 2923 absque
857 2859 941 2909 dnbio
968 2858 1069 2908 scimus
1097 2872 1165 2916 esse,
1192 2864 1222 2906 ut
1248 2864 1275 2906 et
1301 2872 1351 2907 nos
1377 2858 1406 2907 in
1433 2856 1541 2906 laudem
1567 2862 1595 2906 et
1620 2857 1751 2907 honorem
1777 2856 1822 2907 dei
1839 2870 1857 2901 a
1877 2856 2073 2922 proficiamus
2100 2866 2130 2909 et
2148 2859 2208 2909 aliis

551 2965 756 3031 incipientibus,
775 2966 905 3030 quatinus
925 2964 959 3014 ad
979 2959 1127 3014 effectumb
1146 2965 1314 3030 pertingant,
1333 2979 1413 3029 opem
1432 2970 1553 3013 nostram
1572 2963 1771 3029 impendamus.
1803 2962 1832 3013 Si
1846 2979 1912 3029 ergo
1925 2964 1978 3015 hoc
1995 2964 2068 3015 iuste
2081 2967 2208 3016 omnibus

552 3073 679 3123 exhibere
705 3071 845 3131 debemus,
873 3078 977 3136 quanto
1003 3069 1150 3137 specialius
1176 3086 1318 3121 monemur
1342 3069 1383 3120 illi
1409 3069 1512 3120 auxilio
1539 3086 1607 3128 esse,
1636 3076 1667 3120 ut
1686 3071 1759 3121 boun
1781 3069 1904 3136 perficiat
1925 3071 2045 3136 incepta,
2073 3088 2209 3137 cumque
2224 3084 2248 3124 tu

551 3194 644 3229 sumus
670 3194 733 3229 caro
758 3184 786 3228 et
811 3179 902 3228 anima
927 3194 991 3228 nna.
1031 3178 1150 3228 Proinde
1179 3178 1301 3227 omnium
1327 3176 1430 3226 Christi
1457 3184 1667 3241 nostrorumque
1696 3175 1817 3228 fidelium
1845 3179 2012 3244 presentium
2040 3177 2151 3230 scilicet
2178 3195 2208 3229 ac

552 3286 704 3335 futurorum
723 3286 831 3335 noverit
850 3286 1026 3345 universitas,
1053 3285 1126 3349 quod
1146 3283 1249 3335 dilecta
1268 3283 1431 3335 contectalis
1449 3290 1543 3335 nostra
1562 3282 1743 3349 Canigvnda⁰
1764 3283 1896 3335 videlicet
1913 3286 2072 3351 imperatrix
2091 3294 2209 3352 augusta

552 3393 746 3442 monasterium
765 3393 794 3442 in
812 3393 944 3442 honorem
963 3390 1109 3443 salvatoris
1128 3392 1221 3441 mundi
1241 3399 1268 3442 et
1286 3391 1411 3442 vivificae
1431 3393 1519 3442 crucis
1545 3407 1596 3442 nec
1616 3407 1671 3442 nou
1690 3399 1803 3442 sauctae
1822 3391 1867 3441 dei
1886 3393 2028 3458 genitricis
2047 3410 2208 3460 semperque

551 3499 666 3563 virginis
685 3498 788 3548 Mariae
810 3496 843 3548 et
862 3499 938 3549 Petri
957 3500 1088 3565 principis
1108 3498 1297 3565 apostolorum
1317 3504 1345 3548 et
1363 3499 1483 3549 omnium
1502 3497 1583 3549 simul
1601 3508 1760 3549 sauctorum
1773 3500 1802 3549 in
1814 3497 1876 3549 loco
1891 3501 1939 3564 qui
1952 3501 2053 3550 dicitur
2065 3499 2209 3567 Chofunga

553 3606 712 3665 construxit,
738 3606 767 3655 in
792 3622 847 3670 quo
866 3607 987 3672 virgines
1012 3607 1064 3656 sub
1091 3604 1187 3671 regula
1205 3607 1293 3657 sancti
1315 3605 1458 3656 Benedicti
1478 3605 1625 3656 ordinavit.
1663 3606 1754 3656 Huius
1772 3607 1856 3671 igitur
1875 3605 1993 3658 dilectae
2013 3614 2127 3658 nostrae
2147 3625 2208 3658 con·
2225 3617 2248 3658 11

552 3714 625 3778 iugis
650 3697 800 3784 religioni
823 3721 862 3764 ac
885 3697 1052 3763 devotioni
1075 3698 1329 3786 congaudentes,
1354 3714 1440 3763 amori
1464 3699 1562 3763 etiam
1586 3714 1615 3763 in
1634 3713 1759 3763 omnibus
1779 3720 2001 3779 optemperatum
2020 3731 2069 3781 pro
2090 3716 2209 3767 remedio

554 3821 661 3870 animae
686 3826 795 3870 nostrae
821 3837 872 3871 nec
898 3838 953 3871 non
976 3821 1063 3887 ipsius
1088 3822 1262 3885 omniumque
1287 3820 1440 3871 debitorum
1465 3828 1622 3871 nostrorum
1655 3805 1732 3870 talia
1761 3805 1887 3892 predia,
1918 3806 2027 3893 qualia
2050 3809 2083 3872 ln
2107 3808 2210 3874 Euke-

552 3912 654 3999 herge
678 3935 718 3977 ac
736 3912 901 3977 Meiskere
920 3912 1005 3977 villis
1029 3929 1056 3977 in
1076 3944 1149 3994 pago
1169 3912 1290 3977 Hassis
1308 3928 1336 3977 in
1355 3928 1489 3977 comtum
1507 3911 1719 3978 Dodechonis
1739 3928 1846 3978 comitis
1864 3914 1927 3977 visi
1947 3936 2058 3979 sumus
2076 3914 2209 3997 habere,

553 4050 616 4084 cum
634 4035 761 4084 omuibus
783 4042 896 4084 eorum
914 4035 1086 4100 pertinentiis
1105 4035 1178 4100 agris
1197 4035 1268 4084 arcis
1288 4034 1420 4085 aediliciis
1440 4035 1518 4084 terris
1538 4033 1619 4084 cultis
1647 4042 1674 4085 ct
1693 4033 1804 4085 incultis
1822 4034 1899 4085 silvis
1918 4036 2113 4088 venationibus
2134 4039 2210 4102 aquis

553 4157 734 4206 aquarumve
754 4141 914 4192 decursibus
933 4142 1132 4207 piscationibus
1151 4140 1315 4192 molendinis
1341 4142 1426 4207 pratis
1449 4142 1560 4207 pascuis
1578 4143 1631 4191 viis
1654 4150 1681 4192 et
1704 4143 1786 4192 inviis
1806 4143 1925 4193 exitibus
1944 4150 1972 4193 et
1990 4144 2127 4194 reditibus
2146 4160 2209 4210 quc·
2226 4151 2250 4192 t)

552 4249 612 4298 sitis
631 4254 659 4298 et
678 4248 847 4313 inquirendis
867 4249 1011 4313 mancipiis
1031 4250 1175 4312 utriusque
1194 4264 1276 4298 sexus
1297 4255 1323 4298 et
1342 4249 1469 4298 omnibus
1489 4264 1542 4315 que
1563 4256 1768 4321 quocumque
1788 4234 1884 4299 modo
1910 4251 2045 4300 nominari
2071 4266 2105 4301 ac
2129 4251 2210 4301 scribi

554 4362 668 4421 possunt
695 4353 861 4405 utilitatibus
889 4355 922 4404 ad
952 4354 1061 4405 eadem
1087 4339 1203 4427 predia
1228 4356 1429 4420 pertinentibus
1455 4356 1489 4405 ad
1516 4357 1668 4421 predictum
1694 4358 1888 4407 monasterium
1918 4354 1950 4406 et
1972 4342 2016 4407 ad
2038 4342 2210 4408 utilitatem

553 4470 700 4512 sororum
719 4445 842 4512 ibidem
862 4445 922 4510 sub
941 4446 1055 4533 regula
1074 4447 1266 4511 monachica
1285 4446 1347 4511 deo
1366 4449 1578 4512 servientium
1597 4463 1735 4527 perhanc
1754 4470 1874 4513 nostram
1893 4460 2063 4529 imperialem
2082 4466 2210 4530 pagenam

553 4555 587 4617 ln
610 4554 778 4640 proprium
803 4566 934 4632 largimur
959 4574 1041 4632 atque
1068 4568 1253 4619 concedimus.
1291 4569 1326 4618 Et
1352 4574 1382 4618 ut
1405 4568 1472 4619 haec
1499 4578 1609 4619 nostrae
1629 4569 1808 4633 ingenuitatis
1828 4571 1979 4620 auctoritas
1998 4569 2107 4621 stabilis
2127 4580 2154 4622 ct
2172 4573 2211 4622 in·

554 4672 687 4724 convulsa
707 4685 723 4720 s
743 4675 816 4724 omui
834 4682 995 4740 permaneat
1014 4683 1106 4741 aeV0‚
1126 4675 1178 4725 hoc
1195 4674 1337 4741 imperiale
1352 4685 1510 4742 preceptum
1524 4677 1587 4726 inde
1601 4677 1787 4741 conscriptum
1801 4677 1912 4743 propris
1925 4693 2007 4728 manu
2020 4677 2211 4728 confirmantes
2227 4686 2251 4726 a

554 4779 646 4847 sigillo
665 4790 759 4832 nostro
780 4782 904 4846 insigniri
929 4768 1091 4831 iussimus.

662 4899 679 4988 ξ
703 4900 840 4987 Signum
863 4899 974 4963 domni
997 4900 1146 4964 Heinrici
1171 4902 1377 4966 invictissimi
1402 4910 1465 4979 (M.)
1489 4902 1708 4966 Romanorum
1734 4903 1939 4989 imperatoris
1963 4903 2142 4993 augustia

662 5032 679 5123 ξ
704 5032 904 5098 Guntherius
921 5022 1136 5099 cancellarius
1152 5035 1195 5098 ad
1207 5036 1315 5099 vicem
1326 5034 1552 5100 Hercanbaldi
1565 5035 1841 5122 archicappellani
1857 5039 2045 5123 recognovi.
2059 5035 2077 5126 ξ
2100 5040 2158 5123 (sl.
2170 5040 2210 5123 3.)

661 5169 750 5232 Data
774 5182 839 5232 1111.
860 5190 935 5232 non.
954 5168 1047 5232 mai<l
1070 5167 1247 5233 indictione
1271 5184 1308 5251 11,
1333 5192 1418 5233 anno
1442 5168 1625 5233 dominicae
1649 5171 1882 5234 incarnationis
1905 5170 2209 5253 millesimum,

557 5300 641 5341 anno
661 5299 739 5340 vero
760 5275 870 5339 domni
889 5275 1037 5339 Heinrici
1057 5276 1262 5362 imperatoris
1282 5277 1411 5363 augusti
1430 5277 1597 5361 regnantis
1616 5291 1703 5357 ml,
1724 5277 1851 5363 imperii
1866 5278 1925 5360 νὰς
1948 5277 2068 5343 Alsteti
2087 5294 2209 5359 actum3
2226 5306 2251 5346 u

556 5382 712 5448 feliciterd
736 5405 841 5446 amen.

608 5559 693 5618 4⁰8⁰.
717 5564 745 5627 q)
767 5560 856 5611 A¹BL
914 5562 938 5621 r)
960 5557 1065 5612 domini
1077 5560 1102 5612 B
1156 5566 1179 5617 sl
1200 5562 1278 5625 A¹L,·
1296 5560 1399 5614 domini
1413 5562 1438 5614 B
1492 5568 1514 5619 11
1535 5561 1585 5614 dua
1603 5578 1639 5613 on
1658 5563 1694 5613 A¹
1714 5564 1763 5613 11111
1780 5564 1853 5615 eim
1871 5562 2014 5630 1111οή19111
2031 5564 2211 5617 Wucbsmossa

716 5632 849 5683 humilta
867 5631 1000 5697 basestiptc
1018 5631 1094 5685 SI.3
1113 5633 1147 5682 ist
1166 5633 1384 5685 wulrracbeiniicls
1403 5649 1450 5685 con
1468 5636 1494 5684 A
1512 5633 1627 5698 1119111111
1646 5634 1760 5689 worden.

610 5719 674 5776 lor.
717 5718 924 5790 [Pola-Bloch]
962 5722 988 5787 a)
1012 5720 1198 5775 incuratus
1216 5738 1234 5773 u
1288 5721 1317 5777 bl
1338 5720 1691 5776 apponctamento
1751 5726 1777 5781 cl
1797 5724 1841 5774 die
1857 5724 1919 5775 dost
1935 5723 2026 5776 Idam
2045 5724 2208 5777 cumea

717 5793 910 5929 fighpiepppgm
950 5791 979 5859 d)
998 5800 1051 5844 1111.
1069 5808 1134 5847 non.
1153 5792 1209 5844 mai
1233 5793 1309 5860 (mai,
1334 5794 1401 5845 olane
1420 5794 1712 5861 Abiununqszas'chea,
1737 5797 1774 5851 Al
1797 5794 1854 5845 aad
1871 5801 1933 5843 1·-
1945 5793 2061 5849 feliciter
2085 5795 2210 5848 crem
2225 5802 2250 5842 11
