4836 6492
866 435 1105 493 HEINRIOH
1128 435 1166 491 Il.
1208 434 1303 491 1024.
1843 431 1908 494 649

365 627 567 704 Veru'aderanp
592 630 873 705 zusammeulraapea,
903 631 958 705 ool.
984 631 1213 704 Eridateruopea
1240 630 1391 689 Absrlroitt
1412 628 1477 688 III.
1509 659 1552 667 -
1582 630 1620 689 In
1649 631 1713 690 dem
1735 631 1910 704 Hersselder

359 735 523 809 Exemplar
545 736 696 809 eutsprurlr
719 736 766 795 die
788 737 819 794 in
842 732 892 794 Α1
914 737 1120 812 aocbpebildete
1145 737 1256 796 Gestult
1278 736 1328 795 des
1352 735 1519 795 Obrismoas
1541 737 1600 795 arrd
1622 737 1670 796 des
1693 737 1910 814 Moaopramms

358 842 446 916 sollio
469 841 521 900 der
543 842 636 901 dieser
658 843 778 901 Zeiclen
801 844 832 901 in
855 845 918 903 dero
941 844 1080 914 Fuldaer,
1110 862 1141 902 so
1171 844 1239 902 dass
1267 844 1319 902 der
1341 842 1492 902 Selmeilrer
1513 845 1563 902 dea
1585 844 1716 903 lelzterea
1739 846 1813 904 rrotl
1835 846 1909 905 aaa

359 948 403 1005 bei
425 948 477 1006 der
498 948 693 1024 Mundieranp
716 950 765 1008 des
786 956 910 1009 crateres
934 951 1076 1024 terreatur
1099 970 1171 1009 arar.

219 1114 233 1153 s
358 1092 455 1158 507⁰.
487 1090 544 1175 (O.)
567 1090 606 1153 Iu
629 1091 760 1154 nominc
784 1102 917 1154 sauctae
941 1102 973 1155 et
996 1091 1185 1155 individuae
1208 1092 1371 1155 trinitatis.
1418 1091 1908 1158 Heinrieus1divinafavente

251 1195 423 1260 clementia
438 1196 659 1260 Romanorum
682 1197 858 1283 imperator
880 1208 1047 1283 augustus.
1140 1195 1299 1263 Omnibus
1323 1195 1473 1261 fidelibus
1496 1208 1563 1261 tam
1582 1197 1789 1284 presentibus
1809 1222 1907 1286 quam

251 1314 283 1366 et
305 1302 422 1366 futuris
445 1314 557 1366 notum
581 1301 650 1366 fore
675 1304 833 1388 cupimus,
868 1304 1008 1390 qualiter
1035 1303 1168 1368 assidua
1196 1303 1409 1390 proclamatio
1433 1314 1560 1368 nostras
1584 1327 1679 1369 aures
1703 1304 1908 1391 inquietabat

250 1407 292 1472 ob
323 1410 532 1472 innumeras2
562 1419 594 1473 et
624 1409 811 1496 frequentes
843 1412 1076 1493 contentiones,
1108 1433 1192 1497 quae
1223 1433 1352 1496 semper
1382 1421 1475 1474 crant
1504 1411 1590 1474 inter
1619 1410 1845 1476 Uuldensem³
1874 1422 1908 1477 et

248 1514 509 1580 Herueldeusem
532 1515 701 1598 familiam,
725 1539 810 1601 quae
834 1518 899 1580 iarn
922 1518 956 1580 in
972 1528 1096 1581 tantum
1113 1515 1358 1597 convaluerunt,
1381 1528 1417 1580 ut
1436 1518 1533 1581 etiam
1557 1516 1808 1582 innumerabilia
1823 1519 1908 1583 inter

204 1648 231 1685 ιο
249 1644 284 1685 se
306 1621 423 1685 fierent
445 1622 632 1705 homicidia,
657 1634 689 1686 et
712 1622 788 1686 inde
812 1624 991 1687 maximum
1015 1623 1243 1688 detrimentum
1261 1634 1398 1709 utraque
1422 1633 1589 1709 pateretur
1607 1622 1778 1688 aecclesia.
1818 1624 1907 1705 Qua-

248 1738 391 1814 propter,
422 1751 464 1792 ne
492 1728 564 1792 talis
589 1751 628 1793 ac
658 1739 767 1793 tantae
798 1730 1050 1816 presumptionis
1081 1730 1220 1794 audacia
1247 1731 1316 1793 sine
1348 1729 1448 1814 digna
1477 1729 1621 1793 ultione⁴
1644 1731 1729 1793 inter
1750 1741 1906 1816 utrasque

248 1833 388 1898 familias
412 1835 533 1898 diutius
558 1848 751 1917 remaneret,
782 1860 856 1901 cum
886 1859 1047 1900 consensu
1078 1848 1110 1900 et
1133 1836 1268 1900 consilio
1291 1840 1526 1922 utrorumque⁵
1548 1834 1727 1900 abbatum⁵
1749 1836 1907 1901 Richardi

249 1939 425 2004 Uuldensis
456 1952 489 2005 et
518 1941 645 2005 Arnolti
668 1942 905 2006 Hemeldensis
936 1942 1138 2029 aliorumque
1167 1942 1314 2007 fidelium
1344 1953 1527 2006 nostrorum
1555 1965 1615 2029 per
1637 1942 1732 2006 buius
1755 1942 1906 2008 kartulae

247 2058 438 2133 preceptum
458 2047 523 2112 talc
541 2050 765 2112 constituimus
782 2049 958 2114 decretum.
991 2050 1035 2114 Ut
1055 2051 1196 2136 primum
1213 2051 1317 2113 omnis
1340 2050 1509 2132 iniustitia,
1533 2072 1618 2136 quae
1641 2051 1706 2113 iam
1730 2049 1907 2136 permulta

204 2180 231 2218 rs
249 2164 395 2239 tempora
411 2176 453 2217 ex
470 2165 607 2240 utraque
622 2166 715 2240 parte
731 2157 914 2219 incorrecta
929 2167 1140 2237 remanserat,
1160 2155 1201 2220 ab
1221 2156 1389 2220 advocatis
1407 2167 1438 2220 et
1457 2157 1631 2242 prepositis
1650 2155 1778 2221 illorum
1794 2158 1906 2221 utrim-

248 2282 312 2345 que
334 2259 474 2346 pleniter
497 2264 688 2346 corrigatur.
734 2262 778 2325 Et
802 2261 968 2347 deincepS,
993 2264 1021 2325 si
1045 2264 1118 2349 quis
1142 2286 1185 2326 ex
1207 2262 1331 2326 familia
1360 2263 1528 2348 utriusque
1559 2262 1739 2327 aecclesiae
1763 2262 1906 2349 aliquem

249 2389 417 2430 sorvorum
447 2366 501 2431 vel
532 2370 636 2432 sancti
667 2368 830 2432 Bonifacii
860 2369 913 2433 vel
943 2370 1049 2433 sancti
1071 2367 1270 2454 Uuigberti⁶
1291 2369 1473 2455 insequitur
1503 2380 1535 2432 et
1565 2391 1647 2432 ausu
1677 2370 1848 2432 temerario
1873 2378 1906 2433 et

248 2484 373 2537 armata
400 2497 500 2538 manu
522 2474 565 2538 ad
589 2474 803 2539 occidendum
828 2475 947 2539 velud
971 2475 1217 2561 depredandum
1242 2477 1311 2539 eius
1336 2486 1460 2539 curtem
1484 2476 1554 2539 sive
1579 2474 1710 2539 domum
1734 2475 1906 2560 infregerit

249 2591 281 2643 et
304 2602 378 2643 eum
401 2581 641 2667 inpugnaverit,
673 2592 705 2645 et
735 2583 761 2645 si
793 2581 845 2645 illc
870 2594 926 2645 aut
953 2582 1117 2667 aufugerit
1139 2593 1196 2646 aut
1219 2583 1247 2645 si
1270 2582 1352 2647 forte
1377 2581 1464 2645 domi
1488 2604 1552 2645 non
1576 2581 1674 2645 fucrit
1697 2581 1750 2644 vel
1774 2604 1905 2668 quoquo

202 2713 231 2752 ro
248 2686 344 2750 modo
375 2686 417 2751 ab
448 2689 517 2751 eius
547 2698 707 2774 potestate
738 2690 808 2752 sive
838 2689 1071 2775 inpugnatione
1095 2710 1130 2752 se
1153 2687 1352 2769 liberaverit,
1380 2687 1460 2770 illm,
1492 2688 1548 2774 qui
1572 2687 1667 2751 huius
1691 2686 1849 2751 audaciae
1873 2698 1907 2751 et

249 2794 427 2857 invasionis
458 2794 526 2858 dux
557 2806 589 2859 et
617 2796 770 2881 princeps
801 2795 908 2877 fuerit,
940 2794 1093 2859 tollantur
1121 2796 1246 2859 corium
1276 2804 1309 2859 et
1337 2793 1447 2880 capilli
1477 2805 1509 2858 et
1540 2794 1675 2880 insuper
1703 2795 1738 2857 in
1768 2805 1906 2880 unaque

249 2900 382 2964 maxilla
412 2901 497 2965 ferro
529 2901 572 2965 ad
601 2901 663 2965 hoc
694 2902 780 2966 facto
812 2903 910 2966 etiam
940 2901 1094 2966 candenti
1119 2900 1203 2964 bene
1228 2911 1371 2965 cratetur
1394 2911 1426 2964 ct
1450 2898 1669 2983 comburatur,
1694 2900 1811 2986 reliqui
1834 2901 1905 2965 eius

249 3028 408 3093 sequaces
432 3020 505 3072 cute
529 3019 562 3071 et
580 3008 707 3095 capillis
731 3010 909 3095 priventur.
949 3008 985 3072 Si
1005 3018 1114 3072 autem
1133 3006 1180 3072 ibi
1199 3007 1368 3090 occiditur,
1393 3029 1516 3090 omnes,
1541 3007 1597 3093 qui
1620 3007 1716 3071 huius
1738 3006 1906 3071 homicidii

249 3135 308 3177 seu
331 3114 508 3178 invasionis
532 3117 709 3201 participes
733 3126 817 3197 sunt,
842 3138 941 3200 supra
965 3114 1099 3203 dict[a]e
1124 3136 1250 3200 poenae
1274 3112 1476 3178 subiaceant.
1515 3113 1559 3177 Et
1583 3115 1610 3177 si
1634 3136 1678 3177 ex
1700 3136 1766 3178 una
1781 3112 1907 3178 familia

203 3244 232 3284 aa
250 3230 325 3284 sunt
340 3219 404 3303 ille,
422 3222 477 3307 qui
494 3220 663 3303 occiditur,
681 3233 713 3285 et
729 3221 785 3303 illi,
803 3223 859 3307 qui
875 3221 1038 3304 occidunt,
1057 3244 1168 3286 omnes
1185 3221 1394 3307 singulariter
1409 3219 1629 3306 weregeldum
1646 3221 1747 3285 occisi
1763 3230 1795 3284 et
1811 3243 1906 3285 omne

249 3324 406 3409 debitum,
437 3328 521 3391 sicut
550 3327 707 3392 hactenus
740 3327 898 3409 fecerunt,
929 3329 1082 3414 propriae
1112 3328 1292 3392 aecclesiae
1322 3327 1520 3414 persolvant.
1568 3327 1605 3392 Si
1628 3337 1737 3391 autem
1760 3326 1825 3409 ille,
1850 3328 1907 3414 qui

250 3432 418 3515 occiditur,
443 3456 485 3497 ex
508 3456 574 3497 una
597 3434 719 3498 familia
744 3445 793 3498 est
816 3446 849 3498 et
872 3434 928 3516 illi,
954 3436 1009 3521 qui
1034 3434 1196 3517 occidunt,
1225 3456 1268 3497 ex
1299 3433 1372 3515 alia,
1406 3446 1520 3498 auctor
1546 3433 1713 3497 homicidii
1737 3433 1823 3498 solus
1846 3457 1907 3520 pro

249 3538 399 3604 omnibus
423 3539 641 3625 weregeldum
664 3541 838 3627 persolvat.
878 3542 921 3606 Et
940 3544 975 3605 in
993 3563 1198 3628 quocumque
1221 3539 1293 3604 loco
1317 3551 1373 3604 aut
1397 3563 1438 3604 ex
1462 3562 1527 3604 una
1551 3551 1607 3604 aut
1630 3562 1673 3604 ex
1696 3540 1760 3604 alia
1783 3540 1908 3605 familia

249 3645 366 3732 aliquis
389 3646 558 3727 occiditur,
582 3648 645 3710 nisi
669 3647 732 3729 ille,
758 3649 814 3733 qui
829 3647 1040 3712 homicidium
1056 3648 1145 3728 facit,
1169 3645 1356 3733 probabiles
1379 3656 1478 3709 testes
1502 3643 1622 3709 babeat
1637 3657 1693 3710 aut
1711 3668 1771 3733 per
1785 3647 1907 3710 ferrum

203 3778 232 3815 eo
251 3752 394 3817 candens
426 3752 487 3817 hoc
517 3752 657 3839 probare
687 3753 806 3835 valeat,
838 3753 926 3840 quod
955 3752 997 3819 ob
1027 3753 1126 3817 aliam
1156 3775 1289 3816 causam
1320 3775 1385 3816 non
1415 3752 1557 3833 fecisset,
1588 3753 1652 3815 nisi
1683 3752 1771 3838 quod
1794 3752 1835 3816 de
1859 3754 1907 3816 in-

250 3861 449 3946 pugnatione
480 3861 582 3946 ipsius
613 3859 707 3923 aliter
736 3861 831 3923 vivus
863 3860 1006 3945 effugere
1037 3882 1102 3923 non
1131 3860 1298 3945 potuisset,
1323 3881 1422 3944 supra
1446 3858 1552 3922 dictae
1575 3880 1702 3944 poenae
1727 3857 1906 3923 subiaceat.

251 3967 287 4030 Si
310 3978 418 4030 autem
442 3965 504 4029 hoc
528 3964 667 4052 probare
687 3977 802 4051 potest,
826 3964 908 4029 nihil
927 3967 1078 4052 patiatur,
1102 3966 1166 4029 nisi
1182 3964 1271 4052 quod
1293 3964 1450 4029 hacteuus
1474 3966 1547 4050 ipsa
1570 3964 1732 4027 aecclesia
1754 3964 1906 4050 prolege

251 4070 374 4137 habuit.
421 4072 513 4137 Istud
536 4075 746 4137 constitutum
770 4072 959 4153 advocatus,
983 4073 1018 4135 in
1041 4073 1134 4135 cuius
1158 4071 1373 4135 advocatione
1397 4069 1459 4134 hoc
1483 4071 1639 4151 evenerit,
1671 4092 1745 4133 eum
1769 4071 1907 4135 scientia

250 4192 460 4265 utrorumque
485 4178 639 4243 abbatum
664 4181 697 4243 in
720 4180 887 4266 presentia
915 4180 1109 4243 nunciorum
1139 4177 1266 4241 illorum
1289 4176 1429 4240 fideliter
1451 4175 1639 4262 adimpleat.
1687 4176 1723 4241 Si
1745 4198 1825 4241 vero
1849 4175 1906 4241 ad-

202 4311 231 4351 es
249 4297 384 4351 vocatus
407 4296 464 4350 aut
486 4286 638 4351 mercede
662 4286 842 4351 conductus
866 4296 923 4349 aut
945 4284 1171 4349 misericordia
1188 4296 1294 4348 motus
1318 4283 1427 4369 aliqua
1451 4282 1628 4348 ealliditate
1653 4283 1713 4347 boc
1738 4282 1906 4347 decrcmm

250 4404 399 4458 avertere
422 4393 571 4473 voluerit,
595 4395 702 4478 gratia
724 4404 835 4457 nostra
866 4404 898 4456 et
928 4391 1143 4456 advocatione
1174 4400 1295 4470 careat,
1319 4390 1382 4453 nisi
1409 4413 1508 4477 supra
1530 4412 1640 4454 sacras
1664 4389 1820 4475 reliquias
1843 4389 1906 4455 hoc

250 4500 423 4564 adfirmare
447 4499 576 4581 audeat,
601 4499 689 4585 quod
711 4498 910 4564 homicidam
933 4521 991 4563 seu
1014 4499 1200 4562 invasorem
1224 4519 1385 4583 nusquam
1405 4496 1578 4582 adquirere
1598 4497 1717 4583 possit3
1746 4506 1908 4560 ettamen

250 4628 349 4692 quam
373 4607 528 4671 citissime
552 4607 671 4692 poterit
694 4606 855 4692 adquirat.
901 4605 946 4669 Et
969 4606 997 4670 si
1019 4606 1105 4691 ipse,
1135 4606 1170 4669 in
1193 4604 1285 4668 cuius
1309 4602 1524 4667 advocatione
1547 4602 1610 4668 hoc
1633 4604 1790 4685 evenerit,
1813 4625 1907 4667 reum

250 4712 423 4799 adquirere
446 4735 513 4777 non
536 4713 655 4798 poterit
677 4712 731 4776 vel
754 4712 905 4793 noluerit,
933 4710 1046 4775 fideles
1074 4712 1207 4776 alterius
1231 4708 1370 4791 abbatis,
1399 4712 1427 4773 si
1450 4710 1585 4796 possint,
1612 4710 1787 4796 adquirant
1810 4708 1909 4775 etad

202 4847 232 4885 so
250 4819 431 4907 predictam
447 4842 587 4905 poenam
603 4817 810 4904 presentibus
825 4819 954 4882 nunciis
970 4828 1182 4904 utrorumque
1198 4815 1354 4882 abbatum
1371 4816 1610 4903 adpresentent.
1645 4816 1698 4880 De
1715 4815 1909 4880 kamerariis

251 4950 329 4991 vero
353 4937 386 4990 ct
408 4925 574 5013 pincernis
598 4924 735 5011 aliisque
759 4925 926 4989 honoratis
949 4935 1160 5011 utrorumque
1183 4922 1339 4989 abbatum
1359 4921 1571 4987 servitoribus
1590 4922 1652 4987 hoc
1672 4923 1907 5005 constituimus,

251 5045 296 5117 ut,
327 5035 377 5097 sil
399 5031 479 5119 quid
502 5032 566 5096 tale
590 5031 707 5117 aliquis
730 5031 884 5095 illorum⁷
907 5030 1030 5112 fecerit,
1061 5030 1229 5118 predictae
1259 5052 1386 5117 poenae
1416 5028 1585 5094 subiaceat
1613 5027 1792 5093 secundum
1822 5028 1908 5093 arbi-

251 5142 347 5205 trium
371 5138 501 5204 abbatis
523 5137 577 5201 vel
600 5152 623 5201 x
646 5137 737 5202 libris
761 5136 994 5226 denar[i]orum
1018 5136 1231 5225 redimlat]ur.
1274 5137 1318 5201 Et
1341 5135 1403 5201 hoc
1429 5136 1503 5200 volo
1527 5136 1726 5222 firmiterque
1749 5136 1908 5222 precipio,

251 5258 286 5312 ut
310 5271 378 5311 rcm
402 5244 503 5310 semel
526 5244 610 5310 benc
640 5268 679 5310 ac
710 5256 798 5308 recte
823 5244 993 5308 diffinitam
1024 5242 1131 5308 nullus
1161 5245 1279 5307 iterare
1304 5242 1424 5308 audeat
1445 5242 1499 5306 vel
1523 5265 1691 5306 renovare.
1740 5241 1776 5307 Si
1798 5253 1908 5306 autem

203 5378 234 5417 ss
251 5353 391 5440 predicti
421 5351 556 5417 abbates
587 5352 648 5416 hoc
680 5352 847 5415 decretum
878 5349 1046 5414 adnullare
1078 5351 1228 5435 cupiunt,
1259 5349 1338 5413 mibi
1362 5349 1416 5413 vel
1445 5371 1518 5413 meo
1549 5350 1730 5413 successori
1757 5364 1785 5413 Η
1808 5347 1908 5414 libras

252 5462 322 5525 auri
345 5459 495 5547 uter[que
518 5457 694 5545 persolvat,
718 5469 869 5522 conatum
893 5468 1003 5521 tamen
1027 5479 1120 5521 suurn
1144 5478 1209 5519 non
1231 5455 1413 5542 perficiant.
1455 5455 1498 5519 Et
1521 5466 1557 5520 ut
1579 5454 1697 5543 haec]¹’
1721 5457 1908 5522 constitutio

304 5646 387 5703 5⁰7⁰.
413 5643 619 5715 [rom-Bloch]
650 5648 676 5711 a)
695 5642 947 5707 mercatrices
962 5644 1056 5695 Rosam
1112 5642 1142 5708 b)
1158 5646 1269 5709 crudae!
1288 5659 1339 5694 aare
1357 5643 1391 5696 D.
1405 5644 1486 5707 507⁶,
1507 5644 1554 5693 mit
1571 5643 1662 5695 ἄεεεεη
1678 5643 1744 5694 Text
1762 5643 1822 5695 hier
1838 5645 1909 5697 auclr

411 5718 646 5841 {gamapis
672 5717 735 5770 Cod.
754 5716 946 5768 eberhardis
969 5716 992 5778 f.
1009 5718 1053 5781 48,
1079 5731 1119 5767 reo
1143 5716 1180 5766 im
1205 5714 1316 5780 ἄᾶνᾶρεη
1342 5714 1496 5778 mebrfurlre
1519 5714 1745 5782 laterpoluts'onaa
1770 5714 1908 5784 heyam,

321 5913 518 5953 Kaiserurkunden
532 5913 574 5952 111.
1658 5900 1692 5948 82
