4836 6492
845 452 1084 511 HEINRICH
1108 453 1145 509 11.
1188 451 1282 508 1022.

1014 637 1106 724 472.

238 800 415 874 Heinrich
454 800 619 901 batdtiet
656 799 721 873 cler
755 799 1063 901 enzbmctbfliclnea
1096 800 1235 874 Kinolne
1265 827 1310 876 za
1341 797 1496 876 Salano
1529 801 1608 874 ihre
1643 801 1890 902 Besitcunpen,

237 918 490 994 iaabasondere
515 918 575 994 aa
597 917 702 1020 Bere
727 916 900 1013 Oleeano,
926 918 1007 994 aad
1031 898 1091 994 lie
1110 918 1335 1012 Immanitdt,
1360 918 1509 993 calciat
1533 919 1593 992 ilar
1619 920 1686 992 das
1713 920 1826 995 aaa
1849 923 1890 995 ia

238 1038 304 1112 der
327 1035 437 1114 Sada
468 1036 623 1114 Salano
650 1037 764 1138 feias
780 1038 1042 1113 Fleiacltbdnlce
1074 1065 1120 1114 za
1154 1038 1331 1113 amantea
1364 1037 1447 1112 aad
1476 1038 1614 1113 andan
1649 1039 1782 1113 llaelte
1810 1039 1892 1115 aad

201 1159 387 1232 ecaaaert
415 1157 475 1233 die
514 1156 729 1251 Urlcanden,
765 1156 880 1233 daret
914 1158 1044 1233 welclte
1077 1158 1144 1234 der
1173 1158 1478 1259 aarecttmaape
1513 1157 1675 1256 Biaclnof
1701 1158 1890 1233 Jolraanee

241 1274 355 1354 cette
380 1275 447 1351 cler
471 1276 610 1351 Kirclne
635 1287 840 1352 verda-wi
862 1277 936 1352 tat.
1486 1304 1578 1379 Troja
1602 1307 1682 1365 loca
1705 1306 1771 1363 ilat
1794 1306 1842 1365 31.

346 1483 589 1559 Odeladdiplom
611 1484 652 1543 im
674 1484 774 1544 Batitz
795 1484 847 1545 dor
868 1484 976 1543 lirina
996 1482 1136 1554 Rinaldo,
1159 1482 1311 1544 D’Anao
1334 1483 1361 1542 <t
1385 1481 1433 1542 Co.
1457 1500 1493 1542 ze
1516 1482 1636 1543 Salerno
1662 1484 1733 1551 (A).

343 1626 492 1686 Maratori
514 1628 582 1685 Ant.
607 1626 676 1685 Ital.
700 1626 728 1697 1,
749 1626 806 1685 193
835 1644 889 1686 ane
910 1625 1062 1697 Absctnn'fl
1091 1643 1127 1685 ea
1155 1644 1230 1685 naon.
1257 1624 1393 1685 Cavenea
1421 1626 1539 1684 arativo
1571 1647 1612 1671 =
1644 1626 1742 1699 illene
1771 1626 1887 1686 Patrol.

346 1734 413 1803 140,
429 1734 490 1793 360
511 1735 544 1791 n⁰
560 1734 629 1803 123,
654 1753 695 1780 =
725 1731 895 1807 &appellati
924 1732 968 1792 Le
991 1731 1089 1792 Clima
1110 1731 1233 1792 d'Italia
1254 1734 1307 1803 20,
1325 1734 1395 1791 293.
1419 1761 1463 1771 -
1486 1732 1618 1791 Paeraao
1643 1733 1782 1790 ,linteatae
1812 1733 1889 1792 della

344 1840 437 1899 eliaca
461 1838 647 1898 Salernitana
671 1839 796 1914 (Neapel
818 1840 912 1907 1846)
933 1842 961 1910 1,
977 1841 1017 1899 96
1037 1840 1111 1899 noct
1129 1840 1282 1910 Absolrift
1299 1839 1477 1899 Bettmanns
1500 1858 1553 1899 aaa
1576 1840 1602 1897 A
1627 1842 1678 1897 mit
1703 1842 1801 1916 pridie
1823 1841 1887 1898 kal.

344 1948 397 2005 iul.
415 1976 459 1984 —
475 1945 582 2020 Setipa
597 1945 698 2006 Storia
712 1947 758 2005 del
767 1947 936 2021 pandente
952 1947 1141 2021 Lonpobarda
1160 1946 1191 2005 a·
1207 1945 1328 2005 Salerno
1345 1946 1471 2020 (Neapel
1489 1947 1585 2013 1887)
1610 1949 1672 2004 2117
1697 1951 1726 2003 n⁰
1743 1947 1781 2004 37
1796 1946 1886 2005 Exta.

344 2072 397 2113 aaa
419 2055 454 2112 A.
475 2083 519 2092 -
537 2053 663 2112 Bdlrmer
681 2052 752 2128 Rae.
773 2053 862 2113 1227.
886 2083 931 2091 -
954 2052 1078 2140 Stnmps
1095 2053 1167 2129 aa.
1191 2053 1273 2113 1785
1293 2070 1329 2112 aa
1351 2052 1425 2113 Juni
1448 2055 1509 2113 30?

350 2195 480 2266 Versaast
502 2195 556 2254 mit
577 2196 745 2270 Benatznne
767 2196 819 2255 der
840 2194 913 2255 DD.
934 2196 967 2255 0.
985 2195 1031 2254 Π.
1047 2196 1110 2255 273
1130 2195 1211 2262 (Vc,
1228 2194 1276 2263 I).
1300 2196 1365 2255 285
1380 2195 1462 2262 (VU.
1476 2195 1542 2263 II).
1590 2194 1654 2253 Da·
1679 2196 1827 2255 alterata
1848 2196 1888 2254 iat

345 2302 501 2362 anderweit
522 2302 600 2361 anicla
624 2303 825 2362 racbwnebar.
872 2301 939 2362 Dae
961 2302 1145 2362 Eschatoltoll
1166 2302 1276 2361 stimant
1298 2303 1351 2361 mit
1373 2298 1537 2377 denjenieen
1560 2303 1608 2359 doc
1635 2303 1684 2359 tlt
1712 2303 1834 2361 ‹nnn-ein.

194 2497 220 2537 re
343 2476 403 2554 (C.)
424 2468 442 2560 ξ
464 2471 504 2535 ln
526 2471 656 2535 nomine
680 2482 812 2535 sanctae
835 2481 869 2535 et
891 2470 1081 2536 individuae
1104 2471 1266 2535 trinitatis.
1313 2469 1489 2534 Heinricus
1520 2470 1631 2534 divina
1662 2471 1792 2534 favente
1823 2470 1887 2535 cle·

238 2579 360 2642 mentia
382 2578 600 2642 Romanorum
622 2579 799 2664 imperator
821 2589 987 2664 augustus.
1096 2592 1125 2643 Si
1151 2593 1231 2642 iustis
1257 2592 1364 2656 deoque
1390 2592 1487 2641 dicata
1514 2590 1583 2641 loeis
1607 2606 1623 2636 s
1653 2610 1704 2640 aa.
1725 2585 1738 2656 ,t
1763 2590 1852 2641 solum
1872 2600 1918 2638 *r

238 2715 355 2769 preesse,
375 2684 433 2748 sed
452 2700 534 2749 etiam
552 2700 682 2765 prodesse
700 2699 894 2759 studuerimus,
919 2700 1053 2768 presentis
1077 2699 1150 2749 vitae
1172 2698 1358 2763 saxifragiamt
1381 2705 1409 2749 et
1434 2704 1561 2749 aeternae
1589 2700 1738 2748 remedium
1764 2701 1887 2750 inveniro

238 2822 292 2856 non
318 2807 468 2856 titubamus
494 2812 530 2866 et,
555 2808 578 2855 si
604 2807 633 2855 in
657 2806 801 2872 pristinum
826 2807 941 2872 madum
961 2807 1066 2871 erigere
1092 2821 1231 2865 conamur,
1256 2806 1341 2857 nostri
1367 2806 1475 2871 imperii
1494 2805 1601 2856 culmen
1621 2806 1769 2856 sublimare
1790 2805 1887 2873 procul

238 2914 321 2965 dubio
341 2912 484 2964 credimus.
522 2913 694 2979 Quapropter
719 2914 840 2963 omnium
864 2910 986 2963 fidelium
1011 2918 1123 2963 saccae
1145 2913 1190 2962 dei
1212 2911 1363 2962 aecclesiae
1385 2918 1593 2977 nostrorumque
1614 2915 1799 2978 praest-utinm
1815 2927 1833 2959 a
1854 2929 1886 2963 ac
1907 2925 1929 2965 11

192 3021 390 3072 refutatorum
409 3020 559 3085 comperiat
577 3006 782 3087 universitas,
804 3004 943 3092 qualiter
961 3021 1115 3070 interventu
1134 3027 1174 3068 ac
1194 3019 1326 3084 petitione
1345 3003 1540 3069 Theoderici
1559 3022 1663 3069 nostri
1685 3020 1792 3071 arbeti
1812 3029 1887 3070 ean·
1907 3033 1918 3072 1

238 3112 362 3178 cellarii
386 3143 435 3194 per
459 3127 530 3177 hanc
554 3128 641 3177 nostri
666 3127 808 3193 praecepti
832 3134 1003 3193 praesentem
1028 3127 1165 3192 paginam,
1191 3131 1273 3191 prout
1298 3126 1370 3176 inste
1397 3133 1424 3176 et
1450 3124 1576 3192 legaliter
1596 3144 1748 3192 possumus,
1775 3136 1887 3179 sanctae

239 3234 408 3303 salernitane
427 3234 500 3285 sedis
520 3232 673 3284 aecclesiae
692 3235 721 3285 in
740 3235 814 3284 beati
833 3232 952 3299 apostoli
969 3233 1072 3284 Mathei
1091 3233 1161 3283 sitae
1178 3233 1290 3292 bonore,
1310 3232 1357 3283 ubi
1374 3234 1489 3284 cottidie
1505 3249 1627 3284 summae
1645 3237 1760 3284 trinitati
1778 3235 1888 3287 debitae

238 3343 337 3393 dantur
357 3341 460 3401 laudes,
479 3346 561 3406 atque
584 3325 815 3391 inviolabiliter
834 3338 866 3390 et
883 3324 1136 3412 perpetualitert
1329 3341 1433 3406 ῑρεὶιιεο
1455 3341 1594 3406 praefatae
1612 3341 1764 3392 aea-lesina
1784 3328 1889 3394 arohi-

239 3437 392 3522 cpisccpo
415 3455 582 3513 nostroque
605 3447 678 3499 fideli
702 3447 803 3498 decoro
830 3448 1005 3497 concedimus
1029 3454 1057 3497 et
1075 3446 1265 3498 confirmamus
1287 3463 1382 3497 omnes
1402 3463 1445 3497 rec
1465 3455 1493 3498 et
1511 3450 1693 3514 proprietates
1714 3451 1748 3498 ab
1769 3452 1889 3515 antiquis

193 3566 221 3606 ’ὁ
238 3557 406 3623 principibus
424 3557 511 3621 ipsius
530 3556 651 3605 civitatis
669 3555 825 3620 praedictae
844 3570 989 3604 concessae
1008 3552 1160 3605 aecclesiae
1186 3570 1235 3604 seu
1255 3570 1297 3613 ea,
1323 3569 1393 3618 qnae
1413 3553 1536 3605 Gisulius
1562 3557 1689 3621 princeps
1715 3572 1777 3606 cum
1803 3573 1888 3608 uxore

238 3680 289 3714 sua
308 3664 420 3713 Gemma
438 3663 476 3712 ibi
496 3657 616 3727 optulit(¹
636 3677 684 3728 pro
704 3677 814 3712 enarum
834 3660 954 3711 remedio
973 3662 1132 3721 animarum,
1157 3667 1214 3711 tam
1234 3677 1275 3720 oa,
1301 3676 1372 3725 quae
1397 3660 1468 3710 infra
1490 3662 1603 3712 eandem
1627 3664 1766 3713 civitatem
1787 3665 1888 3715 habere

238 3771 366 3820 videntur
393 3785 475 3834 quam
504 3775 589 3828 extra,
617 3785 678 3820 cum
707 3769 785 3819 terris
813 3767 877 3827 illis,
906 3784 976 3833 quae
1005 3767 1077 3819 ultra
1104 3768 1217 3818 flurium
1245 3768 1411 3818 Tuscianum
1438 3769 1560 3837 praelate
1589 3769 1723 3835 aecclesie
1753 3772 1888 3835 pertinere

237 3877 470 3941 videnturusque
490 3877 524 3927 ad
543 3876 656 3926 fluvium
675 3877 722 3940 qni
741 3875 843 3925 dicitur
861 3873 939 3934 Siler,
965 3890 1014 3924 sen
1033 3876 1062 3923 in
1081 3876 1211 3925 comitatu
1233 3874 1374 3940 Cappuaci
1393 3880 1421 3924 et
1438 3872 1582 3924 Dulicaria
1609 3881 1635 3924 et
1654 3877 1681 3924 in
1701 3878 1799 3926 ceteris
1821 3876 1888 3927 locis

239 3971 304 4034 iam
329 3984 401 4050 dicte
426 3981 561 4051 aecclesie
587 3983 786 4048 pertinentibus
812 3998 882 4047 quae
912 3982 967 4032 dici
998 3980 1042 4032 vel
1071 3982 1205 4031 nominari
1230 3988 1352 4047 possunt.
1395 3966 1534 4052 Insuper
1558 3969 1655 4031 ctiam
1680 3969 1889 4034 concedimus

193 4098 222 4138 so
240 4087 382 4141 castrum
405 4075 525 4140 Libani
554 4098 629 4140 curn
651 4074 801 4139 omnibus
824 4073 1050 4139 adiacentibus
1073 4072 1146 4155 sibi,
1178 4072 1452 4160 quemadmodum
1482 4073 1562 4137 illud
1586 4076 1763 4160 antiquitus
1787 4077 1889 4162 ipsius

239 4183 400 4248 aecclesia
430 4183 533 4247 tenuit
563 4194 595 4246 et
624 4180 816 4269 dom[i]nata
846 4193 895 4246 est
924 4204 984 4267 per
1006 4190 1183 4267 praecepta
1206 4190 1239 4244 et
1261 4202 1484 4266 quascumque
1509 4182 1712 4267 scriptioneS,
1742 4193 1889 4246 castum⁸

239 4289 411 4355 videliac
435 4287 563 4371 Libani,
595 4288 681 4375 quod
706 4311 726 4352 a
749 4286 938 4353 Grimoaldo
969 4297 1002 4351 et
1024 4286 1144 4351 Alfeno
1174 4287 1338 4372 germanis
1368 4288 1486 4351 iniuste
1517 4288 1666 4351 invasum
1699 4300 1756 4352 est.
1804 4288 1889 4354 Con·

240 4396 385 4461 cedimus
409 4396 549 4482 denique
574 4395 801 4460 confirmantes
825 4394 932 4458 eidem
955 4393 1115 4481 aecclesie
1138 4415 1250 4457 omnes
1273 4405 1471 4457 mortuorum
1495 4416 1557 4475 res,
1583 4417 1646 4483 qne
1670 4396 1702 4458 in
1726 4397 1798 4482 ipso
1822 4399 1889 4484 epi-

240 4505 351 4590 scopio
384 4501 436 4567 vel
468 4504 502 4567 in
534 4500 632 4567 rebus
665 4503 731 4566 suis
764 4513 839 4565 sunt
870 4512 926 4566 aut
958 4510 1053 4565 erunt
1083 4499 1125 4564 ad
1159 4500 1316 4582 futurum,
1353 4523 1530 4586 omnesque
1566 4524 1618 4565 res
1651 4501 1786 4567 mobiles
1820 4506 1889 4568 sive

196 4630 223 4671 a
241 4608 432 4692 immobiles,
462 4632 526 4697 que
555 4607 597 4673 ab
628 4606 790 4694 aliquibus
820 4607 917 4672 deum
946 4605 1134 4671 timentibus
1164 4606 1348 4672 hominibus
1379 4606 1487 4693 oblate
1518 4606 1563 4671 ibi
1593 4620 1677 4689 sunt,
1708 4632 1747 4675 ao
1778 4633 1890 4675 ornnes

241 4717 467 4782 concessiones
491 4716 598 4781 eidem
616 4726 748 4779 sanotae
767 4714 927 4803 aecclesie
947 4737 1120 4779 concessas
1140 4737 1161 4778 a
1179 4712 1381 4801 principibus
1400 4714 1453 4778 vel
1473 4714 1611 4779 ducibus
1631 4738 1688 4779 seu
1708 4740 1728 4780 a
1746 4715 1889 4801 regibus.

241 4822 388 4889 Oensiles
420 4846 560 4911 namque
592 4822 740 4888 homiues
774 4821 921 4886 eiusdem
955 4822 1114 4909 aecclesie
1149 4832 1184 4886 ut
1217 4844 1293 4908 pars
1329 4822 1467 4908 praefati
1502 4823 1660 4909 episcopii
1697 4823 1889 4909 dominetur,

239 4928 399 5013 iubemus,
422 4929 510 4995 nullo
534 4929 787 5011 contradicente,
811 4930 896 4993 sicut
919 4929 1096 5014 antiquitus
1112 4928 1245 4993 fecerat.
1284 4929 1404 4993 Nostra
1419 4952 1559 5015 namque
1576 4929 1736 5016 imperiali
1753 4934 1891 4997 anctori-

240 5048 307 5102 tate
338 5038 368 5102 ei
398 5038 607 5102 concedimus
640 5036 878 5118 confirmantes,
913 5047 949 5100 ut
983 5058 1058 5122 para
1093 5035 1239 5099 eiusdem
1274 5036 1431 5122 episcopii
1465 5034 1586 5100 habeat
1620 5049 1812 5123 potestatem
1848 5040 1891 5104 ad

195 5164 224 5203 a
241 5144 388 5210 eiusdem
410 5143 569 5229 aecclesie
592 5145 642 5208 ius
666 5142 817 5207 ordinare
841 5142 925 5206 infra
949 5142 1085 5206 eandem
1110 5143 1275 5206 civitatem
1296 5144 1439 5229 quinque
1463 5142 1697 5227 macellatores,
1721 5144 1778 5210 ubi
1801 5147 1890 5211 volu-

242 5251 312 5334 erit,
336 5250 379 5315 ad
402 5273 518 5316 carnes
541 5250 741 5317 vendendas,
781 5248 965 5315 Statnentes
989 5248 1149 5335 siqnidem
1174 5248 1220 5312 illi
1243 5249 1453 5314 concedimus
1477 5262 1508 5313 et
1528 5250 1756 5315 confirmamus
1780 5275 1892 5319 omnes

313 5444 377 5502 472.
403 5445 601 5516 [Sobinparelli]
638 5450 664 5513 a)
686 5449 710 5498 A
784 5446 813 5513 b)
832 5450 860 5498 et
878 5444 1075 5513 perpetualiter
1092 5446 1149 5509 anf
1162 5446 1269 5509 licam,-
1286 5446 1413 5497 dalrinnter
1431 5445 1525 5498 Raeur
1542 5463 1591 5498 von
1611 5450 1695 5499 6-7
1710 5448 1892 5512 Buchetabm

401 5518 622 5571 eonroetanuet
640 5518 721 5571 aona
736 5518 796 5569 lts'er
810 5518 858 5570 der
870 5518 955 5569 Name
970 5519 1015 5569 dee
1027 5515 1208 5582 arelaten,
1226 5517 1273 5569 dtr
1286 5517 1355 5568 wohl
1370 5519 1399 5568 in
1410 5522 1531 5583 apdterer
1543 5518 1602 5570 Zett
1618 5520 1710 5584 pailet
1729 5523 1771 5583 ist,
1789 5538 1835 5571 nm
1851 5524 1894 5575 dne

406 5590 566 5657 Varfniaune
578 5591 621 5641 aa
632 5590 706 5641 nant
718 5589 787 5643 thes
797 5590 855 5640 dem
864 5591 979 5640 Amator
985 5588 1138 5656 madalicln
1148 5588 1256 5654 papaten
1268 5588 1417 5639 erachinen
1426 5606 1461 5639 za
1472 5589 1572 5653 laeam
1588 5590 1657 5641 ancli
1666 5592 1708 5643 aa
1717 5592 1894 5661 Einaraeunp

195 5676 225 5717 et
401 5661 450 5713 der
467 5662 524 5725 auf
539 5662 632 5713 Bastar·
649 5661 786 5713 aenean
806 5660 893 5712 Worle
911 5664 939 5711 et
957 5658 1154 5726 perpetualiter
1179 5660 1274 5711 mente
1298 5660 1355 5710 dem
1373 5659 1488 5725 pennen
1506 5661 1612 5713 Zweclee
1636 5662 1738 5728 diener,
1763 5681 1838 5716 wenn
1856 5668 1895 5718 aia

402 5740 468 5785 attae
495 5732 567 5785 nntltt
593 5748 642 5785 aon
666 5733 715 5784 der
739 5738 824 5784 eram
849 5731 933 5782 Hand
960 5731 1115 5781 berctren
1146 5731 1220 5782 sollte
1320 5733 1345 5797 c)
1369 5731 1496 5783 dabinter
1521 5733 1607 5785 kleine
1632 5732 1740 5795 Raanrt
1766 5737 1894 5790 aalma

403 5804 522 5873 nandp
594 5801 841 5870 d)ooorr.ansi
913 5804 939 5869 e)
961 5817 1172 5856 neormam

310 5926 513 5970 temnendae
526 5929 569 5973 111.
1630 5918 1664 5968 76
