4804 6498
844 409 1082 468 HEINRICH
1104 409 1142 465 11.
1185 406 1282 465 1006.

342 597 360 689 ξ
383 598 520 686 Signum
544 598 654 664 domui
677 598 827 663 Heinrioi
851 597 987 663 secundi
1010 603 1075 678 (M.)
1098 596 1323 683 gloriosissimi
1345 596 1442 680 regis.
1466 591 1484 683 ᾗ

342 739 493 831 {Brimo
517 741 730 806 cancellarius
753 740 796 804 ad
818 742 925 805 vicem
948 738 1115 826 Vuilligisi
1137 738 1375 824 archiepiscopi
1399 738 1586 823 recognovi.
1609 734 1627 826 ᾗ
1717 744 1773 815 (SI.
1800 744 1842 816 2.)

342 885 430 949 Dsts
460 883 731 948 V1.non.msr.¹
764 906 849 948 anno
880 882 1063 947 dominicae
1093 881 1326 946 incarnationis
1356 894 1434 960 MVI,
1465 878 1644 944 indictione
1674 893 1740 960 1111,
1771 890 1887 944 annom

235 1014 315 1057 vero
339 991 450 1056 domni
472 991 621 1055 Heinrioi
644 989 779 1055 secundi
804 990 891 1076 regis
914 990 1103 1075 regnantis¹¹
1126 1002 1199 1069 [1113
1231 998 1340 1052 sctum
1362 985 1566 1072 Merseburg.

204 1345 218 1385 s
460 1286 463 1291 ’
1022 1287 1109 1375 108.

238 1453 415 1528 Heinrich
441 1454 607 1553 bestitipt
631 1453 710 1526 dem
736 1452 902 1526 Bistbom.
928 1450 1068 1525 Verden
1095 1450 1154 1524 die
1179 1448 1404 1522 Immuoitci't.

1468 1595 1559 1655 Frose
1581 1597 1661 1657 1006
1682 1595 1770 1655 Muri
1793 1598 1841 1656 12.

347 1760 590 1836 Oripinoldiplom
613 1760 654 1818 iss
675 1760 704 1819 lc.
730 1758 930 1818 Stootsurcbiv
952 1777 988 1817 zu
1010 1757 1169 1816 Hannooer
1193 1756 1264 1823 (A).

346 1892 453 1952 Oronte
475 1893 599 1967 Metrop.
625 1894 663 1952 99
690 1893 738 1960 cit,
769 1922 813 1930 -
843 1892 1014 1968 Hodeoberp
1038 1890 1179 1950 Verdeoer
1204 1889 1476 1964 Gucbubtsquelleo
1499 1892 1530 1960 2,
1553 1890 1888 1950 2210611014.-

192 2021 219 2059 ro
344 1999 468 2074 Stumpf
485 2000 556 2075 sep.
583 2000 669 2058 1418.

348 2134 540 2193 Uoms'ttelbor
561 2135 634 2192 occis
656 2132 725 2192 Do,
750 2132 797 2191 II.
822 2133 879 2191 113
901 2132 1079 2207 sucirensi
1099 2150 1155 2190 voa
1177 2130 1246 2189 ΕΒ.

345 2309 403 2382 (Ο.)
426 2300 443 2391 ξ
466 2302 505 2366 In
528 2302 659 2366 nomine
683 2314 815 2366 sanctae
839 2312 871 2364 et
894 2299 1084 2364 individuae
1107 2299 1270 2364 trinitatis.
1323 2298 1500 2363 Heinricus
1529 2298 1641 2363 divino
1669 2299 1800 2364 fovente
1824 2300 1888 2364 cle·

238 2411 361 2475 mentia
382 2431 452 2474 rex.
559 2423 588 2473 Si
602 2424 774 2474 sacerdotum
791 2437 985 2486 servorumque
1002 2421 1047 2471 dei
1063 2421 1149 2471 iustus
1167 2426 1195 2470 et
1210 2418 1388 2471 rationabiles
1404 2420 1552 2486 petitiones
1570 2419 1605 2469 sd
1622 2426 1745 2486 optatum
1762 2421 1888 2472 effectum

238 2530 420 2596 perducimus,
439 2546 494 2583 non
513 2529 602 2581 solum
621 2514 764 2601 regalem
782 2544 942 2579 exercemus
958 2521 972 2594 Ε
988 2527 1223 2587 consuetudinem,
1241 2528 1290 2578 sed
1310 2528 1392 2577 etiam
1412 2527 1523 2578 eosdem
1541 2543 1591 2594 pro
1609 2530 1711 2579 nostris
1731 2530 1888 2580 excessibus

193 2651 220 2691 1⁶
239 2639 340 2690 domini
359 2639 572 2688 misericordiam
591 2636 743 2687 exorandos
763 2637 918 2686 devotiores
935 2636 1171 2702 promptioresque
1185 2634 1300 2685 fecimus
1317 2650 1350 2684 ac
1364 2650 1414 2700 per
1430 2634 1481 2684 hoc
1498 2636 1647 2685 inmensam
1665 2635 1768 2686 domiui
1784 2638 1887 2687 miseri-

239 2745 359 2796 cordiam
378 2743 488 2795 facilius
507 2745 586 2794 nobis
604 2742 843 2794 conciliandsm⁸
862 2758 922 2793 esse
942 2741 1110 2793 confidimus.
1146 2742 1254 2792 Idcirco
1273 2742 1383 2792 noverit
1400 2742 1522 2791 omnium
1540 2748 1653 2793 ssuctse
1672 2744 1716 2794 dei
1736 2742 1888 2795 aecclesiae

238 2858 447 2916 nostrorumque
465 2848 585 2901 fidelium
604 2858 659 2899 tam
678 2850 860 2916 praesentium
884 2864 965 2913 quam
991 2855 1019 2899 et
1041 2849 1195 2899 futurorum
1220 2848 1367 2912 sagacitas,
1394 2849 1459 2913 quis
1482 2834 1700 2899 Berenharius
1723 2850 1888 2903 venerabilis

239 2959 382 3024 episcopus
401 2964 520 3008 nostram
540 2956 634 3006 adiens
654 2955 843 3006 celsitudinem
862 2953 1022 3021 postulavit,
1040 2961 1072 3005 ut
1090 2954 1252 3005 aecclesiam
1271 2956 1404 3020 episcopii
1423 2957 1465 3006 sui
1484 2957 1564 3006 sitam
1582 2957 1612 3006 in
1629 2973 1703 3023 pago
1723 2959 1769 3022 qui
1789 2959 1890 3010 dicitur

238 3066 348 3123 Sturmi,
372 3070 555 3114 constructum
574 3064 602 3112 in
622 3061 683 3112 loco
704 3064 750 3127 qui
768 3070 885 3113 vocatur
903 3062 1023 3113 Fordiun
1047 3077 1130 3127 super
1154 3062 1267 3112 fluvium
1285 3060 1369 3113 Alere
1394 3062 1568 3127 dicatumque
1593 3065 1622 3114 in
1646 3064 1750 3115 honore
1775 3072 1889 3117 sunctae

193 3185 221 3223 so
238 3172 282 3223 dei
301 3171 441 3236 genitricis
460 3170 564 3220 Mariae
585 3176 613 3220 et
630 3169 719 3219 sancti
737 3169 862 3219 Andreae
882 3167 999 3235 apostoli
1019 3176 1047 3219 et
1070 3170 1196 3233 martyris
1215 3168 1315 3219 Christi
1334 3185 1395 3220 cum
1414 3170 1495 3221 rebus
1521 3170 1646 3222 omuibus
1671 3170 1715 3222 vel
1735 3173 1889 3225 hominibus

238 3278 273 3328 sd
298 3295 327 3328 se
352 3278 551 3343 pertinentibus
576 3278 627 3327 sub
653 3284 746 3327 nostro
772 3271 949 3327 munimimeb
976 3284 1003 3326 et
1028 3277 1187 3326 defensione
1213 3270 1388 3339 consistlerle
1414 3277 1586 3337 fecissemus,
1617 3273 1770 3343 qualti]nus
1796 3287 1890 3331 nostru

238 3386 403 3435 auctoritate
429 3385 463 3434 sb
492 3378 704 3448 [iluquietudine
733 3384 893 3432 iudiciariae
921 3377 1092 3448 pot[e]ststis
1121 3383 1216 3434 eudem
1244 3378 1404 3446 a[ecc]lesia
1432 3399 1493 3434 cum
1522 3385 1648 3436 omnibus
1675 3387 1728 3436 sibi
1756 3387 1889 3438 subiectis

238 3493 343 3542 munita
362 3497 390 3541 et
408 3491 520 3541 detensa
537 3491 641 3540 inisset.
673 3488 758 3539 Cuius
775 3490 902 3555 petitioni
917 3490 1096 3540 assentientes
1112 3490 1165 3539 hoc
1183 3496 1292 3540 nostroe
1308 3491 1480 3541 auctoritatis
1497 3499 1675 3556 praeceptum
1693 3509 1758 3559 erga
1775 3495 1888 3545 eandem

239 3598 383 3667 ecclesiam
400 3606 482 3662 atque
500 3598 669 3663 episcopium
685 3597 863 3646 immunitutis
880 3602 963 3662 atque
979 3597 1105 3647 tuitionis
1121 3598 1211 3661 gratio
1226 3613 1275 3662 pro
1292 3597 1378 3647 divini
1395 3596 1487 3648 cultus
1504 3614 1597 3649 amore
1614 3604 1642 3649 et
1658 3601 1764 3651 enimse
1778 3609 1888 3653 nostrum

193 3705 358 3756 reremedio
377 3705 435 3756 fieri
455 3704 633 3763 decrevimus,
659 3719 708 3768 per
727 3703 800 3768 quod
819 3704 1001 3769 praecipimus
1020 3709 1103 3768 atque
1121 3704 1253 3765 iubemus,
1280 3712 1311 3754 ut
1329 3703 1420 3754 nullus
1440 3705 1522 3756 iudex
1548 3704 1676 3771 publicus
1694 3705 1738 3758 vel
1760 3707 1888 3772 quislibet

239 3829 272 3862 ex
290 3813 437 3863 iudiciaria
454 3818 590 3876 potestate
609 3812 637 3860 in
657 3809 788 3879 ecclesius
807 3817 854 3859 aut
874 3808 936 3861 locs
953 3808 998 3860 vel
1017 3826 1099 3875 egros
1118 3826 1167 3861 seu
1184 3809 1303 3875 reliques
1320 3814 1515 3877 possessiones,
1535 3829 1602 3877 quus
1618 3813 1749 3865 moderno
1766 3821 1888 3881 tempore

238 3922 267 3969 iu
286 3918 453 3985 quibuslibet
472 3920 550 3984 pagis
569 3917 614 3968 vel
633 3918 775 3968 territoriis
795 3917 865 3967 infra
891 3912 1085 3980 dlilctiouemb
1102 3905 1195 3988 regni
1213 3920 1298 3969 nostri
1326 3920 1398 3969 iuste
1427 3927 1455 3970 et
1483 3918 1608 3985 legaliter
1635 3929 1785 3974 memorata
1813 3932 1888 3976 tenet

238 4024 281 4076 vel
301 4027 423 4092 possidet
437 4024 563 4095 ecclesia,
584 4024 626 4075 vei
648 4041 688 4083 eu,
708 4041 760 4093 que
780 4024 910 4090 deinceps
929 4025 957 4073 in
975 4025 1034 4074 iure
1055 4025 1177 4075 eiusdem
1196 4024 1349 4077 aecclesiae
1368 4026 1489 4078 voluerit
1508 4029 1602 4079 divina
1619 4031 1708 4096 pietas
1729 4033 1833 4096 augeri,
1852 4035 1888 4084 ad

240 4150 336 4183 causes
355 4134 499 4184 iudiciario
518 4148 593 4183 mors
612 4131 763 4182 audiendas
782 4138 830 4181 sut
856 4132 1009 4182 mansiones
1032 4130 1075 4181 vel
1102 4138 1212 4197 paratus
1238 4133 1377 4185 faciendas
1403 4141 1452 4184 aut
1477 4134 1650 4187 fideiussores
1676 4135 1814 4189 tollendos
1841 4149 1888 4191 sut

194 4248 221 4288 su
239 4241 360 4292 homines
378 4240 501 4291 eiusdem
521 4239 654 4303 ecciesiae
674 4244 729 4288 tam
747 4240 882 4303 ingenuos
902 4237 971 4288 letos
990 4254 1073 4303 quam
1097 4255 1191 4290 servos
1209 4257 1292 4306 super
1310 4236 1432 4304 te[r]rs1n
1452 4244 1536 4309 ipsius
1556 4252 1758 4296 commanentes
1778 4246 1886 4298 distrin-

238 4350 342 4413 gendos
359 4364 411 4399 nec
429 4346 500 4399 ullas
519 4348 701 4398 redibicionss
721 4354 770 4397 aut
787 4344 899 4396 illicitas
919 4346 1078 4398 occasiones
1097 4347 1273 4411 requirendus
1290 4349 1389 4399 nostris
1406 4366 1457 4399 nec
1475 4351 1573 4401 futuris
1592 4353 1761 4418 temporibus
1780 4354 1887 4419 ingredi

239 4456 339 4507 audeat
357 4471 407 4505 nec
427 4472 469 4513 ea,
488 4470 558 4519 quse
577 4470 660 4519 suprs
677 4460 826 4504 memorata
844 4458 916 4511 sunt,
935 4454 1044 4518 penitus
1064 4455 1173 4518 exigere
1193 4462 1357 4518 praesumat.
1401 4456 1455 4507 Sed
1482 4455 1564 4508 liceat
1589 4466 1739 4510 memorato
1766 4461 1888 4527 praesuli

239 4579 282 4613 res
301 4563 438 4628 praedicte
458 4561 591 4633 ecciesiae
610 4578 675 4611 suas
695 4576 756 4610 cunr
777 4562 903 4610 omnibus
922 4561 974 4610 sibi
993 4561 1125 4610 subiectis
1151 4570 1178 4611 et
1197 4562 1278 4611 rebus
1297 4561 1341 4613 vel
1361 4562 1516 4614 bominibus
1543 4565 1577 4614 sd
1603 4582 1632 4616 se
1652 4565 1886 4632 asspicientibusb

239 4668 283 4719 vel
301 4670 501 4735 pertinentibus
520 4670 570 4719 sub
588 4669 713 4719 tuitionis
732 4674 813 4732 etque
831 4668 1008 4718 immunitatis
1026 4673 1135 4718 nostrae
1153 4668 1321 4729 defensione,
1340 4676 1444 4721 remoto
1461 4671 1547 4721 totius
1564 4672 1725 4724 iudiciariae
1742 4678 1887 4740 potestatis

194 4787 221 4827 so
239 4774 282 4826 vel
302 4775 416 4827 alterius
434 4775 581 4827 cuiuslibet
600 4774 701 4825 ordinis
721 4774 918 4839 inquietudine,
945 4774 1039 4839 quieto
1060 4775 1156 4826 ordine
1174 4775 1315 4840 possidere
1342 4783 1370 4826 et
1388 4782 1482 4829 nostro
1508 4777 1626 4830 fideliter
1650 4796 1746 4846 parere
1772 4783 1886 4848 imperio

240 4892 322 4950 etque
339 4899 390 4950 pro
412 4880 523 4933 nostra
546 4891 729 4946 nostraeque
749 4882 875 4946 coniugis
891 4880 1078 4933 incolomitate
1095 4897 1144 4931 seu
1161 4882 1245 4932 etism
1263 4883 1348 4931 totius
1368 4870 1461 4954 regni
1485 4901 1502 4933 s
1526 4884 1579 4935 deo
1604 4886 1683 4937 uobis
1710 4885 1805 4939 colluti
1832 4905 1888 4941 uua

240 5008 301 5041 cum
320 4990 393 5042 clero
412 4992 464 5041 sibi
483 4992 606 5041 subiecto
624 4991 776 5040 inmensam
795 4988 840 5039 dei
864 4987 1035 5039 clementiam
1060 4990 1162 5054 iugiter
1186 5004 1308 5040 exorare.
1352 4990 1388 5039 Et
1414 4996 1445 5040 ut
1469 4992 1537 5042 haec
1563 4998 1657 5043 nostra
1682 4997 1833 5046 auctoritas
1858 5000 1888 5048 in

240 5099 283 5149 dei
302 5100 411 5151 nomine
429 5097 581 5164 pleniorem
600 5098 723 5163 optineat
741 5097 863 5162 vigorem
890 5102 918 5146 et
936 5112 953 5145 a
970 5094 1094 5146 fidelibus
1113 5101 1225 5146 sanctae
1248 5095 1292 5145 dei
1312 5095 1447 5167 ecclesiae
1466 5101 1623 5164 nostrisque
1642 5103 1734 5151 verius
1759 5102 1888 5155 credatur

240 5212 268 5264 et
286 5204 444 5271 diligentius
464 5214 650 5265 conservetur,
676 5220 756 5255 manu
774 5206 886 5270 propris
903 5204 998 5254 subter
1016 5219 1076 5254 eam
1094 5202 1259 5253 firmavimus
1280 5210 1307 5253 et
1330 5188 1428 5275 sigilli
1450 5206 1536 5255 nostri
1559 5207 1729 5272 inpressione
1753 5211 1888 5275 assignari

194 5322 222 5360 so
239 5314 374 5367 iussimus.

312 5466 375 5522 107.
400 5468 420 5535 1)
442 5475 480 5521 vi
495 5469 521 5521 1'1.
541 5468 607 5522 misr.
629 5468 685 5532 auf
699 5468 793 5520 Ram
817 5482 867 5518 corr
884 5466 944 5532 ΕΒ,
968 5467 1027 5518 dem
1044 5464 1182 5517 Scbrss’ber
1205 5465 1254 5517 der
1271 5464 1445 5535 Dotumeile,
1470 5468 1667 5536 nabutte-apes
1756 5474 1795 5537 m)
1823 5477 1888 5524 stctt

398 5555 470 5617 anno
482 5541 562 5592 cuod
579 5539 772 5605 urspranpls'cb
783 5538 850 5590 nocis
868 5538 968 5590 eissmol
978 5535 1073 5602 indici,
1091 5538 1142 5590 das
1153 5536 1404 5613 meib-goradus
1416 5540 1495 5592 thella
1506 5542 1678 5609 usspemssbt
1690 5543 1726 5595 s'at
1771 5546 1800 5609 n)
1815 5543 1890 5612 regis

398 5629 455 5681 reg.
473 5614 508 5678 A,
526 5612 616 5663 ehem
634 5613 664 5663 irs
681 5611 743 5664 DD.
762 5612 822 5664 108.
841 5612 906 5677 1093
924 5610 968 5661 ds‘s
985 5610 1136 5675 Auflosuop
1154 5624 1203 5661 son
1221 5626 1271 5681 reg
1290 5612 1324 5663 t'st
1342 5611 1414 5663 neu
1432 5612 1526 5667 sicher.

311 5699 374 5756 108.
399 5699 545 5770 [Bresslau]
594 5704 620 5765 a)
641 5697 840 5752 conciliandum
862 5698 936 5765 VU.;
955 5697 1056 5751 obwobl
1071 5700 1100 5750 s’n
1118 5698 1175 5753 Do,
1194 5699 1218 5754 Ι.
1237 5702 1291 5752 297
1309 5698 1509 5753 conciliandam
1527 5702 1601 5767 subt,
1621 5704 1657 5754 ist
1674 5702 1740 5755 deols
1758 5701 1832 5754 srblst
1851 5720 1890 5757 aa

193 5783 221 5823 ss
399 5773 556 5839 Bsssutzm
574 5773 657 5824 dieses
674 5772 709 5824 D.
726 5787 762 5823 zu
780 5770 895 5837 ἀήτω
921 5769 974 5821 ΕΒ
990 5770 1039 5823 lust
1056 5771 1106 5822 den
1124 5770 1222 5823 Fsbler
1238 5773 1287 5825 der
1308 5771 1368 5825 VU.
1387 5771 1548 5839 &modic
1565 5773 1704 5841 eremias
1776 5773 1807 5842 b)
1826 5778 1853 5827 A
