4836 6504
515 381 581 442 224
1116 385 1578 443 KAISERURKUNDEN.

620 573 661 636 In
684 573 817 636 nomine
841 581 974 635 sanctae
1006 582 1038 634 ct
1069 570 1259 634 individuae
1288 571 1450 635 trinitatis.
1497 571 1674 635 Heinricus
1705 561 1818 634 divina
1840 571 1971 634 favente
1996 569 2169 633 clementia

485 703 582 747 [rex.
687 695 815 744 Omnium
841 692 964 741 fidelium
992 698 1147 743 nostrorum
1176 700 1231 742 tam
1260 693 1467 757 praesentium⁸
1498 708 1579 757 quam
1608 698 1635 741 et
1662 693 1816 742 futurorum
1846 700 1996 757 cognoscat
2024 692 2167 750 industria,

514 801 633 866 qualiter
648 813 665 843 s
678 787 872 851 Thledl'ieus
887 801 1034 865 episcopus
1051 813 1068 844 s
1083 796 1215 849 sanetae
1228 784 1453 849 Mindonensls
1468 799 1620 849 aecclesiae
1633 801 1661 848 in
1675 800 1777 849 bonore
1791 800 1877 848 semoti
1892 800 1966 849 Petri
1980 798 2167 864 apostolerum

514 910 646 974 principis
666 913 841 958 constructae
867 909 897 956 in
920 914 1042 957 nostram
1068 905 1161 956 attulit
1187 906 1370 970 praesentiam
1397 907 1607 970 piissimorum
1624 919 1642 951 s
1663 912 1869 956 antecessorum
1893 914 2047 956 nostrorum
2073 922 2167 971 regum

514 1015 557 1064 vel
585 1016 781 1080 imperatorum
801 1026 818 1057 r
844 1016 958 1080 scripta,
983 1015 1012 1063 in
1038 1014 1138 1077 quibus
1166 1008 1405 1071 continebanturl),
1432 1012 1551 1076 qualiter
1576 1014 1664 1078 ipsius
1690 1014 1830 1078 praefatae
1857 1011 2009 1063 aecclesiae
2036 1029 2079 1062 res
2105 1028 2166 1062 cum
2190 1025 2204 1064 o

513 1122 640 1173 omnibus
659 1123 687 1170 in
707 1122 774 1187 ipsis
791 1122 873 1171 rebus
892 1120 1106 1171 consistentibus
1123 1120 1174 1169 sub
1190 1116 1300 1168 illorum
1317 1126 1480 1184 receperunt
1497 1120 1689 1171 mundiburdio
1709 1128 1748 1169 ae
1765 1105 1964 1187 defensione,
1983 1126 2166 1184 precatusque

514 1236 555 1278 cst
574 1230 749 1278 serenitatem
768 1234 898 1287 nostram,
924 1236 955 1277 ut
973 1228 1026 1278 hec
1045 1228 1134 1291 ipsum
1153 1242 1169 1276 a
1187 1233 1297 1275 nostrae
1324 1212 1444 1297 regulis
1470 1228 1615 1291 potestatis
1642 1242 1778 1276 consensu
1803 1227 1862 1276 fieri
1887 1242 1943 1277 nou
1969 1242 2166 1276 recusaremus.

514 1336 570 1385 Nes
598 1342 690 1384 autem
724 1336 759 1384 ob
796 1350 915 1384 amorem
948 1335 993 1383 dei
1028 1340 1212 1397 nostraeque
1240 1334 1347 1383 animas
1373 1335 1523 1383 remedium
1548 1350 1599 1383 nec
1625 1350 1680 1384 nou
1702 1347 1719 1377 a
1747 1350 1797 1399 pro
1823 1328 1990 1398 regnorumb
2015 1332 2166 1383 stabilitate

512 1426 802 1514 praedeeessorum
826 1442 1010 1491 nostrorum
1034 1456 1122 1491 mores
1148 1446 1294 1503 sequentes
1319 1446 1347 1490 et
1366 1441 1444 1489 eiusc
1466 1441 1630 1504 benignitati
1649 1442 1831 1491 assentientes
1850 1442 1890 1490 ita
1908 1440 1966 1490 lieri
1986 1442 2165 1499 decrevimus,

513 1550 713 1614 praecipientes
737 1535 846 1619 erg0⁶‚
874 1554 904 1597 ut
929 1546 1023 1597 nullus
1048 1547 1132 1596 iudex
1156 1545 1284 1612 publicus
1308 1545 1351 1596 vel
1378 1546 1510 1611 quislibet
1529 1565 1562 1596 ex
1582 1547 1728 1597 iudiciaria
1746 1555 1882 1613 potestate
1902 1549 1929 1596 in
1949 1546 2098 1597 aecclesias
2118 1556 2166 1596 sut
2185 1558 2212 1596 ιο

514 1654 576 1704 loca
595 1654 638 1705 vel
659 1672 739 1720 agros
758 1671 807 1705 seu
827 1654 947 1719 reliquas
967 1655 1154 1720 possessiones
1173 1655 1227 1703 iam
1246 1653 1338 1703 dictae
1357 1653 1519 1712 aecclesiae,
1545 1671 1613 1718 quas
1639 1670 1711 1703 nunc
1737 1655 1807 1704 infra
1833 1655 1964 1704 ditionem
1984 1656 2060 1719 regni
2079 1657 2165 1706 nostri

514 1761 621 1825 legibus
648 1762 809 1828 possidet<³
829 1761 872 1811 vel
893 1777 964 1825 quae
984 1762 1114 1826 deinceps
1134 1762 1163 1811 in
1181 1755 1263 1810 iurab
1282 1762 1341 1810 eius
1361 1761 1454 1810 divina
1473 1762 1561 1825 pietas
1580 1760 1700 1810 voluerit
1718 1762 1822 1825 angeri,
1843 1763 1877 1810 ad
1897 1777 1994 1810 causas
2013 1762 2164 1811 audiendas

512 1867 556 1918 vel
575 1869 652 1918 freda
677 1870 811 1933 exigenda
837 1869 992 1919 mansiones
1018 1866 1061 1917 vel
1089 1862 1225 1932 paradass
1251 1867 1392 1917 faciendas
1418 1873 1466 1916 aut
1491 1867 1664 1917 fideiussores
1690 1866 1829 1917 tollendos
1856 1874 1904 1917 aut
1929 1869 2053 1920 homiues
2078 1871 2164 1934 ipsius

512 1973 665 2025 aecclesiae
685 1962 833 2025 Francos
856 1960 976 2025 llberos
1000 1972 1033 2024 el
1056 1961 1316 2025 aecclesiasticos
1341 1973 1439 2024 litones
1463 1960 1627 2023 mealman
1652 1973 1695 2024 vel
1716 1990 1810 2025 servos
1830 1975 1980 2025 cuiuslibet
1999 1976 2165 2026 conditionis

512 2090 570 2132 seu
589 2068 721 2132 colonos
741 2069 1023 2133 contradictionem
1041 2083 1242 2146 distringendos
1260 2098 1310 2131 nec
1328 2079 1398 2131 ullas
1415 2081 1593 2131 redibitiones
1609 2080 1653 2129 vel
1671 2080 1791 2131 inlicitas
1810 2084 1970 2132 occasiones
1988 2083 2165 2146 requirendas
2184 2093 2212 2132 ut

513 2186 570 2239 ullo
591 2205 719 2253 umquam
739 2196 861 2254 tempore
881 2190 987 2253 ingredi
1013 2189 1115 2238 audeat
1140 2185 1196 2238 aul
1217 2172 1361 2237 bannum
1386 2174 1455 2236 sive
1480 2172 1695 2237 heribannum
1719 2196 1777 2237 seu
1801 2204 1833 2237 ca
1859 2204 1930 2252 quae
1955 2205 2039 2253 supra
2065 2206 2164 2239 memo·

513 2301 572 2345 rata
594 2302 657 2344 sunt
682 2280 724 2344 ab
749 2280 812 2344 illis
838 2297 949 2361 penitus
975 2297 1086 2360 exigere
1114 2301 1280 2361 praesumat.
1324 2295 1488 2345 Hominibus
1514 2311 1624 2359 quoquo
1649 2295 1810 2346 famulatum
1836 2297 1959 2346 eiusdem
1984 2283 2164 2351 aecclesiae

511 2402 677 2452 facientibus
696 2404 867 2467 praedictum
885 2403 1108 2454 mundiburdium
1125 2414 1142 2445 s
1165 2404 1365 2462 constituimus,
1384 2407 1416 2451 ut
1435 2404 1522 2453 eciam
1541 2418 1633 2452 eoram
1649 2401 1726 2452 nulla
1745 2404 1888 2453 iudiciaria
1908 2410 2043 2469 potestate
2064 2406 2164 2454 exami-

511 2515 617 2569 nentur,
644 2511 695 2559 nisi
715 2526 808 2560 ceram
828 2512 959 2575 episcopo
979 2518 1006 2559 et
1025 2511 1194 2559 advocatis
1221 2497 1301 2576 elus,
1329 2525 1417 2573 quos
1444 2508 1566 2558 eiusdem
1594 2507 1647 2558 loci
1668 2511 1814 2575 episeopus
1840 2505 1977 2574 eligeritf.
2025 2497 2165 2582 Insuper

469 2629 492 2667 11
512 2604 610 2666 etium
629 2617 749 2665 bannum
768 2622 890 2667 nostrum
910 2623 938 2667 et
957 2623 1092 2668 monetam
1111 2616 1327 2681 teloneumque
1351 2603 1420 2665 sive
1445 2615 1590 2666 macellum
1615 2615 1755 2681 publicum
1783 2617 1821 2665 ibi
1851 2619 1972 2667 construi
2004 2616 2106 2667 licere
2137 2626 2165 2667 et
2182 2626 2211 2665 ae

482 2724 644 2787 lquicquid
659 2736 676 2767 s
698 2724 732 2772 ad
751 2732 871 2774 nostram
891 2730 1056 2790 potestatem
1076 2726 1211 2789 pertinere
1230 2724 1385 2781 videbatur,
1409 2708 1517 2772 eidem
1541 2722 1695 2773 aecclesiae
1721 2724 1890 2773 donavimus.
1934 2725 2072 2789 Quicquid
2097 2742 2163 2776 vero

511 2830 591 2879 fiscus
612 2830 709 2880 exinde
729 2847 839 2895 sperare
859 2833 989 2896 potuerit,
1009 2847 1058 2897 pro
1078 2837 1191 2881 aeterna
1209 2832 1429 2880 remuneratione
1449 2832 1607 2895 praedictae
1630 2829 1783 2879 aecclesiae
1803 2832 1837 2881 ad
1856 2833 1994 2896 stipendia
2012 2848 2164 2897 pauperum

511 2942 539 2985 et
558 2936 703 2986 luminaria
722 2939 913 2987 concinnanda
932 2939 1127 2988 concessimus.
1170 2938 1205 2986 Et
1225 2932 1293 3002 perl
1312 2953 1342 2986 se
1362 2938 1509 3002 episeopus
1528 2952 1590 2986 crim
1610 2938 1735 2987 omnibus
1756 2938 1837 2987 rebus
1856 2939 1913 2987 suis
1932 2944 2027 2989 nostro
2046 2937 2164 2988 fideliter
2199 2916 2203 2921 .

510 3049 606 3106 pareat
624 3044 740 3107 imperio
761 3050 788 3092 et
807 3045 857 3094 sub
877 3050 972 3094 nostra
992 3050 1099 3093 constet
1118 3044 1276 3093 defensioue
1297 3045 1336 3093 uti
1356 3049 1483 3093 caeterae
1497 3060 1642 3107 regnorum
1655 3050 1809 3093 nostrorum
1823 3043 1976 3095 aecclesiae
1990 3054 2017 3095 et
2030 3047 2162 3111 episcopi,

511 3156 647 3212 quatenus
666 3150 756 3213 ipsum
774 3150 928 3213 fratresque
948 3151 1070 3200 eiusdem
1091 3148 1145 3199 loci
1165 3165 1214 3213 pro
1234 3150 1314 3199 nobis
1333 3151 1472 3199 dominum
1491 3149 1589 3199 melius
1608 3148 1641 3200 et
1659 3152 1761 3215 iugiter
1777 3163 1793 3193 e
1816 3168 1893 3201 orare
1920 3152 2046 3202 delectet.
2091 3151 2161 3202 Con·
2181 3163 2210 3202 su

511 3256 642 3304 cessimus
662 3264 791 3328 queque
813 3258 917 3306 eisdem
935 3257 1065 3307 fratribus
1086 3256 1224 3306 licentiam
1243 3255 1363 3320 eligendi
1382 3257 1454 3305 inter
1472 3272 1501 3305 sc
1521 3265 1657 3321 pastorem
1677 3243 1811 3327 dignuin
1833 3256 1865 3307 el
1886 3244 2049 3327 idoneum,
2072 3244 2162 3308 salvo

510 3358 617 3410 tunlen
638 3350 725 3432 regis
746 3350 815 3412 slve
835 3350 1040 3435 imperatoris
1060 3371 1230 3412 consensu.
1267 3362 1303 3411 ut
1322 3368 1353 3411 ut
1370 3363 1422 3411 bec
1442 3364 1527 3411 nostri
1547 3364 1731 3413 mundiburdii
1751 3372 1778 3414 et
1797 3366 1983 3415 concessionis
2004 3373 2163 3431 preceptum

510 3468 612 3517 lirnrius
638 3471 781 3533 magisque
808 3468 1001 3518 inconvulsum
1021 3470 1128 3518 cunctis
1149 3469 1285 3527 credatur,
1311 3469 1381 3519 hanc
1405 3477 1507 3518 cartam
1527 3470 1638 3519 inscribi
1658 3470 1786 3521 iussimus
1806 3456 1976 3542 sigilloque
1995 3480 2089 3522 nostro
2108 3474 2162 3537 sig-

511 3582 602 3625 natam
621 3593 702 3626 manu
722 3578 834 3642 proprie
852 3578 949 3626 subtus
967 3576 1142 3626 firmavimus.

617 3695 754 3781 Signum
778 3696 889 3759 domni
913 3696 1062 3759 Heinrici
1086 3696 1156 3783 (M.)
1180 3697 1267 3781 regis
1291 3696 1504 3760 invictissimi.

617 3836 817 3902 Guntherius
841 3838 1055 3902 cancellarius
1078 3840 1150 3903 vice
1174 3838 1340 3925 Unilligisi
1363 3838 1639 3924 archicappellani
1662 3841 1847 3924 recognovi.

615 3980 705 4044 Data
727 3995 793 4044 1111.
819 3980 862 4047 id.
886 3991 979 4044 mart.
1005 3981 1181 4044 indictione
1198 3995 1261 4061 VII,
1290 4003 1374 4044 anno
1407 3980 1590 4045 dominicae
1621 3983 1852 4045 incarnationis
1881 3982 2053 4046 millesimo
2069 3997 2161 4063 uun,

509 4109 594 4149 anno
619 4111 697 4151 vero
722 4087 831 4150 domni
852 4087 1001 4151 Heinrici
1026 4087 1160 4151 secundi
1185 4089 1372 4173 regnantisss
1389 4102 1455 4169 v113
1486 4100 1596 4155 actum
1614 4087 1846 4171 Drutrnarrni03
1878 4089 2017 4157 feliciter
2039 4090 2163 4153 censen.h

1288 4405 1376 4490 190.

511 4565 689 4638 Heinrich
715 4566 882 4666 bestc'r'tipt
906 4566 972 4639 cler
997 4565 1250 4663 bischbfliclren
1274 4566 1412 4639 Kirclte
1436 4593 1479 4639 za
1501 4564 1630 4665 Speier
1652 4567 1720 4641 das
1742 4567 1967 4642 Marltreclrt
1989 4595 2035 4642 zu
2058 4568 2161 4641 Mar-
2181 4600 2211 4640 ss

509 4684 600 4757 baele
617 4699 749 4758 suntmt
760 4685 882 4774 Bana,
901 4685 986 4758 Zoll
1000 4685 1081 4759 und
1097 4684 1326 4781 efferrtliclten
1340 4685 1499 4759 Rechten
1517 4686 1598 4760 und
1610 4700 1774 4786 pestuttet
1791 4687 1849 4759 ἰὴν
1863 4687 1922 4759 elie
1936 4687 2162 4787 Erriclztunp

509 4805 609 4876 einer
636 4804 768 4877 nisime
795 4804 959 4877 doseust.
1647 4833 1940 4893 1009Mar217—
1955 4832 2114 4907 nabars.

617 5009 685 5069 eoa.
711 5011 807 5070 artarer
829 5009 976 5084 Spirensis
999 5030 1052 5069 arcs
1074 5012 1137 5069 dean
1159 5010 1242 5068 Ende
1264 5011 1312 5069 cles
1336 5013 1382 5070 13.
1403 5012 1431 5070 J
1431 5011 1458 5070 a.
1481 5014 1505 5082 s.
1527 5013 1567 5068 47
1589 5012 1630 5069 im
1652 5012 1761 5086 pressi.
1780 5011 2103 5071 Generollondesurelriv
2125 5030 2161 5069 zu

614 5118 779 5176 Kartsrulre
803 5117 873 5184 (B).
898 5147 942 5155 —-
967 5116 1035 5176 eod.
1059 5118 1154 5176 maior
1177 5115 1323 5191 Sparenns
1345 5136 1398 5176 aas
1420 5119 1483 5175 dero
1507 5119 1553 5175 15.
1571 5117 1598 5178 J
1601 5117 1628 5176 a.
1649 5120 1680 5187 2,
1703 5119 1739 5176 31
1763 5118 1867 5177 elrenda
1893 5116 1956 5183 (C).

582 5303 643 5359 189.
669 5302 815 5373 [Bresslau]
860 5303 886 5367 a)
911 5303 976 5367 00¹,
1002 5303 1082 5355 (lorea
1102 5303 1299 5370 Ortbopropbie
1323 5306 1375 5354 wir
1399 5303 1497 5368 soloen,
1524 5303 1625 5355 oecon
1648 5306 1686 5355 im
1713 5304 1758 5357 Or.
1783 5304 1843 5355 ln'cr·
1866 5305 1924 5354 arrd
1949 5306 1985 5354 im
2011 5303 2160 5370 Folperdm
2178 5321 2208 5360 ιο

668 5375 924 5441 rechrscbeinliclrp
949 5375 1114 5441 partricem
1138 5391 1198 5425 war
1221 5375 1279 5425 und
1303 5376 1358 5426 dics
1382 5374 1451 5425 nael»
1476 5375 1533 5427 ‹km
1554 5375 1693 5426 Gebraroels
1718 5376 1763 5426 cies
1782 5375 1832 5426 EC
1847 5391 1895 5442 pre
1914 5376 2070 5439 cusmidem
2088 5380 2160 5427 were

667 5446 696 5513 b)
716 5448 760 5498 00
766 5447 776 5474 ¹
792 5472 821 5488 -
837 5446 895 5500 Vu.
910 5446 929 5495 I
986 5447 1011 5514 c)
1033 5445 1092 5498 001
1107 5471 1138 5488 =
1154 5446 1212 5499 VU.
1226 5446 1250 5510 I,
1269 5453 1335 5497 aaa
1353 5462 1457 5508 eorum,
1477 5449 1526 5496 wic
1544 5448 1571 5496 in
1591 5447 1672 5511 diripe
1690 5447 1738 5498 der
1757 5446 1970 5512 ior-anomale·
1983 5446 2160 5511 Amcdcbuap

668 5534 716 5569 cort
734 5519 783 5569 der·
798 5518 857 5571 Vu
877 5517 949 5567 liene
965 5516 1130 5581 pescluichen
1153 5517 1255 5567 werden
1278 5518 1362 5569 sellan
1439 5515 1467 5575 d)
1485 5518 1544 5568 00ι
1559 5542 1590 5559 =
1606 5517 1782 5578 D0.1.227,·
1805 5521 1833 5568 r'n
1851 5518 1935 5569 Vur
1952 5518 2013 5583 liept
2032 5518 2160 5568 riellelcltt

667 5605 723 5640 nur
740 5591 783 5640 ein
800 5589 930 5639 l'eraelien
948 5589 994 5640 des
1012 5590 1133 5654 Cepisten
1151 5603 1200 5639 eor
1277 5588 1303 5657 e)
1329 5588 1381 5647 C¹;
1406 5586 1527 5654 possidet
1548 5604 1618 5641 corr.
1638 5605 1689 5640 aas
1707 5587 1842 5656 possideat
1864 5590 1898 5647 0,·
1923 5587 2059 5655 possideat
2077 5588 2163 5642 Vul

667 5659 694 5726 f)
714 5661 814 5723 ema
832 5661 880 5711 der
900 5660 1075 5723 emerem,
1095 5660 1159 5709 uass
1177 5674 1206 5710 so
1223 5659 1273 5710 dus
1293 5660 1337 5712 Or.
1357 5660 1435 5723 habe)
1455 5660 1490 5711 0ι
1544 5662 1573 5726 g)
1591 5659 1668 5727 regni
1688 5660 1733 5712 CC
1741 5660 1757 5725 ¹,
1778 5660 1847 5711 scobi
1863 5659 1949 5711 durch
1967 5660 2068 5724 seleche
2085 5661 2159 5724 Auf-
2178 5677 2208 5715 ss

668 5732 763 5797 bruno
781 5748 830 5782 ven
848 5732 916 5800 regn
988 5729 1017 5797 b)
1035 5734 1091 5783 eine
1108 5730 1305 5795 Bcsclrrer'buop
1322 5731 1367 5781 des
1385 5730 1482 5795 Sicpels
1500 5731 1600 5795 (31.2)
1618 5733 1654 5783 ist
1671 5733 1701 5782 in
1720 5730 1895 5797 Cbeipcfrlyt.
