4800 6516
864 439 1101 497 HEINRICH
1123 443 1163 498 Π.
1204 441 1300 501 1003.

1011 624 1101 714 dil.

228 779 405 854 Heinrich
432 780 600 883 besttitt'pt
624 783 704 858 dem
731 785 878 860 Kioeter
903 787 1020 862 Essent
1055 789 1126 863 den
1151 788 1411 889 Kdniysscltetz
1445 788 1525 863 nnc
1550 788 1621 861 den
1647 787 1774 879 Besitz,
1808 788 1882 862 ins-

227 898 421 975 detondere
455 900 524 975 das
554 929 627 976 von
665 901 746 980 Orto
773 904 850 978 ΙΙΙ.
883 906 1092 1007 pesclietltte
1126 905 1202 984 Get
1226 907 1410 1009 Brit'pqen,
1441 908 1548 981 sowie
1580 906 1648 981 dos
1679 906 1884 982 Wntlreeltt

227 1019 308 1093 end
333 1019 392 1094 die
416 1019 642 1096 Immunitc‘t’t.

199 1225 212 1263 ὁ
340 1211 584 1287 Oricinoidiplom
606 1215 647 1273 im
669 1216 697 1274 it.
724 1214 924 1276 eminentie
945 1236 981 1277 zu
1003 1217 1186 1290 Dt't'sseldorf
1206 1213 1289 1285 (ΑΙ).

336 1355 435 1431 Liittt'p
457 1356 524 1415 ΒΑ.
549 1349 614 1428 18⁶,
637 1360 697 1417 329
720 1361 787 1418 n⁰7
808 1378 862 1419 aas
884 1360 1046 1432 assentiri.
1079 1392 1120 1399 -
1148 1361 1229 1436 Otip.
1256 1361 1355 1433 (iucif.
1379 1362 1409 1431 4,
1427 1362 1487 1419 453
1514 1378 1567 1419 ate
1591 1358 1759 1431 Cinneam
1790 1365 1883 1419 conw-

338 1464 455 1522 ntt'niert
476 1465 529 1522 mit
552 1463 592 1523 D.
609 1467 663 1523 39⁰
676 1466 745 1533 (G).
771 1496 812 1505 —
836 1468 1002 1528 Locomvblet
1023 1469 1224 1529 Niederrlteio.
1250 1468 1313 1527 UB.
1334 1469 1363 1537 i,
1381 1469 1422 1526 84
1446 1470 1477 1526 tt⁰
1493 1468 1552 1526 135
1574 1467 1665 1526 nee.
1689 1485 1743 1526 aas
1765 1461 1818 1525 A¹.
1842 1494 1886 1505 -

344 1570 446 1642 Westf.
464 1570 527 1630 ΠΒ.
552 1570 653 1646 Suppl.
670 1574 711 1631 96
734 1576 765 1631 rt⁰
780 1576 841 1633 592
862 1574 934 1649 Rep.
952 1604 995 1613 —
1012 1576 1139 1635 Bo'tmer
1157 1575 1230 1649 Rep.
1246 1576 1308 1634 928
1332 1576 1420 1641 (neci
1438 1574 1490 1641 G).
1508 1601 1552 1612 -
1568 1572 1692 1647 Stamps
1705 1573 1777 1647 Rep.
1795 1574 1884 1631 1347.

338 1713 602 1789 Nemusseiiprrtp
623 1733 678 1773 voit
696 1714 737 1774 D.
754 1718 818 1786 39⁶,
840 1718 1016 1792 percinebat
1039 1738 1094 1777 cort
1109 1719 1181 1788 EA,
1204 1723 1288 1777 ceter
1303 1718 1513 1791 Eittscit'cbttttp
1535 1717 1610 1775 eines
1625 1716 1771 1785 Zuscizes,
1794 1716 1885 1775 tieret

337 1822 391 1879 den
412 1821 459 1879 dic
481 1822 513 1879 t'rt
530 1820 762 1881 90111242
783 1824 847 1882 ἄρηι
864 1824 984 1884 Klesier
1006 1826 1156 1901 bertillipie
1176 1824 1343 1899 Scieuiietp
1364 1843 1419 1883 coa
1434 1824 1570 1898 Bmippen
1592 1824 1662 1882 noch
1685 1823 1887 1882 ausdricilt'clt

340 1928 471 2002 bestitipt
492 1928 577 1986 tcird.
622 1928 716 1987 Wann
739 1930 786 1988 die
806 1949 855 1988 um
877 1932 968 1990 dieses
990 1933 1125 1992 Zttsotres
1147 1933 1243 1991 triten
1265 1932 1387 2006 ascleto
1409 1931 1675 2004 Nannefeiipnnp
1697 1930 1813 2003 pepebett
1835 1929 1884 1999 iet,

339 2034 441 2092 ttiseen
462 2035 520 2092 wir
541 2035 637 2107 nicia
659 2053 712 2093 aas
734 2037 786 2094 der
803 2036 1011 2113 Beibelteltanp
1034 2041 1086 2098 tier
1105 2038 1200 2097 Doten
1224 2039 1276 2097 der
1296 2038 1357 2096 Vo'.
1382 2038 1461 2096 ioue
1484 2039 1544 2108 aas
1562 2037 1608 2095 die
1631 2037 1695 2094 Zeti
1717 2037 1797 2094 ihrer
1812 2036 1884 2095 Aus-

339 2142 459 2215 stelione
481 2141 559 2199 nicht
580 2142 754 2216 pertineant
775 2144 908 2217 socrdem
936 2164 993 2203 nur
1016 2147 1087 2205 lassi
1109 2147 1170 2204 sict
1193 2145 1362 2215 neminen,
1392 2145 1461 2203 dass
1483 2145 1525 2202 sie
1548 2163 1599 2202 cor
1621 2144 1711 2217 April
1734 2144 1813 2203 1004
1841 2161 1884 2217 pe-

340 2248 483 2306 scltrieben
504 2248 553 2317 iet,
576 2249 616 2307 dc
637 2248 693 2306 ΕΑ
716 2256 815 2323 sptiicr
836 2252 914 2310 triciti
936 2253 1017 2311 nteir
1038 2254 1084 2311 uls
1106 2252 1265 2326 inpressis
1287 2252 1483 2311 umitceisbor
1505 2252 1554 2309 ist.

191 2440 216 2479 tt
604 2428 666 2487 39⁰.

324 2530 381 2601 (C.)
404 2522 422 2613 ᾖ
442 2524 481 2587 ln
497 2525 627 2588 nomine
643 2536 776 2590 sanctae
794 2539 825 2590 et
842 2526 1032 2592 individuae

233 2632 397 2695 trinitatis.
477 2630 676 2695 Heinrichus
692 2632 805 2696 diuina
820 2633 951 2698 favente
969 2633 1032 2699 cle-

233 2738 355 2802 mentia
372 2760 442 2801 rex.
531 2751 598 2801 cnm
615 2768 632 2799 e
654 2753 682 2802 in
697 2766 714 2796 e
737 2755 826 2819 regin
844 2754 918 2826 post
934 2741 1032 2805 deum

234 2859 352 2925 pendeat
370 2867 450 2908 cura
468 2843 509 2907 de
529 2867 569 2908 ea
592 2868 677 2930 quae
701 2847 789 2933 apud
815 2860 960 2912 secutum
985 2860 1035 2912 est

189 2984 215 3022 20
232 2953 281 3015 rei
304 2950 455 3038 publicae
480 2951 629 3015 custodia
652 2954 773 3038 quasi⁸
800 2954 931 3019 fidelem
961 2977 1033 3043 pre·

232 3060 373 3146 positum
396 3060 431 3122 in
455 3058 525 3122 dies
549 3082 630 3123 cante
648 3089 664 3119 s
686 3074 820 3136 meditari,
844 3064 878 3126 in
897 3084 1035 3126 monaste·

233 3181 336 3230 riorum
364 3167 448 3230 iusto
475 3164 493 3255 ᾖ
521 3182 661 3245 regimine
684 3168 738 3232 vel
763 3192 874 3233 eorum
902 3170 1033 3255 penitus

234 3297 297 3363 que
322 3272 375 3337 dei
399 3286 473 3338 sunt
494 3274 666 3360 vigilantia
693 3286 821 3361 oportet
845 3276 1033 3362 diligentius

234 3381 346 3445 horam
371 3380 411 3444 de
435 3381 514 3445 hora
545 3405 639 3446 suum
663 3383 715 3447 cui
746 3384 817 3468 ipse
842 3382 955 3448 subest
977 3405 1033 3469 pa-

190 3518 217 3557 ee
234 3499 361 3552 tronum
392 3512 457 3552 non
486 3490 614 3552 retortis
644 3489 748 3553 oculis
779 3491 908 3554 intueri.
961 3506 1033 3566 Que-

234 3618 345 3676 propter
355 3597 498 3659 omnium
508 3606 641 3660 sanctae
652 3595 705 3659 dei
716 3597 897 3661 aecclesiae
910 3608 1033 3661 nostro·

234 3726 371 3789 rumque
394 3702 538 3767 fidelium
566 3726 702 3792 presens
726 3715 758 3768 et
781 3704 890 3767 futura
913 3726 1032 3789 cogno·

236 3821 306 3874 scat
335 3809 507 3893 industria,
534 3824 653 3890 qualiter
681 3810 861 3874 venerandi
893 3811 1034 3874 nominis

235 3918 401 4004 nostrique
426 3920 592 4003 sanguinis
616 3931 752 3982 Matthiid
771 3932 945 3982 Aetnidensis
966 3940 1033 3980 mo-

192 4053 218 4092 to
235 4025 369 4088 misterii
384 4018 536 4089 'abbatissa
562 4024 703 4113 quedam
734 4039 959 4108 predecessorum
985 4054 1033 4088 no-

236 4150 352 4195 strorum
379 4131 502 4216 regalia
529 4148 629 4197 nostris
649 4148 791 4197 obtutibus
812 4154 942 4212 precepta
960 4162 1034 4197 mon·

236 4254 341 4312 mevit,
357 4253 497 4317 inquens
517 4250 587 4303 erat
601 4241 769 4321 insertum,
789 4255 928 4319 quomodo
947 4239 1035 4304 idem

234 4357 366 4410 videlicet
378 4376 465 4424 reges
481 4376 498 4407 e
521 4362 664 4429 prefatum
677 4349 908 4411 monasterium
920 4349 954 4411 ln
968 4378 1035 4412 suae

236 4468 414 4518 immunitatis
433 4469 590 4518 tuitionem
611 4466 772 4540 perpetua
790 4478 864 4519 cum
888 4455 955 4518 suis
975 4486 1034 4535 per-

193 4590 219 4629 ro
235 4576 376 4625 tinentiis
396 4559 468 4647 lege
484 4561 641 4625 tuendum
657 4563 859 4647 susciperent
880 4574 913 4626 et
934 4579 1035 4628 teneti

237 4681 402 4732 monialibus
424 4667 471 4731 ibi
495 4666 619 4756 div[ino
648 4667 736 4733 cultu
766 4667 975 4757 malneipatis
998 4670 1035 4734 li·

238 4776 378 4839 centiam
402 4788 560 4854 eligendae
583 4798 643 4862 per
666 4777 890 4841 successiones
915 4792 1034 4842 abbatis·

236 4913 296 4947 see
319 4899 478 4967 preceptiva
497 4898 662 4948 auctoritate
680 4884 874 4966 conferrent,
895 4913 944 4964 pre
960 4901 1000 4949 rei
1017 4914 1033 4943 e

236 5004 364 5054 firmitate
392 5000 522 5067 [nostram
548 4989 725 5078 humillitel·
754 4992 900 5078 rogitans
923 5005 1035 5057 celsitu-

193 5124 220 5163 ιο
237 5112 337 5172 dinem,
357 5119 388 5162 ut
405 5128 455 5162 nos
469 5112 560 5162 denuo
579 5112 607 5161 id
624 5112 715 5177 ipsum
732 5114 895 5163 faceremus.
929 5099 1036 5164 Huius

238 5206 338 5292 igitur
366 5226 461 5269 vetunt
494 5205 572 5292 quia
601 5203 794 5269 rationabile
822 5217 893 5269 erat
922 5206 1035 5270 volun-

238 5314 319 5378 tario
343 5335 403 5399 per
425 5336 517 5377 suam
537 5311 592 5401 [et]
614 5311 825 5401 dilectissime
845 5313 1036 5377 contectalis

237 5432 367 5484 nostrae
391 5418 608 5505 Cunigtmdae
632 5420 758 5485 scilicet
779 5420 914 5505 reginae
938 5422 1036 5485 inter-

239 5528 418 5592 cessionem
442 5527 641 5613 complentes
672 5527 800 5609 effectu,
830 5530 972 5614 receptis
1002 5529 1037 5591 in

194 5659 221 5699 to
238 5645 380 5698 nostram
404 5633 627 5699 defensionem
656 5634 817 5721 praedicti
847 5635 1037 5698 monasterii

266 5837 326 5895 ⁸⁹⁰.
346 5838 453 5909 [Bloch]
508 5837 534 5908 a)
553 5855 570 5890 a
587 5840 652 5891 iiber
668 5839 716 5892 tier
734 5839 804 5892 Zeu
822 5839 1017 5905 emicantem

1458 2422 1519 2488 39⁶.

1177 2536 1235 2607 (C.)
1256 2525 1273 2616 ᾔ
1293 2527 1332 2591 In
1347 2528 1478 2591 nomine
1496 2537 1629 2590 sanctae
1647 2537 1678 2590 et
1696 2524 1885 2589 individuae

1088 2637 1251 2699 uniltatis.
1301 2634 1478 2698 Heinricus
1511 2633 1624 2698 divina
1657 2632 1788 2697 favente
1823 2631 1887 2696 ele·

1087 2744 1210 2806 mentia
1232 2764 1303 2805 rex.
1406 2754 1475 2804 Cum
1497 2755 1525 2804 in
1544 2755 1621 2819 regia
1640 2760 1704 2818 post
1722 2753 1803 2803 deum
1823 2769 1887 2818 pen·

1088 2864 1153 2913 dest
1166 2876 1239 2912 'cura
1257 2863 1291 2912 de
1311 2880 1344 2911 ea
1364 2878 1417 2931 que
1436 2862 1510 2927 apud
1530 2859 1653 2911 seculum
1674 2868 1716 2910 est
1739 2861 1778 2910 rei
1796 2858 1887 2925 publi·

1088 2987 1137 3020 eue
1158 2970 1284 3020 custodia
1308 2970 1387 3034 quasi
1410 2967 1518 3018 fidelem
1543 2962 1557 3034 R
1582 2969 1752 3034 prepositum
1776 2968 1805 3015 in
1828 2967 1888 3017 dies

1088 3082 1169 3127 ceute
1195 3076 1331 3135 meditari,
1356 3077 1386 3125 iu
1412 3076 1640 3125 monasteriorum
1662 3076 1735 3124 iusto
1755 3075 1887 3139 regimine

1089 3182 1132 3234 vel
1148 3200 1243 3235 eorum
1261 3185 1370 3249 penitus
1388 3199 1459 3247 quae
1473 3183 1517 3232 dei
1532 3188 1597 3231 siunt
1616 3181 1761 3246 vigilantia
1779 3187 1889 3247 oportet

1088 3290 1250 3356 diligentius
1275 3290 1369 3339 horum
1393 3290 1427 3339 de
1453 3289 1521 3341 hora
1545 3305 1625 3338 sittim
1645 3290 1691 3338 cui
1716 3291 1774 3353 ipse
1793 3289 1889 3339 subest

1087 3403 1233 3463 patronum
1252 3412 1308 3445 non
1330 3396 1439 3445 retortis
1459 3393 1548 3444 octrlis
1567 3396 1677 3445 intueri.
1716 3397 1889 3461 Quapropter

1088 3505 1208 3553 omnium
1227 3509 1339 3553 sanctae
1357 3503 1401 3553 dei
1421 3501 1574 3553 aecclesiae
1594 3510 1804 3567 nostrorumque
1821 3502 1887 3553 titie-

1089 3609 1154 3660 lium
1180 3626 1293 3675 presens
1312 3615 1341 3660 et
1365 3610 1459 3660 lutura
1478 3617 1628 3674 cognoscat
1650 3610 1794 3669 industrio,
1820 3626 1886 3674 qua·

1089 3717 1151 3768 liter
1169 3717 1319 3767 neumandi
1339 3718 1455 3768 nominis
1478 3718 1619 3782 nostrique
1638 3717 1780 3781 sanguinis
1799 3714 1888 3767 Math-

1088 3823 1145 3874 hild
1160 3824 1334 3874 Astnidensis
1354 3825 1512 3875 monasterii
1531 3825 1672 3874 abbatissa
1691 3824 1808 3893 quedam
1827 3840 1887 3890 pre·

1089 3932 1264 3981 decessorum
1296 3938 1452 3981 nostrorum
1483 3930 1588 3995 regalia
1616 3931 1715 3981 nostris
1744 3931 1887 3981 obtutibus

1090 4044 1221 4104 precepta
1239 4039 1409 4097 monstravit,
1428 4039 1455 4087 in
1470 4039 1570 4102 quibus
1583 4044 1642 4088 erat
1659 4039 1800 4097 insertum,
1820 4053 1886 4102 quo·

1089 4146 1170 4196 modo
1189 4146 1262 4195 idern
1283 4143 1413 4195 videlicet
1435 4161 1514 4210 reges
1534 4145 1669 4210 prefatum
1692 4146 1887 4194 monasterium

1089 4254 1118 4301 iu
1140 4268 1208 4302 suae
1234 4254 1413 4303 immunitatis
1433 4254 1579 4303 tuitionem
1598 4258 1731 4318 perpetua
1749 4267 1811 4301 oum
1830 4252 1889 4301 suis

1089 4360 1262 4425 pertinentiis
1289 4356 1350 4424 lege
1376 4360 1508 4409 tuendum
1536 4360 1708 4424 susciperent
1733 4364 1761 4408 et
1787 4359 1887 4408 sancti

1091 4465 1257 4515 monialibus
1280 4468 1318 4515 ibi
1337 4467 1431 4516 divino
1457 4465 1534 4515 cultu
1561 4466 1723 4530 mancipatis
1749 4464 1888 4516 licentiam

1091 4571 1235 4638 eligendae
1261 4589 1311 4638 per
1335 4574 1524 4624 successiones
1550 4573 1707 4623 abbatissae
1729 4573 1890 4638 preceptiva

1091 4682 1257 4731 auctoritate
1284 4681 1447 4740 conferrent,
1473 4696 1522 4746 pro
1549 4682 1588 4730 rei
1613 4681 1741 4730 finuitate
1767 4686 1888 4729 nostram

1090 4787 1230 4839 humiliter
1256 4790 1379 4853 rogitans
1399 4788 1599 4846 celsitudinem,
1626 4796 1656 4837 ut
1681 4803 1731 4837 nos
1751 4786 1842 4837 denuo
1860 4787 1889 4836 id

1090 4897 1180 4962 ipsum
1201 4897 1363 4947 taceremus,
1389 4896 1480 4944 Huius
1499 4896 1585 4959 igitur
1604 4900 1700 4944 votum
1719 4894 1787 4957 quia
1805 4894 1888 4944 ratio·

1090 5002 1182 5053 nubile
1202 5009 1261 5053 erat
1287 5001 1444 5053 voluntario
1469 5017 1517 5067 per
1539 5017 1617 5051 suam
1644 5006 1672 5050 et
1690 4999 1886 5050 dilectissimae

1091 5108 1256 5160 contectalis
1286 5115 1397 5160 nostrae
1429 5108 1609 5174 Cunigtmdae
1640 5105 1748 5157 scilicet
1777 5108 1889 5172 reginae

1091 5217 1316 5267 intercessionem
1354 5215 1522 5282 complentes
1555 5216 1668 5274 effectu,
1706 5216 1824 5280 receptis
1861 5216 1890 5264 in

1091 5330 1212 5375 noemam
1241 5324 1427 5374 defensionem
1455 5323 1572 5389 predicti
1600 5323 1758 5374 monasterii
1786 5322 1890 5371 sancus

1091 5433 1244 5497 virginibus
1259 5440 1333 5483 cum
1350 5418 1540 5482 terretorio⁸
1554 5415 1775 5502 Bruggeheim
1787 5415 1888 5479 nomi·

1090 5536 1178 5609 nato,
1209 5526 1297 5612 quod
1321 5525 1449 5591 Ottonis
1477 5525 1669 5611 imperatrix
1692 5545 1807 5587 manus
1830 5545 1891 5609 per

1091 5632 1227 5697 verbum
1251 5630 1448 5697 venerabilis
1476 5655 1575 5718 supra
1596 5631 1761 5717 nominate
1789 5628 1890 5693 abba-

1119 5837 1181 5894 800.
1200 5837 1348 5909 [Bressltu]
1401 5840 1428 5907 a)
1447 5838 1485 5891 A¹
