4804 6498
591 458 633 521 98
1189 464 1651 524 KAISERURKUNDEN.

589 667 679 717 anime
698 672 792 717 nostre
816 666 979 731 quandam
1002 662 1127 717 curtem
1151 653 1234 738 regii
1258 652 1422 739 quondam
1445 667 1513 716 iuris
1533 663 1668 732 prelibata
1688 662 1808 714 ecclesie
1824 676 1841 708 1
1862 663 2028 726 servsque
2053 660 2102 711 dei
2124 674 2242 711 1111111

589 789 638 840 per
656 773 839 824 succedencia
857 779 983 838 tempora
1004 773 1033 823 in
1052 772 1160 838 prefata
1178 771 1250 824 cella
1269 773 1322 823 deo
1345 758 1388 824 sti
1410 758 1557 845 regulam
1578 757 1683 822 saneti
1703 755 1877 821 Benedicti
1900 767 2091 819 militantibus
2110 776 2169 840 per
2189 753 2244 818 1100

547 886 571 926 11
588 876 781 952 preceptum
813 864 1075 930 confirmavimus
1103 876 1137 929 01
1164 895 1199 930 ex
1226 881 1334 945 integro
1355 893 1372 925 1
1401 880 1564 930 donavimus
1590 894 1653 929 cum
1677 878 1803 929 omnibus
1829 876 1864 927 ad
1890 876 2028 927 candem
2054 882 2162 925 curtem
2187 883 2243 947 que

588 984 695 1052 Byegol
720 970 840 1036 dicitur
866 987 937 1035 iuste
964 992 992 1036 et
1017 983 1145 1051 legaliter
1169 987 1369 1052 pertinentibus
1395 988 1423 1036 in
1449 987 1552 1036 ducatu
1571 984 1752 1036 Alemannico
1771 986 1800 1035 in
1823 985 1956 1034 comitatu
1976 983 2164 1048 Brisilsgowe,
2187 982 2244 1031 sub-

589 1094 735 1144 nominatis
754 1093 830 1143 hiis·
849 1091 918 1142 locis
937 1093 1073 1158 Endings,
1093 1092 1266 1158 chelinga,
1286 1093 1452 1159 Chenainga
1474 1094 1611 1158 Deninga,
1631 1092 1785 1151 Burcheim‚
1805 1089 1948 1156 Baldinga,
1968 1098 1996 1141 et
2016 1098 2119 1141 cetera
2138 1087 2198 1139 loca
2213 1089 2271 1138 adt

588 1194 763 1267 prefatamb
789 1206 894 1250 curtem
918 1197 1015 1265 Riegol
1039 1200 1222 1266 pertinencia,
1250 1200 1414 1266 ubicumque
1442 1200 1645 1266 provinciarum
1668 1200 1759 1249 iacere
1782 1198 1937 1258 videantur,
1965 1214 2031 1248 curn
2059 1197 2136 1247 omni
2159 1212 2244 1247 eorum

589 1323 650 1367 usu,
675 1323 738 1357 curn
757 1304 883 1357 ecclesiis
902 1312 929 1356 et
948 1322 1042 1356 earum
1062 1306 1185 1367 decimis,
1210 1322 1272 1356 curn
1292 1308 1418 1358 omnibus
1438 1307 1566 1357 censibus
1586 1306 1701 1357 edificiis
1720 1307 1865 1372 mancipiis
1892 1306 2040 1370 utriusque
2069 1320 2154 1355 sexus
2178 1303 2243 1368 agris

589 1415 674 1479 pratis
705 1414 806 1463 vinetis
838 1411 915 1463 silvis
945 1411 1096 1463 forestibus
1133 1415 1243 1479 pascuis
1281 1414 1360 1478 aquia
1397 1429 1604 1478 aquarumque
1641 1412 1803 1464 decursibus
1841 1413 2049 1479 piscacionibus
2089 1409 2243 1461 molendinis

589 1521 708 1571 exitibus
734 1527 762 1570 et
787 1519 921 1570 reditibus
949 1518 1032 1569 cultis
1059 1526 1086 1570 et
1112 1518 1225 1570 incultis
1255 1520 1371 1584 quesitis
1399 1526 1427 1570 et
1454 1521 1626 1585 inquirendis
1660 1516 1693 1570 01
1722 1506 1853 1570 omnino
1879 1522 1927 1579 ita,
1954 1505 2054 1570 sicuti
2087 1501 2243 1591 quondum

534 1634 570 1674 tn
589 1627 783 1677 Gannammus
811 1613 901 1676 visus
938 1624 988 1676 est
1021 1610 1144 1676 habere
1179 1613 1213 1676 in
1248 1635 1308 1676 sua
1341 1613 1513 1695 vestitura,
1549 1612 1679 1699 quando
1709 1628 1745 1678 ob
1771 1634 1895 1677 reatum
1924 1613 2015 1699 regie
2048 1610 2242 1675 infidelitatis
2257 1626 2275 1664 1·

589 1733 720 1800 publica
742 1720 910 1785 sentencia
928 1719 1096 1784 convictus
1117 1720 1224 1783 extitit
1245 1731 1279 1783 et
1301 1720 1406 1784 omnis
1429 1721 1499 1783 eius
1522 1735 1691 1800 proprietas
1714 1733 1911 1784 111111ηῶ111
1930 1734 1959 1783 in
1977 1718 2131 1805 regalem
2149 1717 2242 1780 muni·

588 1826 759 1890 licenciam
783 1837 817 1890 et
838 1835 1033 1912 potestatem
1056 1824 1206 1911 legaliter
1229 1840 1382 1891 1111111111
1400 1849 1449 1891 est.
1481 1842 1615 1891 laesimus
1634 1856 1745 1906 quoque
1765 1841 1817 1891 hoe
1835 1848 1995 1907 preceptum
2014 1840 2084 1891 inde
2104 1838 2240 1895 consenti,

589 1964 638 2015 per
654 1947 729 2013 qnod
746 1946 873 1998 volumus
889 1947 1056 2012 firmiterque
1076 1948 1211 2006 iubemus,
1237 1944 1273 1997 ut
1297 1935 1527 2019 prememorati
1553 1948 1678 1998 monachi
1705 1956 1882 2020 omnesque
1906 1956 2121 1998 successores
2140 1952 2241 1996 eorum

589 2039 714 2127 absque
743 2038 840 2104 ullius
875 2038 1133 2104 contradictione
1163 2039 1397 2126 perpetualiter
1427 2053 1532 2105 libero
1560 2040 1637 2105 inde
1668 2055 1828 2105 fruantur
1851 2039 1985 2105 arbitrio
2014 2039 2082 2105 sibi
2106 2036 2239 2103 habendi

559 2157 646 2212 laut
672 2146 894 2211 ecclesiastico
916 2168 1005 2211 more
1029 2147 1260 2211 commutandi.
1304 2162 1339 2211 Et
1363 2167 1393 2211 ut
1411 2162 1462 2212 hec
1488 2163 1641 2212 auctoritas
1666 2170 1762 2212 nostra
1786 2160 1894 2211 stabilis
1920 2161 2161 2226 inrefragabiliter
2183 2163 2272 2207 oon-tl

588 2274 722 2328 servetur,
741 2284 823 2319 manu
843 2275 937 2320 nostra
954 2269 1066 2334 propria
1084 2267 1182 2318 subtus
1202 2284 1263 2318 eam
1281 2268 1448 2319 firmavimus
1468 2276 1495 2319 et
1514 2254 1612 2341 sigilli
1630 2270 1719 2319 nostri
1738 2269 1917 2335 impressione
1935 2255 2091 2340 insigniri
2110 2266 2238 2317 iussimus.

696 2413 834 2501 Signum
858 2413 968 2478 domni
990 2413 1139 2478 Heinrici
1164 2422 1227 2493 (Μ.)
1251 2415 1457 2479 invictissimi
1479 2415 1577 2501 regis.

695 2564 883 2652 Egilbertus
907 2563 1119 2629 cancellarius
1142 2565 1215 2629 vice
1239 2565 1394 2652 Willigisi
1420 2565 1698 2653 archicappellani
1721 2567 1929 2653 recognovit.

694 2716 785 2782 Data
813 2731 872 2781 xv.
902 2716 969 2780 kal.
1000 2715 1056 2780 iul.
1088 2738 1173 2781 anno
1203 2716 1366 2782 dominice
1396 2718 1635 2783 incarnacionis
1658 2731 1758 2801 tssm,
1790 2716 1968 2782 indictione
1991 2732 2019 2800 1,
2052 2738 2143 2781 anno
2166 2733 2235 2777 vero

588 2822 699 2888 domni
721 2823 872 2888 Heinrici
895 2822 1030 2888 secundi
1053 2824 1142 2909 regis
1164 2838 1223 2908 1113
1248 2835 1357 2889 actum
1380 2825 1414 2888 in
1437 2823 1575 2907 Zurich3
1599 2824 1634 2888 in
1656 2824 1711 2889 dei
1733 2825 1865 2889 nomine
1887 2824 2029 2889 feliciter
2053 2845 2160 2889 amen.
2247 2835 2267 2874 ¹⁰

1389 3140 1454 3228 78.

589 3310 772 3385 Heinrich
807 3311 946 3385 11111111
976 3311 1057 3385 derra
1091 3307 1252 3387 Cleiker
1282 3312 1426 3385 Bestia
1452 3311 1529 3409 fiir
1563 3311 1634 3385 den
1665 3311 1797 3386 Dicant
1828 3312 1890 3386 des
1921 3312 1955 3386 lt.
1993 3309 2169 3414 Cyriacus
2199 3308 2231 3380 in

589 3427 767 3530 Sadbsrp
794 3430 854 3503 die
878 3429 1081 3504 Erloubnis
1105 3458 1170 3504 zur
1195 3430 1422 3531 111νέ111119
1448 3432 1543 3505 dces
1569 3431 1731 3505 Marktcs
1756 3458 1800 3505 zo
1821 3431 1968 3506 Rincka
1992 3433 2044 3507 im
2063 3431 2231 3529 Breiaqou

588 3562 720 3624 sammt
742 3549 835 3641 Zoll,
870 3548 1115 3649 Kiinipsbcnn
1147 3549 1229 3623 und
1261 3549 1491 3648 offentliclzcn
1516 3549 1686 3643 11111111,
1723 3551 1812 3625 aber
1842 3553 1909 3625 mit
1932 3550 2145 3627 Acascltloss
2174 3546 2230 3620 der

590 3668 732 3743 Monze.
1756 3696 1928 3775 masnrp
1951 3699 2030 3758 1004
2052 3699 2129 3761 111·
2144 3696 2190 3755 25.
2242 3698 2262 3742 s

697 3876 941 3969 Oripiasldiplom
962 3878 1004 3936 im
1026 3876 1226 3937 Sluatscrclriv
1247 3896 1283 3937 za
1305 3877 1451 3937 Prnalrat
1475 3878 1543 3947 (A).

694 4019 836 4095 Herrqott
861 4019 976 4079 Geneul.
1001 4022 1032 4089 2,
1055 4021 1096 4078 98
1119 4023 1151 4078 1υ
1174 4023 1233 4078 158
1257 4038 1311 4079 aua
1332 4019 1483 4092 abactas
1505 4039 1560 4079 von
1585 4018 1616 4078 Ο.
1641 4049 1684 4057 -
1711 4019 1856 4079 Trosillut
1877 4018 1957 4080 Mea.
1980 4019 2016 4079 de
2036 4009 2226 4088 11111111

693 4129 726 4185 u⁰
740 4128 783 4185 88
806 4126 975 4186 1111.-
997 4126 1112 4186 Hidber
1135 4126 1206 4203 Rep.
1228 4128 1316 4187 1204.
1341 4157 1385 4165 -
1407 4126 1534 4186 Bb'limcr
1557 4125 1628 4202 Rep.
1653 4128 1722 4186 958.
1746 4156 1791 4165 —
1814 4124 1938 4201 Stampf
1955 4125 2027 4203 Ray.
2050 4125 2137 4187 1387.

693 4268 777 4329 Neela
792 4268 896 4328 Dictat
918 4268 967 4328 dos
982 4268 1037 4328 EA
1057 4270 1234 4343 qcscltrieben
1253 4289 1308 4329 von
1328 4270 1395 4329 ΕΒ.
1416 4300 1459 4308 -
1479 4270 1543 4328 Zur
1557 4268 1694 4345 Dealuaq
1713 4269 1762 4329 des
1782 4268 1911 4329 Nemeae
1932 4271 2054 4330 Rincka
2074 4269 2128 4345 eql.
2148 4262 2223 4325 Potr-

692 4376 793 4450 stpaon
812 4376 843 4434 ia
863 4375 1002 4435 Zeitscltr.
1022 4377 1075 4446 fair
1094 4376 1142 4434 die
1158 4376 1257 4436 Gcsclr.
1279 4377 1328 4435 des
1345 4377 1517 4436 Oberrlteins
1537 4377 1577 4437 N.
1594 4376 1631 4436 F.
1648 4375 1896 4448 1161811111
1914 4377 2019 4438 1111111
2040 4380 2070 4450 6,
2086 4369 2257 4437 5711151

691 4481 752 4541 aad
778 4481 880 4556 Heyclc
904 4482 1002 4542 Gesclt.
1027 4483 1080 4541 der
1109 4482 1240 4557 Herzoqe
1268 4502 1323 4542 con
1345 4483 1510 4559 thrispen
1533 4486 1553 4542 6
1582 4484 1667 4543 Aram.
1688 4485 1737 4554 12,
1767 4484 1854 4543 sowie
1881 4485 1988 4545 abendo
2017 4488 2045 4544 6.
2069 4486 2096 4545 7.
2120 4483 2139 4540 9
2164 4476 2223 4537 aba

691 4588 739 4647 die
760 4588 870 4647 Person
892 4589 942 4647 des
966 4588 1112 4648 1111111111
1134 4590 1257 4650 Becilin.

693 4764 751 4837 (C.)
778 4755 796 4846 ᾖ
823 4757 863 4821 In
885 4758 1016 4822 nomine
1040 4770 1173 4822 sanctae
1197 4769 1230 4823 et
1252 4757 1442 4823 individuae
1466 4760 1629 4824 trinitatis.
1675 4760 1853 4825 Heinricus
1875 4760 2079 4826 Francorum
2100 4754 2219 4845 pariter-

585 4886 649 4949 que
672 4862 964 4949 Langobardorum
988 4863 1101 4928 divina
1123 4865 1255 4929 favente
1279 4865 1452 4929 clementia
1474 4888 1544 4930 rex.
1657 4866 1781 4953 Regiae
1810 4878 1860 4932 est
1888 4867 2127 4933 munificentiae
2152 4857 2218 4924 fide·

584 4968 669 5034 libus
693 4972 760 5033 suis
784 4970 930 5035 modeste
954 4968 972 5058 ᾖ
994 4970 1158 5058 postulata
1182 4972 1373 5036 concedere.
1413 4972 1554 5037 Proinde
1577 4983 1690 5038 notum
1715 4975 1756 5037 sit
1779 4973 1929 5039 omnibus
1943 4973 2095 5040 fidelibus
2116 4962 2251 5035 sortist

583 5075 810 5163 praesentibus
841 5078 966 5142 scilicet
996 5090 1029 5141 et
1057 5078 1187 5159 futuris,
1220 5078 1358 5165 qualiter
1387 5102 1447 5143 nos
1477 5080 1669 5166 suppliciter
1698 5082 1822 5167 petenti
1853 5081 1972 5147 clerico
1999 5081 2141 5146 Becilino
2167 5089 2216 5158 ptr

583 5183 802 5248 interventum
833 5183 944 5248 dilecti
979 5183 1073 5248 nobis
1104 5185 1285 5250 aecclesiae
1315 5186 1506 5250 Basiliensis
1538 5188 1683 5274 episcopi
1713 5186 1932 5253 Adulberonis
1962 5190 1996 5253 in
2025 5191 2216 5276 augmentum

584 5290 715 5355 servicii
745 5291 942 5354 sanctissimi
966 5293 1122 5378 martyris
1147 5290 1278 5379 Cyriaci
1302 5316 1362 5380 per
1384 5292 1445 5357 hoc
1468 5295 1579 5379 regiae
1603 5295 1783 5359 maiestatis
1806 5296 1934 5382 insigne
1957 5295 2118 5360 licentiam
2139 5280 2213 5352 dedi·

582 5418 655 5460 mus
678 5396 821 5461 faciendi
845 5408 1023 5462 mercatum
1047 5400 1117 5462 sive
1141 5401 1321 5486 emporium
1345 5401 1378 5463 in
1401 5399 1472 5465 loco
1496 5401 1552 5486 qui
1576 5399 1696 5466 dicitur
1714 5401 1843 5467 Rinclsa
1865 5404 1900 5466 in
1922 5425 2007 5489 pago
2025 5385 2214 5482 Brisihgouui

582 5502 616 5566 in
647 5505 801 5569 comitatu
829 5502 997 5569 Bertdoldi
1028 5527 1102 5569 cum
1132 5504 1282 5570 theloneo
1313 5507 1382 5570 sive
1412 5506 1567 5593 vectigali
1597 5509 1754 5595 regioque
1784 5506 1892 5573 banno
1923 5521 1955 5574 et
1984 5510 2072 5573 omni
2100 5497 2212 5594 publio
2225 5501 2245 5542 ¹⁰

582 5608 759 5693 functione,
791 5621 931 5696 excepta
960 5623 1100 5694 moneta,
1130 5611 1336 5700 habeantque
1367 5612 1489 5678 ibidem
1512 5615 1718 5700 negotiantes
1741 5638 1857 5702 pacem
1881 5628 2009 5681 nostrae
2032 5600 2212 5681 auctoritstlt

671 5823 716 5881 77.
741 5822 1049 5895 [Bsuslau-Ringholz]
1104 5827 1131 5896 a)
1150 5825 1202 5879 hiis
1220 5825 1272 5879 hiis
1291 5827 1316 5878 B
1397 5826 1426 5894 b)
1446 5825 1585 5896 prelatum
1605 5829 1630 5879 B
1711 5832 1737 5898 c)
1758 5829 1870 5899 recogui
1889 5830 1922 5885 Β.
