4828 6520
1106 379 1567 439 KAISERURKUNDEN.

1292 565 1383 652 522.

1248 726 1430 828 (Uuecbt.)

512 870 693 944 Heinrich
719 871 884 972 bestetiyt
908 871 988 945 dem
1014 900 1085 946 666
1111 873 1183 946 ihm
1208 856 1454 974 qeprendete'n
1475 873 1621 947 Kloster
1643 874 1879 974 Micbetcberq
1903 875 1960 949 bei
1981 874 2163 975 Bambery

514 989 670 1063 dienen
696 989 769 1062 ilem
794 990 900 1063 selbst
921 991 1152 1091 peschenlcteu
1175 992 1422 1092 Besitzeuqea
1448 993 1700 1067 iusbesoudere
1726 993 1878 1067 dienen
1899 993 1970 1068 dea
1992 994 2160 1068 Klete-n

512 1106 637 1182 Falde
654 1109 735 1181 end
753 1107 930 1207 Hcrsfdd
950 1112 1235 1211 eiuyetaeecbten
1256 1110 1342 1188 Orte
1363 1125 1456 1186 samt
1476 1112 1580 1186 ibren
1601 1110 1876 1189 Gerechtsamen
1895 1113 1976 1187 end
1991 1113 2162 1205 Aetnen,
2186 1154 2201 1194 ⁶

512 1227 594 1300 arud
616 1227 766 1301 nerlec'bt
790 1228 863 1301 1166
889 1229 957 1303 das
982 1229 1194 1305 Woblrecht.
1703 1259 1874 1331 stantfort
1897 1260 1976 1320 1015
1997 1259 2063 1319 Mai
2085 1263 2115 1320 3,

626 1434 762 1494 1161666616
783 1437 833 1496 des
854 1438 902 1496 12.
919 1437 975 1497 Ji.
999 1439 1031 1496 in
1053 1437 1253 1512 Diplomsoruz
1276 1439 1317 1497 im
1339 1438 1651 1498 6116166666661666
1673 1437 1815 1497 Mc'e'ncbea
1839 1438 1911 1505 (A).

629 1596 821 1668 Wabdrosler
838 1596 1039 1668 1161666122
1056 1617 1110 1657 oue
1127 1600 1154 1656 A
1173 1620 1216 1647 =
1235 1598 1347 1673 Species
1365 1600 1579 1675 166116666166
1597 1598 1665 1658 DA.
1686 1629 1729 1639 —
1748 1599 1846 1674 Spieas
1862 1600 2081 1674 Aullcldmepeu
2100 1601 2162 1658 218

620 1704 688 1762 22⁰4
709 1722 763 1762 666
785 1703 811 1761 A
831 1725 873 1750 =
897 1704 1068 1764 1166666666
1092 1705 1149 1779 Ep.
1169 1705 1286 1775 Bemb„
1303 1707 1389 1780 prob.
1408 1707 1449 1766 24
1472 1708 1504 1765 6ο
1518 1707 1558 1765 21
1582 1707 1635 1765 mit
1656 1693 1846 1783 Audereayen
1867 1725 1920 1766 666
1941 1707 1999 1766 116.
2018 1736 2064 1745 -
2080 1706 2160 1765 Mon

623 1811 717 1870 Boico
743 1813 815 1881 28⁰,
833 1811 894 1869 473
922 1814 955 1869 u⁰
972 1813 1033 1871 294
1059 1830 1113 1871 uus
1135 1812 1171 1871 A.
1195 1842 1239 1851 -
1272 1812 1480 1872 Oesterreicber
1510 1812 1609 1872 eecce.
1642 1832 1695 1873 666
1723 1814 1818 1883 Beer,
1852 1814 2117 1873 Urlreudeusemml.
2141 1814 2162 1871 4
2182 1839 2210 1876 ιο

620 1920 691 1977 612
713 1935 766 1976 uus
787 1918 824 1976 A.
849 1947 894 1956 —
915 1918 1007 1978 Bloch
1029 1919 1062 1977 16
1084 1919 1124 1977 N.
1141 1919 1251 1977 Archiv
1273 1920 1321 1989 19,
1338 1921 1396 1979 615
1419 1938 1472 1978 aus
1494 1920 1530 1979 A.
1556 1947 1598 1959 -
1622 1918 1746 1995 Stumpf
1758 1920 1830 1995 1166.
1848 1922 1935 1981 1650.

620 2077 680 2138 Die
702 2079 866 2151 1161666669
888 2079 981 2138 dieser
1002 2080 1062 2138 6661
1084 2079 1136 2138 der
1158 2080 1307 2154 solqeudcu
1330 2080 1526 2139 6616661616
1548 2099 1602 2139 666
1624 2081 1717 2140 Β1666
1739 2081 1987 2155 6606176.
2010 2081 2161 2155 eiupebend

620 2186 825 2245 66616666-
849 2185 1030 2244 16522161
1052 2191 1135 2244 enter
1153 2187 1320 2261 Beuulrunp
1343 2187 1402 2246 und
1423 2188 1497 2246 66661
1519 2193 1602 2247 center
1619 2188 1855 2263 61666661666666
1877 2187 1926 2247 des
1948 2187 1988 2246 D.
2005 2190 2074 2257 366,
2097 2188 2161 2247 dem

620 2293 693 2352 6666
715 2294 768 2351 des
785 2292 936 2352 Prolokoll
957 2298 1132 2352 6666666666
1154 2294 1214 2351 scin
1237 2311 1323 2363 musa,
1345 2294 1481 2352 zceiscbeu
1500 2296 1579 2353 1172
1602 2295 1661 2353 aad
1680 2296 1758 2354 1189
1781 2294 1938 2370 6666661616
1959 2295 2089 2367 socrdem
2111 2294 2160 2353 Iu-

620 2400 855 2473 coraotioup’abr
876 2400 936 2459 und
957 2399 1104 2459 Indiction
1126 2401 1193 2459 eiad
1219 2419 1272 2459 eus
1293 2401 1356 2460 dem
1378 2400 1419 2459 D.
1437 2393 1513 2460 335ὸ
1536 2402 1605 2461 oder
1626 2402 1678 2460 der
1699 2402 1794 2461 666166
1813 2401 1934 2477 17661666
1954 2402 2003 2461 des
2024 2399 2064 2459 D.
2082 2393 2160 2459 332⁶
2179 2422 2207 2462 rs

618 2507 782 2581 e‘neeeetzu
803 2507 856 2565 der
873 2506 942 2565 Sotr
966 2508 1033 2566 iiber
1055 2508 1102 2567 die
1118 2526 1173 2566 666
1191 2507 1289 2566 Faldo
1306 2508 1365 2565 uad
1383 2508 1524 2579 Hersfeld
1546 2508 1767 2583 eiuyetouscbteu
1789 2507 1859 2567 Orte
1880 2510 1990 2567 61666661
2009 2508 2160 2567 6666111166

619 2615 673 2673 mit
695 2614 748 2672 den
770 2614 944 2688 pleicbzeitiq
966 2614 1166 2673 cntstandeuen
1188 2615 1248 2672 und
1269 2615 1323 2673 mit
1343 2615 1475 2689 pleicber,
1500 2616 1576 2674 61661
1598 2615 1791 2674 6166611666
1812 2614 1975 2690 1161166669
1996 2616 2160 2674 6666666666

619 2721 817 2795 6666666966
839 2713 1016 2779 11163321.
1041 2722 1101 2779 523
1124 2721 1248 2780 61666616.
1294 2721 1354 2779 166
1374 2723 1578 2797 pcmeinsemer
1600 2722 1701 2781 checlr
1723 2742 1797 2793 wer,
1826 2722 1879 2780 mit
1900 2722 1952 2781 der
1973 2723 2160 2781 kaiseliclen

621 2827 782 2901 Grr'c'nduup
804 2828 863 2885 und
885 2828 1072 2902 1666166669
1094 2828 1143 2886 des
1165 2828 1297 2887 Klostcrs
1322 2829 1398 2887 66166
1424 2829 1669 2904 66666666166611
1694 2848 1757 2887 vom
1779 2829 1915 2887 Bistbum
1936 2830 2080 2904 Bambere
2103 2829 2161 2887 661

619 2936 695 2994 scine
710 2935 816 2993 1166616
837 2937 897 3005 eus
915 2936 961 2994 die
983 2936 1095 2994 dornale
1116 2954 1179 2993 vom
1202 2936 1394 3010 1166666666·
1411 2936 1540 3007 Biscbof
1558 2936 1776 3009 beuuspruelrtcn
1795 2936 1920 2995 Zebnteu
1942 2936 2159 2996 nacmueisen.
2178 2957 2207 2996 66

621 3121 679 3191 (O.)
703 3111 720 3200 6
743 3112 781 3176 Ι6
805 3114 935 3176 nomine
966 3123 1098 3177 sanctae
1126 3124 1158 3176 et
1187 3112 1375 3177 individuae
1398 3114 1561 3177 trinitatis.
1607 3114 1782 3178 Heinricus
1809 3113 1922 3177 diviua
1943 3113 2073 3178 favente
2097 3114 2160 3177 elc-

512 3221 636 3284 mentis
665 3219 885 3283 Romanorum
914 3220 1090 3305 imperator
1119 3230 1286 3305 augustus.
1411 3235 1475 3285 Duo
1503 3242 1580 3293 sunt,
1609 3236 1708 3300 quibus
1736 3232 1849 3285 sancta
1878 3220 1931 3284 dei
1960 3218 2160 3308 aeeclesia}

514 3324 694 3413 spetialiter
709 3342 822 3406 regitur,
842 3325 1018 3412 imperialis
1045 3348 1167 3405 potestas
1187 3350 1214 3390 et
1237 3327 1431 3413 pontificalis
1457 3343 1617 3392 auctoritas.
1661 3343 1720 3391 Hac
1749 3343 1835 3405 igitur
1862 3342 2025 3392 auctoritate
2053 3344 2160 3392 noverit

514 3449 636 3499 omnium
656 3448 699 3497 dci
720 3454 930 3511 nostrorumque
950 3446 1070 3497 fidelium
1090 3448 1263 3507 universitas,
1283 3447 1402 3514 qualiter
1420 3447 1592 3499 fidelissimus
1615 3458 1710 3500 noster
1726 3463 1743 3494 6
1763 3449 1919 3499 Eberurdus
1942 3466 2036 3500 sacrae
2055 3450 2159 3499 Baben-

512 3556 654 3619 bergensis
680 3554 814 3606 aecclesie
839 3556 942 3621 primus
968 3557 1113 3621 episcopus
1140 3552 1172 3605 et
1194 3541 1286 3605 Ratio
1314 3542 1434 3606 Montis
1464 3541 1653 3628 angelorum
1681 3543 1805 3628 primus
1835 3540 1938 3606 abbas
1968 3563 2086 3607 nostram
2112 3558 2158 3606 im·
2177 3573 2206 3612 66

511 3662 643 3729 periulem
662 3669 827 3728 potestatem
845 3663 993 3712 adierunt
1009 3649 1221 3712 attentissime
1242 3663 1446 3727 deprecantes,
1466 3671 1497 3712 ut
1515 3664 1608 3728 predia
1628 3663 1662 3713 ad
1681 3665 1875 3714 monasterium
1893 3665 1982 3713 suncti
1998 3663 2159 3713 Michubelis

511 3770 671 3835 archangeli
688 3783 715 3829 6,
740 3755 827 3843 quod
846 3778 905 3819 nos
924 3756 958 3819 in
977 3754 1124 3842 predicto
1144 3753 1412 3841 Babenbergensi
1430 3767 1539 3821 moute
1560 3758 1809 3838 construximus,
1834 3755 1966 3821 anobis
1984 3756 2161 3821 liberaliter

513 3878 616 3929 collata
635 3895 685 3944 per
705 3885 799 3927 nostra
825 3886 954 3949 quoque
977 3861 1159 3949 imperialia
1178 3878 1421 3927 corroborarentur
1440 3885 1578 3943 precepta.
1616 3880 1738 3940 Quorum
1758 3876 1888 3929 videlicet
1905 3881 2016 3929 nomina
2034 3880 2159 3929 1616666-

513 3988 618 4052 scriptu
643 3992 718 4035 sum:
745 3987 772 4034 in
799 4001 870 4050 pago
891 3985 1066 4034 Vuedereibu
1092 3984 1120 4033 iu
1146 3986 1278 4034 comitatu
1299 3985 1432 4049 Bruningi
1458 3986 1565 4035 comitis
1589 3985 1816 4044 Buodenesbeim,
1834 3985 2015 4049 Vtrauebach;
2041 3988 2068 4037 iu
2087 4004 2159 4053 pugo

514 4093 657 4158 Logenuhi
677 4095 705 4142 in
725 4093 856 4142 comitutu
877 4091 1003 4141 (1611616
1024 4092 1331 4152 Lautsuuindeuhusou,
1351 4093 1497 4152 Gundusa,
1516 4093 1607 4154 Roda3
1628 4094 1656 4141 in
1676 4108 1748 4158 pago
1768 4092 2010 4157 Cuniugessundra
2028 4095 2056 4143 iu
2076 4095 2159 4145 corui-
2177 4109 2205 4147 to

514 4208 572 4250 tatu
587 4200 737 4267 Regiuardi
754 4214 770 4245 6
787 4200 979 4262 Slrertistein⁸;
996 4201 1024 4249 in
1037 4200 1204 4265 Bauzgovuo
1222 4212 1239 4243 6
1254 4200 1280 4247 16
1296 4200 1427 4250 comitatu
1443 4184 1630 4250 Gebeardib
1650 4201 1757 4249 comitis
1769 4199 1974 4263 Redolfesdort'3
1991 4203 2019 4251 iu
2034 4201 2159 4251 Rudana-

511 4324 603 4374 govue
622 4310 650 4358 iu
670 4310 802 4357 comitatu
820 4306 961 4358 Adelbcrti
978 4320 994 4351 6
1015 4306 1245 4367 Ezzilincbircha3
1268 4307 1296 4355 in
1316 4305 1488 4372 Gollogovue
1507 4307 1535 4356 in
1555 4309 1687 4357 comitatu
1706 4307 1847 4373 Gumperti
1864 4320 1881 4352 6
1896 4306 2113 4358 Vuullibchuson
2132 4315 2160 4359 et

513 4416 677 4477 Rodebeim3
706 4417 734 4464 in
756 4416 954 4481 Vucringouue
978 4427 995 4460 6
1017 4414 1142 4475 Vuerde;
1170 4415 1199 4464 in
1219 4412 1373 4463 Voleuelde
1396 4427 1413 4458 6
1436 4414 1564 4475 Vulordi;
1589 4416 1618 4464 iu
1639 4414 1824 4478 Badengouue
1848 4428 1865 4460 6
1892 4416 2114 4466 Budcubrunnon
2131 4429 2159 4464 6.

511 4509 639 4573 Horum
661 4508 893 4573 Radolfesdorf
919 4520 951 4571 et
973 4506 1235 4571 Ezzilinchircha
1264 4530 1285 4570 a
1306 4507 1334 4570 F
1336 4506 1463 4571 uldeasi
1493 4506 1642 4590 abbacia,
1672 4507 1853 4572 Rodeheim
1881 4531 1971 4589 vero,
1994 4508 2160 4573 Vuallibe·

512 4614 626 4697 huson,
650 4614 785 4678 Vnerda
815 4625 847 4679 et
869 4614 1007 4678 Vulordi
1037 4613 1078 4678 ab
1103 4613 1357 4678 Heresueldensi
1386 4613 1530 4699 legitimo
1555 4625 1587 4679 et
1609 4615 1783 4679 sufficienti
1807 4614 1997 4679 concambio
2021 4618 2159 4703 aequisi-
2178 4643 2204 4683 6

511 4723 618 4786 vimus
642 4745 716 4785 cum
740 4723 826 4786 omni
850 4723 989 4803 iusticia,
1014 4744 1079 4808 qua
1101 4722 1247 4807 prefatae
1272 4720 1432 4809 aecclesie
1457 4744 1496 4785 ea
1518 4720 1739 4807 possidebant,
1764 4753 1825 4787 eum
1848 4721 1983 4786 decimis
2007 4722 2160 4787 videlicet

512 4842 545 4893 et
574 4844 700 4893 omuibus
727 4845 873 4893 eorundem
900 4845 1073 4909 pertiuentiis
1098 4844 1224 4892 humenis
1250 4843 1347 4892 usibus
1372 4858 1483 4907 quoquo
1507 4843 1587 4893 modo
1608 4844 1758 4908 oportunis.
1805 4829 1873 4893 NOS
1905 4830 2004 4914 igitur
2034 4831 2159 4916 prefato

512 4937 707 5000 monasterio
731 4946 840 5000 nostro
871 4937 905 4999 in
935 4936 1078 5000 futurum
1101 4934 1306 4999 consulentes
1337 4934 1397 4999 hee
1428 4934 1542 4999 eadem
1573 4949 1686 4999 donaria
1715 4947 1825 5000 nostre
1853 4967 1927 5002 more
1955 4968 2049 5015 regum
2077 4958 2159 5017 atque

513 5059 706 5122 imperatorum
733 5070 749 5102 6
779 5056 935 5122 plenissime
960 5058 1192 5119 coufirmavimus3
1220 5040 1375 5105 fratribus
1405 5072 1470 5105 vero
1503 5041 1626 5107 ibidem
1658 5042 1719 5107 deo
1750 5042 1966 5107 servientibus
1998 5057 2160 5123 regulariter

512 5151 574 5215 sibi
595 5166 713 5231 eligendi
732 5161 881 5229 abbeltem]
903 5150 1039 5215 liberam
1060 5165 1182 5215 dedimus
1202 5169 1376 5230 potestatem.
1412 5164 1448 5212 Et
1467 5170 1497 5213 ut
1523 5152 2206 5233 666666666666666666661666616601116166

511 5282 593 5323 aevo
613 5273 689 5323 firme
709 5279 735 5323 et
757 5272 920 5323 inconvulse
945 5278 1111 5338 permaneat,
1137 5287 1219 5321 16666
1246 5272 1357 5336 propria
1383 5272 1592 5320 corroborantes
1617 5270 1701 5335 sigilli
1728 5269 1760 5321 et
1781 5259 1932 5343 imaginis
1956 5282 2085 5323 nostrae
2111 5274 2158 5321 iui-

513 5383 653 5447 prcssione
673 5383 786 5432 eandem
807 5380 1001 5431 subterbullari
1020 5381 1156 5429 iussimus.

583 5587 647 5642 522.
673 5587 819 5659 [Bresslau]
858 5602 884 5655 a)
904 5589 954 5641 6166
972 5597 1039 5641 erete
1056 5592 1069 5641 t
1086 5590 1213 5641 ciellcr'cbt
1231 5604 1301 5643 6666.
1319 5588 1398 5640 6661
1470 5587 1500 5655 b)
1528 5591 1558 5639 16
1577 5590 1611 5643 D.
1624 5593 1678 5641 366
1696 5587 1846 5651 Gerhardn·
1869 5589 1982 5655 6666616,
2008 5591 2057 5640 scie
2080 5606 2160 5654 6696-

670 5676 791 5712 6666666
816 5663 894 5723 6616,
919 5661 1118 5725 derisumque
1143 5678 1205 5712 zum
1226 5660 1367 5725 Grebfcld,
1392 5675 1422 5711 66
1443 5661 1534 5712 werde
1558 5661 1626 5712 6666
1646 5662 1680 5716 D.
1693 5665 1747 5712 220
1764 5659 1905 5714 Gebhardi
1922 5661 1985 5713 66166
2003 5658 2159 5713 Gebehurdi

670 5734 713 5783 die
730 5733 842 5800 ricbtipe
861 5734 1051 5797 Nerncnesorm
1068 5735 1126 5783 scin
2176 5748 2205 5785 65
