4798 6486
838 360 1077 419 HEINRICH
1099 361 1138 417 Π.
1176 359 1272 417 1017.
1820 356 1884 419 479

338 550 379 615 Iu
411 550 542 614 nomine
575 558 688 613 sancte
720 558 753 612 et
784 546 953 612 individue
984 547 1148 612 trinitatis.
1194 546 1370 611 Heinricus
1404 546 1516 612 divina
1545 546 1676 612 favente
1707 547 1888 613 clemencia

232 658 452 723 Romanorum
475 656 653 742 imperator
675 666 842 740 augustus.
948 652 1117 740 Quidquid
1141 652 1183 717 ad
1206 652 1419 718 ecclesiarum
1442 653 1497 718 dei
1519 652 1593 718 loca
1614 653 1781 740 largimur,
1806 657 1886 720 certi

233 786 344 829 sumus
373 785 438 827 non
467 760 565 826 modo
595 761 704 826 anime
733 770 843 825 nostre
873 759 908 824 id
931 760 1145 846 profuturum,
1174 782 1290 824 verum
1313 760 1419 824 eciam
1441 770 1561 824 statum
1583 762 1676 846 regni
1700 762 1802 825 nostri
1825 761 1885 826 sub

234 870 404 935 divinitate
438 869 587 955 propicia
621 867 862 932 misericordius
896 866 974 931 inde
1008 864 1266 952 gubernandum.
1322 865 1531 953 Quapropter
1565 868 1708 931 omnium
1741 867 1885 933 fidelium

202 975 355 1041 sOhristi
377 986 625 1061 nostrorumque
648 974 856 1060 presencium
885 972 1011 1037 seilicet
1040 996 1079 1037 ao
1109 972 1290 1037 futurorum
1313 971 1462 1036 volumus
1491 982 1528 1037 ut
1554 973 1656 1037 sciat·
1680 974 1886 1058 universitas,

233 1081 373 1169 qualiter
394 1102 454 1145 nos
477 1102 537 1167 pro
560 1079 705 1145 remedio
728 1081 836 1144 anime
860 1089 969 1143 nostre
992 1090 1090 1165 atque
1114 1078 1303 1143 contectalis
1326 1090 1435 1143 nostre
1459 1078 1669 1144 dilectissime
1691 1079 1886 1166 Cunigunde

233 1187 388 1252 videlicet
418 1186 635 1273 imperatricis
667 1196 805 1271 auguste
837 1208 899 1250 nec
931 1208 997 1250 non
1029 1186 1173 1249 omnium
1204 1195 1375 1271 parentum
1407 1196 1590 1250 nostrorum
1622 1185 1887 1273 Merseburgensi

233 1293 371 1359 ecclesie
396 1303 429 1358 et
451 1293 612 1379 provisori
635 1293 706 1357 eius
728 1291 909 1356 venerabili
934 1292 1088 1378 episcopo
1111 1291 1304 1356 Diethmaro
1327 1292 1492 1356 nostramb
1516 1291 1709 1357 ecclesiamb
1734 1293 1829 1357 sitam
1852 1294 1887 1358 in

233 1422 320 1486 pago
335 1399 488 1485 Hassaga
505 1400 540 1462 in
559 1399 715 1464 comitatu
732 1397 917 1463 Burchardi
937 1398 1064 1462 comitis
1087 1399 1140 1461 inc
1164 1397 1261 1462 villae
1282 1395 1395 1462 Gusue
1418 1398 1507 1463 dicta
1530 1410 1563 1462 et
1586 1397 1667 1464 duos
1691 1422 1821 1464 mansos
1844 1401 1887 1465 ad

189 1529 216 1569 ro
234 1529 307 1571 eam
335 1506 536 1592 pertinentes
566 1527 640 1570 cum
669 1505 755 1569 arsia
786 1515 819 1568 et
849 1503 996 1586 edificiis,
1029 1504 1158 1590 preter<1
1188 1504 1271 1570 hec‘1
1299 1504 1491 1591 Liutgemm
1522 1506 1756 1591 prespiterum,
1790 1529 1887 1594 quem

233 1610 468 1677 Eberhardus⁰
491 1611 594 1675 laicus
617 1609 863 1676 collaudacione
893 1611 1005 1675 uxoris
1028 1632 1086 1675 suc
1109 1610 1338 1676 Meinauinde‘
1362 1622 1461 1697 atque
1486 1622 1670 1676 consensuss
1693 1611 1886 1678 Diethmaro

234 1719 345 1783 comiti
367 1728 401 1783 et
430 1716 590 1782 advocato
620 1727 731 1782 nostro
766 1717 946 1782 secundum
980 1718 1030 1780 ius
1065 1739 1159 1781 suum
1192 1716 1337 1799 tradidit,
1372 1718 1506 1804 insuper
1539 1727 1684 1782 nostram
1717 1717 1888 1783 mulierem

234 1822 452 1889 Othelildam¹²
475 1825 605 1888 nomine
635 1846 696 1910 per
724 1823 810 1888 hanc
840 1823 1043 1909 imperialem
1072 1833 1183 1888 nostre
1212 1824 1414 1888 auctoritatis
1443 1825 1599 1911 paginam
1622 1824 1831 1890 concedimus
1854 1835 1887 1890 et

231 1929 368 1994 firmiter
399 1930 566 1994 tradimus.
612 1930 657 1994 Et
688 1939 724 1995 ut
754 1929 834 1994 hoo¹
868 1939 979 1994 nostre
1011 1928 1200 1994 tradicionis
1231 1940 1422 2017 preceptum
1455 1929 1571 1996 stabile
1599 1941 1632 1996 et
1661 1931 1888 1996 inconvulsum

189 2036 321 2101 oomni
344 2047 535 2124 permaneat
558 2058 630 2118 evo,
660 2058 759 2100 manu
787 2037 921 2122 propria
949 2034 1174 2100 roboravimus
1205 2045 1238 2100 et
1266 2035 1364 2122 sigilli
1386 2037 1490 2102 nostri
1511 2038 1714 2124 inpressione
1737 2037 1887 2124 insigniri

232 2166 395 2207 russrmus.

341 2425 529 2492 Guntherus
553 2426 766 2492 cancellarius
789 2426 863 2491 vice
879 2423 1102 2490 Erchenbaldi
1124 2425 1363 2513 archiepiscopi
1381 2437 1415 2491 et
1429 2426 1683 2514 archicapellani
1698 2431 1886 2514 recognovi.
1944 2510 1950 2519 ι

340 2569 437 2634 Anno
460 2568 623 2633 dominice
646 2567 884 2632 incarnacionis
907 2566 1077 2632 millesimo
1093 2582 1180 2651 XVII,
1204 2567 1382 2633 indictione
1400 2583 1425 2652 I,
1448 2591 1534 2633 anno
1557 2592 1636 2634 vero
1659 2571 1754 2657 regni
1777 2571 1887 2636 domni

188 2698 217 2739 ro
233 2676 383 2741 Heinrici
400 2675 605 2761 imperatoris
623 2675 753 2760 augusti
768 2687 859 2757 XIIII,
882 2674 1011 2760 imperii
1029 2696 1108 2739 vero
1123 2689 1194 2757 11113
1219 2684 1327 2739 actum
1343 2689 1394 2739 111.
1414 2698 1490 2740 non.
1511 2675 1697 2741 novembr.¹1
1714 2676 1885 2761 Altstetin3

233 2782 373 2848 feliciter
395 2804 502 2847 amen.

1002 3094 1096 3181 375.

233 3265 412 3340 Heiarieb
437 3263 584 3339 schmitt
607 3264 688 3339 dem
713 3290 788 3339 voa
810 3265 929 3339 odae·
956 3261 1149 3341 donatus
1176 3263 1404 3365 Kompuode
1435 3267 1684 3366 peqm‘todeten
1709 3268 1887 3343 Neomen-

233 3384 364 3460 ltloster
386 3411 432 3458 zu
456 3382 688 3483 Kaufuoqen
714 3381 786 3457 den
811 3382 903 3482 Hof
919 3382 1196 3458 Hedemrt'oden.
1402 3412 1522 3473 (μυηθῇ,
1544 3414 1624 3475 1017
1640 3413 1795 3475 member
1813 3417 1842 3476 6.

189 3619 218 3661 rs
344 3592 589 3669 Originaldiplom
610 3592 653 3651 im
673 3590 702 3651 k.
719 3589 920 3651 Stoatrmbiv
941 3609 976 3650 zu
998 3590 1143 3667 Martum
1167 3591 1240 3659 (A).

342 3735 521 3795 leddcrtoac
542 3733 649 3793 Kleinc
676 3731 825 3805 Schriften
853 3735 885 3803 2,
907 3734 968 3793 281
999 3734 1072 3793 »⁰3
1101 3751 1155 3793 ata
1176 3733 1213 3792 A.
1237 3761 1282 3772 -
1303 3731 1486 3792 Dobenccloer
1507 3732 1579 3809 aeq.
1596 3735 1665 3794 653.
1688 3763 1733 3773 -
1762 3734 1889 3795 Bdbmer

342 3841 413 3917 Req.
431 3841 518 3902 1170.
542 3870 586 3879 —
610 3839 925 3915 Stamprey.1692.

347 3983 480 4055 Versasat
500 3982 561 4043 and
581 3982 759 4058 percle-ieter
780 4001 836 4042 voa
860 3982 927 4042 GR.

343 4158 401 4232 (c.)
425 4148 444 4239 ξ
465 4149 505 4214 In
528 4152 658 4216 nomine
682 4160 816 4215 sanctae
847 4158 880 4214 et
908 4148 1098 4214 individuae
1122 4149 1286 4213 trinitatis.
1332 4149 1510 4214 Heinrious
1534 4149 1647 4214 divina
1669 4148 1800 4215 favente
1824 4150 1887 4216 cle·

190 4285 218 4326 ro
235 4258 358 4323 mentia
371 4258 594 4323 Romanorum
616 4258 793 4343 imperator
816 4254 1018 4345 augustus}
1125 4254 1291 4342 Imperiali
1313 4266 1445 4320 nostrae
1470 4255 1621 4342 dignitati
1645 4256 1766 4321 decens
1790 4268 1888 4344 atque

234 4366 457 4431 necessarium
480 4362 606 4451 absque
630 4362 729 4427 dubio
753 4363 873 4428 scimus
897 4384 981 4446 esse,
1011 4371 1048 4427 ut
1071 4372 1104 4426 et
1127 4384 1186 4426 nos
1209 4362 1243 4426 in
1265 4360 1397 4427 laudem
1421 4373 1454 4428 et
1476 4362 1631 4427 honorem
1655 4362 1709 4427 dei
1731 4361 1820 4428 bona
1841 4364 1888 4428 in-

236 4471 387 4559 cipiendo
421 4471 629 4559 perficiamus
663 4481 696 4533 et
730 4469 802 4533 aliis
836 4467 1077 4556 incipientibus,
1113 4469 1264 4556 quatinus
1298 4468 1341 4533 ad
1375 4469 1528 4534 effectum
1561 4471 1758 4556 pertingant,
1793 4492 1891 4558 opem

235 4589 379 4644 nostram
402 4577 639 4665 impendamus.
686 4575 722 4641 Si
746 4598 824 4661 ergo
846 4575 909 4640 hoc
928 4577 1011 4640 iuste
1031 4574 1181 4640 omnibus
1200 4574 1357 4640 exhibere
1377 4573 1544 4658 debemus,
1569 4586 1690 4663 quanto
1714 4577 1889 4663 specialius

236 4707 406 4750 monemur
433 4684 480 4749 illi
509 4683 632 4749 auxilio
662 4704 745 4764 esse,
775 4691 812 4745 ut
840 4681 927 4746 bona
955 4682 1105 4769 perficiat
1127 4683 1269 4769 incepta,
1300 4705 1373 4747 cum
1403 4704 1469 4769 qua
1491 4705 1602 4747 sumus
1626 4704 1702 4747 caro
1725 4692 1759 4747 et
1781 4684 1891 4750 anima

191 4818 219 4860 ss
235 4814 312 4856 una.
357 4790 500 4856 Proinde
524 4790 666 4855 omnium
690 4786 812 4853 Christi
834 4799 1081 4876 nostrorumque
1104 4788 1249 4853 fidelium
1272 4789 1471 4876 presentium
1499 4788 1625 4854 scilicet
1647 4810 1686 4852 ac
1709 4787 1890 4855 futurorum

235 4899 365 4963 noverit
396 4898 603 4977 universim,
638 4893 727 4983 quod
762 4893 881 4959 dilecta
915 4894 1106 4959 contectalis
1140 4906 1252 4960 nostra
1281 4893 1480 4982 Ovnigvnda
1513 4894 1670 4960 videlicet
1698 4895 1892 4982 imperatrix

237 5014 376 5090 angusta
397 5003 630 5068 monasterium
652 5004 687 5066 in
710 5002 867 5066 honorem
890 5000 1061 5066 salvatoris
1084 5001 1197 5067 mundi
1228 5013 1261 5067 et
1283 5002 1415 5068 vivifice
1446 5003 1553 5067 crucis
1583 5023 1734 5067 necnon
1757 5013 1890 5069 sanctae

238 5110 292 5176 dei
321 5111 488 5197 genitricis
517 5120 733 5197 semperque·
755 5109 892 5195 virginis
915 5107 1040 5172 Mariae
1063 5107 1219 5196 Petrique
1246 5109 1424 5197 principisb
1448 5107 1668 5196 apostolorum
1691 5117 1723 5172 et
1746 5110 1891 5175 omnium

308 5330 374 5388 8⁶14.
431 5330 543 5399 resslau]
579 5333 607 5398 a)
627 5330 734 5384 scietB
798 5328 828 5399 b)
852 5328 904 5382 nia
921 5327 1045 5383 soc'liaB
1110 5331 1136 5396 c)
1160 5328 1256 5396 nudis,
1272 5347 1304 5384 so
1320 5332 1385 5384 dosa
1401 5316 1446 5384 etis
1463 5332 1554 5385 ΒΜ
1572 5332 1649 5398 (abu,
1667 5332 1693 5385 Β
1759 5330 1892 5402 dipprst

192 5421 221 5461 ω
417 5419 450 5455 ac
468 5404 502 5468 B,
526 5402 577 5468 apl.
595 5403 631 5454 D.
643 5405 706 5468 372,
733 5401 760 5455 Β.
777 5404 831 5454 47⁶
851 5402 883 5456 Z.
900 5404 935 5452 36
1007 5401 1034 5466 a)
1061 5398 1253 5454 Erberbardus
1269 5402 1295 5454 B
1366 5401 1393 5471 f)
1420 5403 1490 5457 wohl
1511 5403 1664 5457 oebwltds
1688 5405 1818 5458 Μελ
1841 5407 1892 5457 mit

396 5471 908 5538 dorMeinmith‚doribietmor4,
933 5474 1033 5538 1003)
1058 5471 1348 5526 corworo
1373 5475 1448 5527 etan
1473 5475 1891 5530 Violenter-Kammo-

393 5545 491 5670 ἴση
516 5545 646 5598 cedenti
734 5545 777 5619 g).
793 5559 897 5608 mensu,
915 5542 982 5597 oum
998 5543 1293 5612 Alburnum,
1312 5545 1339 5597 B
1424 5544 1455 5615 h)
1480 5543 1622 5601 Othelildsr
1641 5546 1667 5599 B
1749 5546 1770 5615 i)
1797 5546 1848 5602 bec
1866 5548 1892 5600 Β

417 5620 428 5685 )
452 5616 596 5671 nomsnbr.
615 5616 678 5669 oder
694 5614 837 5668 nonienbr.
854 5614 887 5668 Β.

309 5674 380 5763 sra'
401 5702 609 5774 [rora-susal
645 5707 672 5773 a)
692 5720 747 5772 quo
764 5704 864 5757 „aas
881 5702 1068 5770 namra
1085 5703 1267 5770 mosa
1284 5719 1320 5755 a
1337 5705 1394 5757 aas
1466 5704 1496 5774 s)
1517 5720 1621 5762 sm.
1639 5706 1719 5760 aas
