4836 6504
1123 468 1585 529 KAISERURKUNDEN.

627 669 746 744 abripere
769 669 1006 744 oocbpelropoueu
1029 669 1142 729 Nomen
1164 669 1231 728 siud
1251 670 1345 728 sicher·
1358 688 1422 729 ⁴voe
1439 669 1497 729 Bo.
1512 668 1534 727 I
1552 669 1737 744 pescbriobeo.
1778 668 1831 727 Ab
1850 668 1971 743 Vorloqe
1992 669 2043 727 bat
2060 666 2101 726 D.
2121 668 2183 726 144

628 777 746 852 perticat.
794 776 879 834 Folle
900 776 947 834 die
969 775 1134 850 Dotioaop
1160 777 1367 850 aoobpetropao
1395 777 1445 845 iet,
1475 793 1536 834 was
1565 777 1622 835 wir
1650 777 1729 834 uiolet
1758 776 1851 835 stobe
1880 777 2034 846 feststelleu
2055 776 2183 845 bonuau,

629 892 708 942 codro
729 882 770 941 D.
788 884 847 940 156
870 884 915 941 als
937 883 991 942 dos
1012 888 1120 955 sputost
1141 883 1333 957 qescbrtcbeae
1355 882 1454 953 Stetclc,
1476 883 1509 940 iu
1531 882 1595 942 dem
1617 884 1674 941 wir
1694 883 1771 942 diosc
1793 882 1990 957 Erscbanaup
2013 883 2184 941 boobacbtea

628 991 748 1060 bonum,
779 990 945 1058 orszmebeu,
975 991 1148 1063 mesomedes
1176 990 1237 1047 abo
1266 990 1339 1048 oocb
1368 989 1415 1048 die
1444 991 1524 1048 letzte
1549 990 1602 1048 der
1622 1008 1687 1047 oom
1710 989 1736 1047 1.
1754 984 1913 1048 Noomtber
1935 990 2016 1049 1007
2037 989 2183 1048 dotiertea

634 1097 799 1169 Urbem,
823 1097 909 1155 deren
934 1095 1055 1155 Coutart
1076 1097 1162 1155 sebon
1183 1114 1237 1155 vor
1258 1096 1322 1155 dau
1345 1097 1372 1154 1.
1390 1096 1550 1155 November
1570 1096 1748 1170 pescbriobm
1769 1096 1819 1154 ist.
2207 1129 2223 1167 5

631 1256 688 1325 (C.)
712 1245 730 1335 ᾖ
753 1247 793 1310 In
815 1248 946 1310 nomine
970 1258 1102 1311 sanetae
1127 1257 1160 1310 et
1189 1245 1358 1311 individue
1388 1248 1551 1310 trinitatis,
1604 1246 1781 1310 Heinrieus
1812 1246 1924 1310 divina
1953 1247 2084 1310 favente
2115 1246 2182 1311 cle-

524 1356 645 1418 mentia
667 1378 737 1418 rex.
844 1367 1066 1417 saluberrimusn
1085 1369 1171 1431 igitur
1189 1369 1261 1417 sacri
1281 1367 1383 1433 eloquii
1409 1368 1628 1418 institutionibus
1649 1369 1787 1417 erudimur
1807 1376 1834 1416 ct
1853 1369 2037 1426 admonemur,
2062 1376 2092 1416 ut
2110 1378 2181 1417 tem-

524 1475 630 1541 poralia
649 1475 835 1539 relinquentes
863 1476 935 1525 bona
962 1482 990 1524 et
1013 1483 1123 1525 terrena
1142 1482 1338 1539 postponentes
1359 1475 1502 1525 commoda
1519 1468 1533 1540 ξ
1552 1482 1664 1525 aeterna
1690 1484 1718 1524 et
1743 1475 1800 1524 sine
1825 1476 1878 1525 fine
1904 1491 2032 1525 mansura
2057 1477 2085 1525 in
2112 1474 2182 1541 celis

524 1585 682 1632 studeamus
702 1584 817 1646 adipisci
837 1583 1008 1632 consistoria.
1046 1586 1221 1648 Quapropter
1239 1598 1288 1631 nos
1308 1582 1451 1631 dominicis
1475 1598 1529 1631 nou
1552 1583 1666 1631 surdum
1685 1583 1809 1631 auditum
1829 1583 1974 1647 prebentes
1994 1584 2131 1647 preceptis
2152 1592 2182 1631 er

525 1690 628 1739 deificis
648 1691 864 1755 obtemperando
883 1690 1057 1739 intendentes
1077 1690 1252 1739 suasionibus
1271 1689 1407 1753 quendam
1431 1694 1541 1738 nostrae
1566 1696 1697 1754 paternae
1724 1690 1883 1740 hereditatis
1910 1690 1999 1740 locum
2019 1691 2183 1741 Babenberc
2206 1708 2235 1747 ro

525 1797 628 1845 dictum
648 1797 676 1845 in
694 1797 787 1846 sedem
807 1804 834 1845 et
854 1795 963 1846 culmen
983 1798 1157 1861 episcopatus
1176 1794 1350 1845 sublimando
1370 1797 1545 1861 proveximus
1558 1801 1586 1846 et
1599 1796 1722 1847 Romana
1739 1799 1905 1848 auctoritate
1919 1806 2001 1862 atque
2016 1796 2183 1848 venerabilis

526 1903 906 1967 Heinricinirciburgeusis
933 1904 1054 1969 episcopi
1082 1918 1217 1954 consensu
1244 1920 1276 1952 ac
1302 1904 1361 1967 pari
1388 1905 1579 1967 communique
1606 1905 1726 1953 omnium
1753 1905 1838 1954 nostri
1865 1903 1985 1955 fidelium
2011 1914 2066 1955 tam
2093 1908 2182 1956 arehi-

527 2011 718 2074 episcoporum
739 2025 821 2074 quam
841 2012 1032 2076 episcoporum
1046 2012 1231 2074 abbatumque
1245 2026 1296 2060 nec
1310 2026 1363 2059 non
1377 2011 1477 2059 ducum
1492 2019 1519 2060 et
1532 2012 1662 2060 comitum
1676 2010 1803 2062 consultu
1822 2012 1987 2077 decretoque
2005 2015 2034 2062 iu
2051 2013 2182 2063 honorem

526 2124 639 2166 sanctae
659 2118 703 2166 dei
722 2118 863 2181 genitricis
877 2117 981 2167 Mariae
1000 2124 1213 2183 sanctorumque
1233 2116 1419 2183 apostolorum
1434 2117 1509 2167 Petri
1530 2124 1557 2167 et
1570 2116 1651 2166 Pauli
1670 2134 1722 2168 nee
1741 2134 1796 2168 nou
1815 2120 1954 2169 martirum
1968 2118 2079 2184 Kyliaui
2099 2127 2183 2184 atquc

527 2224 620 2273 tieorii
639 2223 822 2274 stabilivimus
842 2232 869 2273 et
889 2225 1134 2284 corroboravimus,
1161 2232 1192 2274 ut
1216 2232 1243 2274 et
1262 2226 1329 2274 inibi
1349 2234 1470 2274 nostrum
1494 2232 1694 2289 parentumque
1720 2234 1874 2276 nostrorum
1901 2225 2010 2276 celebre
2035 2228 2185 2277 haberetur
2206 2242 2233 2279 rs

494 2368 498 2377 .
528 2329 686 2380 irremoriale
706 2340 734 2381 ct
752 2333 824 2395 iugis
843 2348 892 2396 pro
913 2333 1039 2382 omnibus
1058 2333 1199 2382 ortodoxis
1219 2333 1308 2383 hostia
1326 2339 1494 2382 mactaretur
1512 2331 1649 2382 salutaris.
1694 2334 1812 2384 Proinde
1832 2335 2077 2383 noveritomnium
2099 2335 2184 2383 nostri

527 2437 647 2487 fidelium
667 2446 722 2488 tam
741 2455 854 2505 presens
873 2448 932 2489 etas
952 2455 1033 2503 quam
1053 2446 1081 2488 et
1099 2455 1261 2489 successura
1280 2441 1434 2505 posteritas,
1462 2441 1527 2504 quia
1545 2457 1594 2490 nos
1613 2448 1723 2491 nostrae
1743 2443 1877 2505 quendam
1897 2441 2074 2507 proprietatis
2094 2440 2183 2490 locum

531 2531 709 2618 Nuzpacllb
728 2548 831 2597 dictum
851 2549 878 2597 in
898 2564 970 2613 pago
989 2533 1224 2597 blortenovua⁰
1245 2554 1272 2596 ct
1291 2549 1321 2597 in
1340 2549 1471 2597 comitatu
1491 2533 1645 2597 Hesslnl⁰
1668 2550 1776 2598 comitis
1798 2550 1880 2598 situm
1905 2551 1940 2599 ad
1964 2550 2078 2599 candem
2101 2565 2185 2614 supra

531 2655 631 2704 dictam
652 2654 836 2719 episcopalem
856 2656 949 2704 sedem
968 2655 1129 2706 Babeuberc
1148 2656 1248 2705 dictam
1269 2671 1331 2704 eum
1351 2656 1477 2705 omuibus
1501 2657 1561 2705 cius
1580 2657 1752 2720 pertinentiis
1771 2658 1830 2707 sivo
1855 2658 2029 2717 adhereatiis,
2054 2656 2185 2707 videlicet

531 2762 598 2810 vicis
617 2760 690 2811 villis
710 2760 853 2811 aecclesiis
873 2760 988 2827 capellis
1007 2763 1093 2811 servis
1113 2768 1140 2811 et
1160 2760 1267 2811 ancillis
1287 2764 1357 2812 arcis
1375 2762 1508 2821 aedificiis
1528 2764 1607 2813 terris
1627 2761 1709 2813 cultis
1727 2770 1755 2813 ot
1771 2764 1884 2815 incultis
1896 2765 1947 2814 viis
1964 2765 2047 2814 inviis
2067 2765 2186 2814 exitibus
2205 2776 2234 2814 ιο

531 2876 558 2916 ct
577 2869 710 2918 reditibus
730 2869 862 2932 quaesitis
881 2868 926 2917 vel
951 2869 1120 2932 inquirendis
1147 2868 1223 2917 silvis
1249 2869 1396 2919 forestibus
1421 2870 1525 2933 saginis
1551 2871 1746 2920 venationibus
1772 2872 1850 2935 aquis
1877 2873 2080 2937 piscacionibus
2106 2870 2186 2920 molis

531 2974 694 3024 molendinis
713 2975 795 3024 rebus
814 2973 963 3025 mobilibus
983 2984 1010 3025 et
1029 2974 1206 3025 inmobilibus
1226 2992 1259 3025 ae
1279 2977 1377 3025 ceteris
1403 2978 1528 3026 omnibus
1548 2993 1618 3041 quae
1644 2978 1696 3026 rite
1723 2979 1805 3027 scribi
1825 2976 1868 3027 vel
1889 2973 2045 3043 appellari(¹
2072 2986 2186 3043 possunt

531 3081 713 3146 quoquolibet
731 3084 812 3132 modo
839 3081 1015 3143 utilitatibus,
1042 3084 1114 3133 hace
1141 3092 1250 3133 nostrae
1276 3085 1450 3134 auctoritatis
1476 3083 1627 3150 preceptali
1653 3087 1767 3149 pagina,
1796 3092 1878 3149 prout
1904 3085 2006 3134 firmius
2032 3101 2185 3151 possumus,

532 3191 664 3239 donamus
684 3196 767 3254 atque
787 3192 997 3255 proprietamus,
1024 3192 1145 3240 omnium
1172 3191 1390 3241 contradictione
1417 3198 1529 3251 remota,
1556 3192 1740 3257 precipientes
1766 3193 1857 3256 igitur,
1883 3198 1913 3241 ut
1937 3193 1967 3241 iu
1990 3192 2043 3241 deo
2069 3190 2186 3242 dilectus

531 3298 609 3346 nobis
628 3314 693 3361 sepe
717 3299 789 3365 dicte
815 3299 888 3347 sedis
914 3298 1088 3347 Eberhardus
1115 3299 1262 3363 episcopus
1290 3297 1402 3347 liberam
1429 3299 1527 3352 dehine
1552 3299 1652 3348 habeat
1678 3305 1843 3363 potestatem
1869 3300 1966 3363 suique
1991 3294 2187 3348 successoresf
2206 3310 2235 3348 25

532 3405 648 3457 eundem
668 3404 759 3455 locum
779 3390 957 3477 Nuzptwh⁰
978 3406 1081 3454 dictum
1101 3422 1163 3455 eum
1183 3406 1308 3455 omuibus
1327 3406 1498 3471 appendiciis
1518 3407 1575 3455 suis
1600 3407 1712 3456 tenendi
1738 3407 1894 3471 possidendi
1914 3422 1963 3456 seu
1982 3408 2116 3472 quicquid
2134 3408 2187 3457 sibi

533 3513 618 3562 libeat
636 3513 723 3562 modis
743 3514 869 3563 omnibus
889 3514 917 3562 in
937 3529 1016 3562 usum
1041 3514 1216 3578 episcopatus
1242 3514 1304 3562 inde
1330 3514 1459 3563 faciendi.
1502 3515 1531 3562 Si
1558 3515 1617 3577 quis
1643 3514 1736 3577 igitur,
1763 3515 1837 3579 quod
1863 3514 1943 3574 absit,
1968 3515 2051 3564 buius
2077 3522 2189 3564 nostrae

533 3621 688 3670 donationis
717 3620 929 3670 munificentiam
957 3621 1097 3669 destruere
1124 3622 1181 3669 sive
1208 3619 1313 3670 violare
1340 3628 1491 3685 presumet,
1520 3622 1548 3670 in
1573 3622 1721 3671 novissimo
1750 3622 1794 3671 die
1819 3628 1956 3670 tormento
1982 3621 2189 3685 inextinguibili

533 3744 623 3777 coram
644 3726 732 3777 oculis
752 3729 795 3777 dei
817 3727 882 3778 luat.
921 3729 1054 3789 Quodne
1074 3728 1129 3787 fiat,
1149 3730 1197 3777 sed
1216 3729 1284 3778 haec
1303 3728 1414 3777 traditio
1434 3736 1527 3777 nostra
1546 3728 1580 3777 ab
1601 3729 1726 3777 omuibus
1745 3728 1904 3793 incorrupta
1921 3734 2091 3792 pcnuaueat,
2118 3730 2190 3778 hauc

534 3842 636 3884 cartam
656 3836 719 3884 iude
739 3837 921 3900 conscriptam
942 3852 1022 3885 manu
1042 3837 1153 3901 propria
1172 3837 1333 3885 roborantes
1352 3833 1436 3898 sigilli
1457 3836 1542 3883 nostri
1561 3835 1731 3899 inpressione
1751 3835 1875 3898 insigniri
1895 3836 2031 3884 iussimus.
2211 3855 2239 3893 30

639 3952 656 4042 ᾖ
681 3954 818 4039 Signum
842 3954 952 4018 domui
976 3954 1125 4018 Heinrici
1149 3964 1213 4032 (tt.)
1237 3956 1324 4039 regis
1348 3954 1563 4017 invictissimi.
1588 3952 1605 4042 ᾖ

639 4096 656 4185 ξ
680 4096 892 4161 Eberhardus
917 4097 1130 4161 cancellarius
1153 4099 1226 4161 vioe
1250 4095 1417 4181 Uuilligisi
1440 4095 1695 4181 archicapellani
1717 4097 1904 4181 recognovi.
1928 4094 1946 4184 ᾗ
2022 4105 2079 4175 (SI.
2102 4104 2145 4169 2.)

640 4241 729 4303 Data
748 4239 813 4302 kal.
830 4262 905 4303 nov.
923 4239 1101 4303 indictione
1118 4255 1152 4322 v,
1172 4262 1257 4303 auno
1277 4238 1439 4303 dominice
1459 4236 1716 4326 iucarnatlionis]
1737 4253 1828 4319 MVII,
1849 4237 1945 4325 [auno
1964 4237 2056 4326 vero]
2078 4239 2192 4304 domni

537 4347 682 4409 lleinrici
707 4346 841 4409 secundi
867 4349 1032 4429 regnantis
1048 4362 1102 4431 V13
1134 4360 1242 4410 aetum
1266 4345 1525 4427 Frankonofurt3
1556 4344 1694 4408 feliciter
1717 4367 1822 4408 amen.

1338 4672 1425 4757 157.
2215 4726 2244 4764 s

536 4816 713 4890 Heinrich
740 4815 885 4889 seltener
910 4816 989 4890 desa
1015 4844 1087 4889 oou
1112 4817 1186 4889 ilem
1209 4816 1456 4914 qepododeten
1475 4815 1641 4888 Bistbom
1662 4815 1845 4913 Barabeop
1866 4815 1962 4888 seiae
1988 4814 2092 4889 tlseids
2117 4844 2194 4892 oon

533 4938 652 5010 selues
685 4936 821 5008 diutior
854 4937 1031 5026 ererbteu,
1068 4935 1168 5007 tbez'ls
1203 4961 1275 5007 oon
1310 4934 1376 5007 der
1410 4934 1531 5007 Biliut
1568 4933 1835 5033 empsoopeueu
1869 4933 2111 5033 Besitzaupeu
2147 4963 2196 5011 za

534 5055 779 5129 Helcdeultoll.
1648 5081 1818 5152 Froulrfort
1836 5081 1916 5141 1007
1933 5079 2096 5140 Nmember
2117 5084 2145 5142 1.

644 5246 888 5319 Oripbmldmlom
911 5246 951 5303 bu
974 5246 1001 5303 le.
1022 5244 1229 5303 Reiobaorcbio
1251 5262 1285 5302 zu
1308 5244 1449 5302 *listulas
1476 5244 1547 5309 (A).

645 5390 818 5448 Ussertuouu
834 5388 891 5461 Ep.
909 5388 1025 5456 Barab,
1041 5387 1152 5460 prolop.
1170 5388 1210 5445 30
1225 5386 1272 5445 eil.
1284 5415 1328 5423 -
1347 5386 1555 5444 Ocalerreo'cber
1572 5386 1599 5442 iu
1619 5384 1763 5457 Gebffuote
1777 5384 1900 5441 Archiae
1916 5374 1958 5451 1⁶,
1974 5383 2034 5439 369
2057 5386 2122 5442 u⁰1
2140 5406 2198 5446 oras
2217 5416 2249 5452 ιο

617 5504 622 5515 ’
642 5498 677 5554 A.
705 5525 744 5533 -
771 5495 850 5553 Mou.
871 5495 965 5552 Boios
984 5496 1051 5563 28¹¹,
1076 5494 1134 5551 373
1154 5496 1186 5551 u⁰
1200 5495 1263 5551 238
1286 5510 1339 5551 oua
1358 5494 1394 5550 Α.
1412 5523 1455 5529 -
1475 5492 1597 5550 Boium·
1618 5491 1688 5565 Rep.
1707 5491 1792 5550 1019.
1810 5520 1854 5527 -
1874 5488 1996 5560 Stampf
2007 5488 2081 5564 Rep.
2101 5494 2196 5553 1476.

607 5698 669 5753 lae.
696 5696 842 5766 [Bresslau]
881 5700 906 5749 al
926 5700 949 5749 Α
1009 5697 1037 5765 b)
1057 5699 1086 5747 in
1104 5697 1192 5760 dafitr
1208 5698 1339 5761 polemone
1357 5696 1445 5747 leclce
1462 5696 1671 5760 noctipetroqm
1689 5695 1720 5745 ob
1736 5710 1786 5744 oon
1805 5692 1858 5743 ΕΒ
1876 5694 1938 5745 orior
1956 5692 2005 5744 Bo.
2018 5692 2042 5755 l,
2064 5696 2100 5744 set
2119 5698 2199 5750 aiem

696 5771 781 5820 sicher
799 5787 832 5818 zu
852 5769 1013 5820 artscboidca
1086 5769 1110 5831 c]
1131 5771 1158 5819 in
1178 5769 1266 5830 dorsete·
1283 5769 1414 5833 polosame
1433 5768 1520 5818 delce
1538 5783 1587 5818 oon
1606 5767 1656 5818 Bo.
1671 5766 1691 5816 Ι
1704 5765 1896 5829 nocbpetrupm
1967 5761 1996 5820 d)
2015 5763 2067 5813 dvm
2086 5774 2159 5821 erae
2178 5787 2200 5838 p

696 5856 764 5892 corr.
784 5856 834 5888 orvs
853 5840 871 5891 b
955 5842 979 5905 e)
999 5858 1014 5892 c
1032 5855 1102 5893 corr.
1121 5857 1172 5890 aas
1191 5858 1205 5891 e
1291 5839 1316 5906 t')
1336 5839 1465 5889 seruabere
1482 5839 1540 5889 dem
1557 5840 1663 5889 zroeiten
1681 5836 1738 5887 arrd
1754 5837 1812 5886 don
1830 5837 1929 5886 drittm
1947 5849 1959 5883 s
1977 5834 2066 5885 turne
2087 5836 2199 5895 Rosur,
