4800 6516
507 488 547 551 18
1099 486 1561 545 KAISERURKUNDEN.

505 687 690 739 Treiectensis
716 684 833 755 ecclesie
851 682 1016 735 venersbilie
1036 683 1160 748 episcopi
1184 689 1212 732 et
1230 681 1381 731 hacconis
1406 679 1549 730 reverendi
1575 675 1693 745 presulis
1714 679 1801 729 nostri
1824 674 1945 747 predicte
1964 673 2023 724 sedi
2042 671 2154 722 Traiec-

506 795 592 845 tensis
618 791 734 863 ecclesie
757 794 786 842 in
811 792 917 842 honore
942 790 1031 841 sancti
1051 789 1163 839 Martini
1180 801 1197 833 r
1223 794 1381 858 constructe
1405 787 1530 838 dedimus
1556 786 1648 852 largiti
1670 800 1765 835 sumus
1790 792 1817 835 et
1839 784 1950 834 omnino
1969 780 2155 831 concessimus

508 916 615 951 omnem
635 900 788 949 districtum
812 913 895 964 super
919 895 1014 947 villam
1037 890 1152 947 Bdmela
1178 902 1206 947 et
1230 911 1313 961 super
1336 900 1444 954 cuncta,
1471 910 1524 964 qne
1550 893 1585 943 ad
1608 893 1722 943 eandem
1744 890 1838 942 villam
1856 891 2002 956 pertinent,
2027 884 2157 936 videlicet

508 1005 619 1075 publice
642 1007 681 1056 rei
705 1005 840 1063 subiecta,
866 1001 1027 1054 teloneum⁸
1049 1018 1115 1053 vero
1139 1008 1276 1053 monetam
1295 1008 1323 1052 et
1341 1002 1488 1066 negocium
1507 997 1636 1066 genersle
1655 999 1815 1066 fermentate
1834 997 1958 1065 cervisie,
1977 993 2053 1060 quod
2070 991 2155 1057 vulgo

509 1114 584 1177 gruit
608 1119 792 1178 nuncupatur,
818 1112 900 1160 immo
920 1109 1051 1175 quicquid
1076 1109 1105 1159 in
1131 1111 1186 1159 ism
1205 1108 1280 1159 dicta
1298 1106 1366 1158 ville
1390 1108 1426 1158 ad
1451 1104 1591 1173 publicum
1613 1107 1734 1156 bannum
1759 1106 1818 1154 sive
1841 1103 1996 1153 districtum
2021 1101 2156 1166 pertinere
2180 1105 2195 1144 b

509 1221 598 1269 risum
617 1224 659 1270 est
682 1220 711 1268 in
731 1219 864 1268 comitatu
883 1216 1006 1267 Unrochi
1025 1216 1133 1266 comitis
1152 1217 1182 1264 in
1201 1231 1273 1280 pago
1292 1215 1456 1265 Testerbent
1474 1214 1548 1264 dicto
1568 1214 1769 1277 situm,'atque
1788 1209 1904 1261 eundem
1923 1209 2077 1258 districtum
2096 1222 2157 1255 cum

511 1331 622 1376 moneta
641 1326 730 1375 banno
748 1338 764 1369 s
785 1322 896 1375 teloneo
916 1329 944 1373 et
962 1324 1048 1373 totius
1072 1319 1182 1389 publice
1205 1323 1245 1372 rei
1263 1321 1405 1371 iunctione
1427 1318 1563 1389 prelibato
1582 1320 1700 1371 cenobio
1719 1320 1807 1369 sancti
1826 1317 1938 1367 Martini
1956 1315 2156 1366 confessoris*

511 1432 685 1483 tradimus.
724 1433 840 1497 Insuper
862 1431 916 1481 sibi
935 1429 1106 1487 donavimus,
1132 1427 1263 1493 quicquid
1282 1428 1380 1494 Poppo
1399 1425 1472 1477 tilius
1491 1427 1613 1492 Weigeri
1636 1425 1733 1477 habuit
1757 1427 1787 1474 in
1812 1424 1990 1474 ministerium
2015 1424 2044 1471 iu
2063 1420 2159 1472 eodem

512 1543 644 1591 comitatu
667 1549 695 1591 et
716 1542 744 1590 in
763 1537 831 1590 villa
849 1537 943 1597 Arclo‚
969 1538 1152 1604 proprietario
1176 1536 1235 1584 iure
1261 1533 1425 1593 habendum,
1451 1533 1500 1583 tali
1520 1533 1617 1583 ordine
1637 1538 1667 1583 ut
1690 1532 1812 1601 prefatus
1831 1530 1975 1581 Ansiridus
1994 1527 2159 1580 venerabilis

511 1646 604 1717 presul
630 1649 728 1712 suique
753 1660 928 1696 successores
948 1643 1057 1694 easdem
1076 1658 1119 1693 res
1138 1658 1188 1708 per
1206 1648 1326 1691 nostram
1345 1640 1579 1692 confirmationem
1602 1640 1717 1690 traditas
1741 1642 1836 1689 teneat
1854 1637 1984 1703 disponat
2006 1636 2114 1686 ordinet
2132 1642 2161 1686 et
2179 1646 2207 1684 ιο

513 1753 677 1819 perfruatur,
703 1760 796 1803 nostra
815 1753 991 1815 omniumque
1009 1756 1166 1800 nostrornm
1185 1746 1384 1815 perpetualiter
1402 1754 1508 1798 remota
1526 1746 1753 1797 contradictione.
1789 1745 1826 1795 Et
1845 1750 1875 1794 ut
1891 1758 1908 1789 s
1929 1750 2021 1813 nostre
2040 1743 2159 1793 auctori·

514 1861 579 1910 tatis
597 1861 699 1926 pagins
717 1858 793 1909 firma
811 1862 978 1923 permaneat,
1000 1856 1070 1906 hanc
1089 1870 1172 1905 manu
1190 1855 1302 1921 propria
1321 1854 1560 1904 corroboravimus
1580 1859 1608 1903 et
1625 1851 1767 1918 sigillare
1791 1853 1972 1921 precepimus.

622 1994 760 2081 Signum
782 1993 893 2059 domni
915 1992 1066 2057 Heinrici
1088 1992 1175 2077 regis
1198 1992 1413 2056 invictissimi.

621 2134 831 2223 Egilbertusb
860 2137 1072 2202 cancellarius
1095 2136 1169 2199 vice
1188 2134 1352 2221 Willegisi
1375 2133 1614 2221 archiepiscopi
1636 2156 1745 2219 recog.

623 2280 712 2344 Data
742 2294 796 2344 111.
824 2302 900 2344 non.
929 2290 1010 2366 sept.
1041 2301 1126 2343 anno
1157 2276 1320 2365 dominice
1350 2277 1584 2341 incarnationis
1611 2290 1682 2357 Mil,
1713 2274 1890 2340 indictione
1913 2280 1938 2357 1,
1969 2295 2054 2338 anno
2084 2292 2211 2337 vero1⁶

519 2387 629 2452 domni
651 2387 800 2451 Heinrici
824 2387 911 2472 regis
934 2400 965 2469 13
990 2397 1098 2450 sctum
1121 2384 1235 2449 Elisla.

1317 2678 1390 2768 le·

521 2846 698 2921 Heinrich
724 2846 890 2945 bestdtipt
913 2844 984 2918 den
1009 2843 1192 2917 ulmobel
1216 2870 1289 2917 con
1314 2840 1352 2918 S.
1374 2842 1482 2917 Burri
1506 2870 1551 2917 zu
1576 2843 1698 2918 Reims
1725 2844 1795 2918 deu
1821 2843 1910 2941 Hos
1927 2843 2051 2917 Kesel.

1674 2982 1790 3042 sacen
1812 2985 1893 3041 1002
1915 2981 2075 3056 esposse
2093 2982 2121 3040 9.

630 3159 802 3235 Οορίαὶὸιιεὶι
830 3159 882 3218 der
903 3159 988 3218 Aurei
1018 3157 1048 3218 S.
1072 3158 1159 3218 Rene
1188 3176 1241 3217 mss
1269 3159 1333 3218 dem
1360 3158 1481 3234 Anfunp
1510 3160 1559 3219 der
1588 3161 1635 3219 13.
1659 3160 1712 3221 Ji.
1731 3179 1765 3235 p.
1787 3163 1827 3220 98
1856 3161 1896 3220 im
1920 3159 2104 3219 Stadturctic
2132 3178 2168 3218 cu
2186 3181 2214 3219 ro

629 3266 729 3326 Reium
746 3265 824 3338 (B);
847 3267 900 3325 mit
917 3264 1102 3325 Correctureu
1125 3284 1178 3324 um
1200 3265 1251 3324 der
1272 3266 1387 3324 zwciteu
1405 3265 1513 3337 Hulfte
1534 3266 1583 3325 des
1602 3267 1648 3325 14.
1668 3267 1721 3328 Ji.
1743 3263 1816 3335 (B1)
1841 3267 2074 3327 wuirsclaeinie'cb
2095 3266 2168 3324 naci

628 3374 718 3432 duom
737 3373 867 3432 Vidimus
884 3372 932 3432 des
947 3372 1079 3431 Reimser
1097 3371 1233 3444 Officiols
1254 3391 1318 3431 vom
1336 3372 1368 3433 J.
1386 3373 1472 3431 1306.
1497 3402 1541 3411 -
1566 3372 1739 3448 Gopialbucb
1761 3393 1815 3433 voa
1830 3373 2013 3450 Remipiberp
2035 3391 2088 3433 oses
2105 3372 2168 3432 dem

630 3482 678 3538 18.
695 3479 747 3540 Jl.
770 3482 794 3550 f.
814 3481 835 3539 5
856 3498 910 3539 uus
931 3479 1085 3539 esseben
1105 3479 1235 3538 Vidimus
1256 3480 1297 3537 im
1319 3479 1346 3538 lc.
1372 3479 1563 3538 Krcisurclriv
1585 3498 1619 3538 zu
1642 3479 1750 3555 speyer
1770 3479 1834 3548 (C).

630 3622 742 3682 Morlot
763 3622 844 3681 Hist.
868 3627 949 3681 sectr.
974 3621 1124 3680 Reuersus
1145 3622 1176 3691 2,
1199 3623 1240 3680 58
1268 3621 1342 3680 wohl
1371 3640 1424 3680 aas
1445 3620 1476 3679 B
1499 3642 1541 3668 =
1564 3621 1676 3681 Merlot
1699 3621 1779 3681 Hist.
1804 3623 1838 3681 de
1860 3623 1891 3682 la
1919 3624 1987 3682 ville
2013 3624 2047 3682 dc
2069 3624 2170 3683 Reims

631 3731 660 3798 3,
684 3731 743 3788 695
771 3729 880 3799 22012,
914 3748 956 3775 =
986 3727 1085 3803 Mipnc
1113 3727 1226 3787 Petrol.
1258 3728 1326 3797 140,
1349 3729 1411 3787 237
1439 3730 1472 3787 ’θ’
1494 3730 1521 3787 1.
1555 3757 1599 3767 -
1629 3729 1755 3788 Bdbmer
1777 3729 1848 3804 Rep.
1873 3731 1940 3790 905.
1974 3760 2017 3769 —
2051 3729 2174 3806 Stampf
2188 3748 2217 3787 ss

630 3834 701 3911 Rep.
725 3836 813 3894 1322.

632 3977 716 4037 Naclr
738 3976 807 4036 Do,
831 3976 859 4036 I.
882 3979 946 4036 286
968 3976 1201 4036 wolracbcinliclr
1222 3976 1397 4051 pescbrieboa
1417 3995 1473 4036 von
1495 3976 1562 4037 ΕΒ.

634 4165 674 4228 In
705 4164 835 4228 nomine
868 4176 979 4228 sancte
1012 4174 1044 4227 et
1075 4161 1244 4247 individue
1278 4163 1439 4227 trinitatis,
1492 4162 1655 4227 Henricus
1688 4162 1801 4228 divina
1834 4164 1964 4229 favente
2000 4166 2171 4232 clementia

527 4295 597 4337 rex.
690 4285 826 4346 Quoniam
844 4271 934 4359 regie
953 4284 1095 4349 dignitatis
1114 4283 1235 4332 officium
1254 4299 1314 4334 esee
1333 4290 1450 4342 constat,
1470 4290 1500 4333 ut
1519 4286 1685 4334 monasteria
1703 4285 1755 4335 deo
1776 4290 1804 4336 et
1821 4288 1922 4336 sanctis
1942 4288 2001 4337 eius
2020 4288 2111 4338 dicata
2129 4272 2171 4338 ol)

528 4383 747 4435 conservandum
771 4389 866 4452 sancte
890 4381 1031 4447 religionis
1054 4387 1155 4431 statum
1175 4381 1254 4431 novis
1273 4397 1379 4446 semper
1397 4380 1550 4446 privilegiis
1569 4389 1665 4432 contra
1684 4397 1778 4433 omnes
1796 4383 1983 4433 infestantium
2002 4386 2171 4435 incursiones
2191 4395 2218 4435 to

529 4483 699 4533 muniantur:
728 4479 832 4529 idcirco
859 4496 908 4530 nce
936 4482 1092 4531 interventu
1117 4478 1217 4549 dilecte
1244 4480 1369 4544 coniugis
1397 4485 1489 4547 nostre
1517 4465 1671 4530 Videlicet
1699 4467 1813 4553 regine
1844 4464 2054 4555 CunigundQ
2083 4481 2171 4533 tidelis

530 4590 612 4639 etium
637 4588 722 4637 nostri
749 4573 894 4658 episcopi
921 4573 1081 4659 Notgeri⁸
1112 4587 1188 4653 regie
1214 4593 1304 4655 nostre
1331 4587 1504 4636 auctoritatis
1531 4589 1661 4652 scriptum
1686 4589 1744 4638 sive
1770 4594 1928 4653 preceptum
1954 4589 2093 4640 monachis
2119 4590 2171 4640 deo

530 4692 680 4749 sanctoque
694 4685 820 4749 Remigio
840 4686 940 4735 eximio
954 4686 1121 4735 Francorum
1138 4684 1245 4733 doctori
1264 4684 1315 4733 sub
1335 4682 1453 4748 regulari
1474 4684 1619 4751 disciplina
1637 4686 1666 4734 in
1684 4686 1817 4735 suburbio
1829 4686 1975 4736 Remorum
1995 4686 2173 4739 militantibus

530 4801 547 4834 a
568 4791 686 4854 magno
710 4769 904 4854 imperatore
929 4766 1068 4833 Ottoneb
1096 4781 1181 4832 olim⁰
1205 4797 1367 4832 concessum
1394 4769 1477 4852 regii
1504 4784 1585 4832 etiam
1608 4784 1725 4833 nominis
1748 4785 1913 4834 auctoritate
1940 4800 1956 4834 s
1981 4784 2034 4835 deo
2052 4800 2068 4831 r
2094 4788 2173 4837 nobis

531 4880 633 4931 collata
652 4882 783 4931 roborare
803 4880 982 4930 decrevimus.
1019 4879 1099 4930 Unde
1118 4877 1245 4929 volumus
1264 4886 1291 4929 et
1309 4879 1421 4931 tirmiter
1439 4880 1572 4939 iubemus,
1591 4888 1622 4930 ut
1640 4888 1744 4930 curtem
1759 4880 1842 4932 Coela
1860 4887 1987 4932 vocatam
2006 4899 2068 4933 cum
2087 4887 2173 4935 omui·
2193 4895 2221 4935 ao

531 4990 583 5038 bus
609 4987 778 5052 appendiciis
803 4988 860 5035 suis
884 4986 918 5036 ad
938 4988 980 5036 ius
1000 4994 1027 5037 et
1046 4987 1243 5052 proprietatem
1262 4986 1383 5036 eiusdem
1403 4987 1477 5036 beati
1496 4987 1613 5051 Remigii
1633 4988 1812 5052 pertinentem
1831 4988 1901 5039 infra
1920 4991 1996 5054 regni
2015 4992 2102 5040 nostri
2121 4998 2173 5042 ter·

532 5097 620 5145 minos
640 5095 826 5153 constitutam,
853 5109 935 5158 quam
954 5094 1080 5142 omnibus
1099 5100 1171 5142 retro
1192 5094 1361 5158 temporibus
1380 5094 1431 5142 sub
1450 5094 1672 5144 antecessoribus
1692 5097 1792 5145 uostris
1812 5096 2012 5147 beneficiariam
2031 5113 2081 5163 pro
2100 5103 2175 5148 statu

533 5201 559 5244 et
584 5191 773 5242 incolumitate
800 5193 877 5256 regni
902 5177 954 5240 vel
980 5191 1086 5256 imperii
1115 5178 1165 5240 sui
1188 5176 1274 5241 idem
1297 5199 1434 5262 magnus
1457 5176 1554 5241 Οὶῐο(1
1577 5191 1612 5241 ad
1631 5208 1711 5242 usum
1729 5195 1846 5260 predicti
1865 5196 1982 5255 cenobii,
2010 5181 2095 5245 sicui
2116 5203 2175 5245 nos

532 5286 638 5365 motio,
661 5300 783 5349 remisit
802 5296 834 5348 el
852 5297 995 5357 absolvit,
1015 5297 1141 5348 monachi
1160 5297 1260 5347 ibidem
1279 5298 1332 5347 deo
1351 5304 1502 5363 sanctoque
1516 5298 1640 5363 Remigio
1658 5299 1823 5352 famulantes
1841 5303 1944 5366 absque
1964 5300 2047 5352 ullius
2067 5308 2174 5352 contre·

532 5399 654 5448 dictione
667 5404 779 5447 teneant
793 5404 819 5446 et
833 5396 998 5461 possideant,
1019 5403 1046 5446 et
1059 5395 1191 5461 quicquid
1210 5394 1336 5444 utilitatis
1351 5395 1449 5445 exinde
1462 5398 1627 5461 provenerit,
1646 5399 1703 5447 suis
1723 5404 1753 5447 ut
1772 5396 1883 5448 libuerit
1902 5400 1996 5449 usibus
2015 5399 2176 5464 adiungunt.
2194 5410 2223 5448 4ο

534 5504 632 5555 Nullus
653 5507 734 5554 etism
758 5503 841 5552 iudex
860 5500 904 5552 vel
923 5502 1074 5552 advocatus
1100 5502 1163 5552 hinc
1186 5500 1291 5567 aliquid
1313 5502 1440 5567 exigendi
1466 5502 1565 5552 habeat
1591 5510 1762 5569 potestatem,
1788 5506 1841 5555 nisi
1861 5512 1992 5569 quantum
2017 5507 2102 5557 abbas
2127 5515 2177 5557 aut

623 5692 942 5763 15.[F01tz-Bressuu]
1001 5696 1026 5759 a)
1046 5693 1149 5745 teleum
1168 5691 1205 5744 13²
1293 5693 1322 5759 b)
1338 5690 1521 5761 Rugelbertus
1539 5692 1583 5746 Bi.

623 5783 668 5838 le.
692 5780 933 5852 [Knemis-Bloch]
988 5784 1013 5845 s)
1033 5779 1137 5862 Nogeri
1156 5781 1201 5846 B¹,
1219 5781 1279 5851 geri
1297 5782 1353 5845 arcs
1368 5782 1479 5845 Rasum
1500 5799 1555 5834 roos
1573 5783 1766 5849 ursprrtnpls‘eh
1785 5787 1814 5836 in
1833 5785 1857 5836 B
1875 5785 1964 5837 hinte-
1982 5784 2025 5838 No
2043 5788 2124 5839 stami
2141 5789 2177 5839 ist

693 5855 766 5906 oriem
783 5871 818 5905 zu
836 5854 982 5914 orborum
1000 5851 1177 5905 NoccherrC
1252 5853 1281 5919 b)
1299 5850 1419 5906 Otthone
1439 5854 1461 5905 0
1537 5856 1562 5921 c)
1583 5853 1648 5906 olim
1667 5854 1732 5924 13¹0,
1751 5856 1818 5919 fehlt
1837 5859 1865 5907 in
1885 5858 1910 5908 B
1981 5856 2009 5925 d)
2026 5855 2112 5911 Ottho
2131 5858 2180 5911 BC
