4760 6512
817 469 1054 524 HEINRICH
1077 469 1115 524 Il.
1158 468 1252 524 1013.
1799 457 1860 519 311

320 663 377 731 (O.)
401 653 418 743 3
441 656 479 719 ln
503 656 633 720 nomine
657 668 790 721 sanotae
814 667 847 720 et
869 656 1058 721 individuae
1082 656 1244 720 trinitatis.
1290 655 1467 719 Heinricus
1498 653 1610 716 divina
1639 652 1770 716 favente
1801 650 1865 715 cle-

213 764 335 826 mentia
357 786 426 827 rex.
527 761 610 826 Cum
634 785 745 826 omnes
770 763 920 828 catholici
944 764 1178 849 cuiuscumque
1202 761 1403 826 condicionis
1427 760 1554 825 adhoc
1579 782 1737 824 summam
1761 759 1864 822 inten-

213 869 310 934 tionis
334 869 473 955 dirigere
489 867 507 957 3
522 868 674 949 debeant,
699 881 735 934 ut
757 869 889 935 domino
908 869 1121 956 ecclesiisque
1141 871 1174 933 in
1193 869 1315 933 honore
1335 868 1387 932 dei
1407 867 1525 931 dicatis
1545 865 1687 931 debitum
1709 865 1864 930 honorem

214 974 391 1039 exhibeant
413 988 445 1039 et
472 976 513 1039 de
544 975 705 1057 omnibus,
737 1000 801 1063 que
831 976 945 1041 divina
974 976 1154 1062 largientea
1184 976 1304 1062 pietate
1333 974 1551 1061 acceperintb,
1583 974 1706 1059 gratias
1736 971 1864 1057 agendo

182 1082 355 1147 somnium
379 1081 538 1147 bonorum
561 1082 707 1168 largitori
731 1081 911 1147 oblationes
942 1084 1120 1165 conferant,
1151 1106 1220 1166 nos,
1252 1104 1333 1169 quos
1356 1082 1489 1145 divinae
1513 1081 1734 1167 dispositionis
1757 1079 1865 1166 provi·

213 1188 324 1253 dantia
346 1189 389 1253 ad
412 1212 573 1254 summum
598 1191 645 1253 rei
667 1188 799 1279 publice
823 1189 952 1255 culmen
975 1190 1154 1277 regendum
1177 1190 1349 1277 promovit,
1374 1200 1495 1275 quanto
1519 1188 1591 1275 plus
1615 1187 1732 1252 ceteris
1750 1187 1784 1249 in
1802 1185 1865 1251 hoc

212 1295 332 1360 mundo
355 1298 523 1381 accepisse
543 1282 716 1378 cernimur,
740 1307 830 1361 tanto
850 1299 954 1383 magis
974 1298 1035 1362 deo
1054 1297 1288 1383 aecclesiisque
1308 1295 1420 1361 divino
1444 1295 1551 1385 cultue
1576 1294 1770 1380 mancipatis
1790 1316 1864 1357 cum

212 1402 389 1488 gratiarum
413 1400 603 1467 accionibus
627 1402 746 1466 cotidie
778 1404 893 1467 offerre
918 1403 1081 1469 debitores
1112 1426 1183 1467 esse
1208 1404 1481 1489 recognoscimus.
1530 1401 1737 1488 Quapropter
1761 1401 1866 1464 sciant

212 1532 324 1573 omnes
347 1508 460 1573 fideles
484 1511 585 1574 nostri
607 1520 776 1621 prepentes
801 1510 925 1575 scilicet
945 1534 984 1576 ac
1000 1511 1109 1593 futuri,
1134 1510 1271 1597 qualiter
1286 1533 1345 1575 nos
1362 1509 1541 1574 aecclesiae
1557 1507 1866 1573 Hildeneshemensi

169 1639 195 1680 ro
213 1617 246 1680 in
270 1615 391 1680 honore
416 1628 548 1681 sanctae
572 1616 696 1680 Mariae
721 1628 906 1703 constructe
936 1640 994 1704 pro
1025 1616 1169 1683 remedio
1193 1618 1322 1681 animae
1345 1627 1475 1681 nostrae
1500 1626 1532 1680 et
1555 1614 1765 1701 dilectissime
1789 1636 1865 1679 con-

214 1722 341 1787 tectalis
363 1734 493 1787 nostrae
517 1721 712 1808 Ounigunde
738 1723 888 1810 predium
912 1724 1076 1811 quoddam
1104 1723 1253 1789 dedimus
1283 1725 1317 1787 in
1340 1723 1427 1805 villa,
1459 1746 1543 1809 quae
1567 1732 1704 1787 vocatur
1725 1720 1808 1785 Ledi
1831 1723 1866 1785 in

214 1852 299 1915 pago
324 1828 500 1917 Gudinged
522 1831 556 1893 in
581 1833 736 1895 comitatu
759 1830 924 1895 Liudullid
948 1831 1106 1912 comitisl,
1138 1831 1364 1896 universaliter
1387 1829 1544 1916 quicquid
1566 1827 1690 1893 ibidem
1714 1852 1734 1892 a
1758 1828 1865 1892 Gode-

214 1936 298 2001 frido
322 1936 422 2001 milite
445 1948 555 2002 nostro
579 1937 740 2002 Bardonis
765 1938 891 2002 comitis
921 1937 986 2002 filio
1018 1937 1159 2002 donante
1190 1937 1335 2023 legitima
1358 1936 1539 2003 tradicione
1563 1937 1760 2022 accepimus,
1792 1959 1865 2000 cum

106 2119 111 2129 1
214 2042 364 2108 omnibus
388 2045 656 2129 appertinentiis⁰
679 2045 774 2108 terris
798 2044 892 2108 cultis
923 2056 955 2108 et
984 2044 1115 2109 incultis
1139 2044 1229 2108 silvis
1253 2042 1409 2132 pas[ou]is
1433 2043 1626 2108 molendinis
1650 2044 1743 2130 aquis
1767 2065 1865 2130 aqua·

170 2175 196 2216 a
214 2174 328 2215 rumve
352 2148 543 2215 decursibus
566 2150 802 2237 piscationibus
826 2152 997 2238 mancipiis
1021 2153 1189 2238 utriusque
1214 2174 1324 2233 sexus,
1355 2163 1494 2237 excepto
1524 2173 1589 2214 uno
1620 2162 1747 2215 tantum
1771 2173 1866 2215 servo

216 2258 271 2344 qui
294 2256 550 2321 Ruodmundus‘
574 2268 719 2339 vocatur,
750 2270 877 2322 etcum
902 2257 1053 2323 omnibus
1075 2259 1244 2344 acquisitis
1275 2260 1344 2322 sive
1369 2258 1571 2345 inquirendis
1595 2281 1637 2322 ex
1660 2269 1771 2322 nostra
1793 2281 1866 2345 pro-

214 2367 353 2451 prietate
376 2363 484 2428 eidem
507 2363 666 2429 ecclesiae
690 2363 798 2429 stabili
820 2365 890 2428 iure
915 2366 1145 2448 concessimus
1177 2388 1216 2429 ea
1246 2364 1379 2452 quidem
1403 2365 1594 2429 condicione
1624 2376 1660 2429 ut
1683 2364 1868 2451 specialiter

129 2540 132 2545 ,
216 2471 259 2536 ad
281 2494 396 2536 manus
420 2470 628 2551 confratrum,
653 2473 709 2556 qui
732 2470 855 2535 ibidem
879 2471 998 2536 divinis
1022 2470 1188 2559 obsequiis
1212 2471 1272 2536 sub
1292 2473 1451 2537 canonica
1474 2472 1588 2558 regula
1610 2483 1685 2536 sunt
1708 2471 1865 2558 deputati,

211 2578 379 2669 respiciat,
399 2588 431 2642 et
450 2579 477 2641 si
497 2578 575 2664 quid
591 2578 700 2665 aliquo
717 2577 812 2643 modo
829 2578 904 2642 inde
921 2580 1083 2663 exigatur,
1103 2579 1281 2643 eorundem
1296 2578 1428 2643 utilitati
1443 2578 1666 2643 tantummodo
1682 2577 1865 2664 deputetur,

172 2711 198 2749 ιο
215 2686 277 2750 isto
300 2696 409 2749 tamen
432 2685 528 2749 modo
552 2697 588 2749 ut
610 2708 670 2771 per
692 2684 838 2770 singulos
860 2708 974 2767 annos,
1005 2708 1079 2751 curn
1109 2685 1179 2749 dies
1203 2685 1415 2750 ordinationis
1438 2695 1568 2751 nostrae
1594 2696 1749 2767 recurrat,
1781 2707 1867 2749 com-

216 2794 357 2857 muniter
380 2793 427 2856 eis
450 2794 485 2855 in
508 2793 679 2857 refectorio
703 2804 824 2880 quanto
848 2791 965 2888 melius
988 2793 1090 2879 possit
1112 2793 1146 2856 in
1171 2791 1244 2857 cibo
1268 2804 1365 2879 atque
1396 2804 1475 2878 potu
1506 2791 1651 2857 debitum
1676 2791 1868 2877 obsequium

216 2898 432 2986 impendatur.
489 2898 524 2964 Si
559 2898 690 2987 quando
725 2910 834 2963 autem
869 2898 1018 2963 dominus
1054 2898 1094 2963 de
1130 2899 1294 2985 ergastulo
1329 2899 1423 2964 huius
1457 2900 1602 2986 corporis
1634 2922 1694 2963 nos
1729 2920 1867 2963 evocare

217 3006 378 3091 dignetur,
408 3005 567 3089 volumus,
598 3017 634 3070 ut
663 3028 722 3092 pro
752 3007 936 3070 intermisso
959 3018 1036 3070 tunc
1061 3005 1273 3070 ordinationis
1297 3006 1350 3070 die
1375 3005 1482 3071 obitus
1505 3007 1608 3071 nostri
1631 3006 1787 3071 tenuinns
1812 3028 1868 3069 an-

216 3113 340 3177 nuatim
369 3115 403 3176 in
433 3124 620 3199 posterum⁸
650 3111 746 3199 parili
775 3111 933 3199 obsequio
964 3111 1106 3177 eisdemh
1139 3112 1357 3178 confratribus
1389 3114 1431 3178 ad
1464 3115 1653 3179 memoriam
1686 3123 1866 3177 revocetur.

172 3243 198 3283 rs
218 3219 301 3284 Sed¹
328 3243 392 3306 quo
415 3219 497 3283 haec
521 3231 650 3284 nostrae
674 3219 863 3284 tradicionis
888 3221 1062 3284 auotoritas
1087 3218 1212 3284 stabilis
1236 3231 1268 3284 et
1291 3221 1483 3285 inconvulsa
1510 3222 1596 3285 omni
1626 3232 1772 3306 tempore
1796 3241 1867 3306 per·

217 3338 347 3391 maneat
380 3338 576 3413 nostraeque
611 3324 783 3390 oblationis
818 3325 954 3391 devocio
990 3349 1010 3390 a
1043 3328 1173 3391 nemine
1211 3327 1379 3413 unquamk
1412 3329 1447 3391 in
1485 3328 1593 3392 futuro
1629 3326 1869 3413 corrumpenda

217 3435 387 3520 peticionis
417 3444 635 3519 consequatur
665 3433 831 3515 effectum,
867 3433 951 3497 hanc
986 3433 1105 3520 regalis
1140 3435 1287 3521 precepti
1321 3435 1476 3521 paginam
1507 3433 1670 3499 conscribi
1700 3456 1740 3499 ae
1769 3456 1868 3498 manu

217 3541 349 3626 propria
372 3540 600 3605 confirmantes
625 3539 731 3624 sigillo
756 3551 865 3604 nostro
888 3542 1096 3627 precepimus
1119 3542 1293 3627 ἱιιείςιιίιι.ἰ

172 3841 199 3881 ao
323 3814 340 3904 3
364 3816 564 3881 Gunthen'us
588 3814 801 3880 cancellarius
824 3817 898 3880 vice
916 3816 1150 3881 Erchambaldi
1170 3817 1445 3905 archicappellani
1465 3819 1651 3903 recognovi.
1671 3814 1688 3905 3
1735 3818 1820 3895 ιδΙ.)1

324 3947 738 4033 l)atat'11.hal.ap1ilis¹¹¹
761 3948 939 4014 indictione
958 3965 1008 4032 xl,
1033 3974 1119 4016 anno
1140 3951 1323 4015 dominicae
1345 3952 1578 4016 incarnationis
1602 3951 1773 4016 millesimo
1792 3965 1867 4033 XIII,

217 4080 302 4121 anno
326 4080 403 4121 vero
427 4055 538 4121 domni
561 4056 709 4119 Heinrici
732 4056 867 4121 secundi
891 4058 1057 4141 regnantis
1075 4072 1127 4139 XI3
1156 4070 1264 4122 actum
1288 4056 1567 4141 Hildeneshem¹¹¹3
1599 4057 1739 4122 feliciter
1762 4080 1867 4122 amen.

998 4348 1091 4436 att-t.

217 4512 393 4585 Heinrich
428 4511 575 4586 schmitt
608 4511 687 4585 dem
714 4512 879 4586 Bistbam
906 4513 1122 4587 Padardorn
1158 4513 1229 4586 dea
1264 4513 1336 4587 ihm
1369 4540 1450 4587 vona
1479 4512 1703 4609 Erzbt'schof
1726 4512 1867 4587 Uatooa

170 4668 197 4710 u
215 4658 287 4705 voa
314 4632 470 4705 Bremcn
496 4632 747 4730 ilderet'pnetea
775 4632 866 4732 Hof
884 4632 1089 4730 illoraapea,
1117 4633 1181 4705 orit
1206 4632 1272 4705 der
1293 4632 1494 4732 ellossyube,
1523 4631 1607 4705 dass
1634 4632 1700 4706 der
1727 4632 1868 4732 Ertrap

216 4750 295 4849 aas
313 4751 372 4825 die
393 4752 600 4825 Lebeuszeit
624 4749 685 4824 des
703 4751 874 4849 Biscbofs
897 4750 1095 4824 ,lleintcerlc
1114 4751 1253 4841 diesem,
1279 4752 1376 4826 auch
1397 4753 1529 4824 seiaem
1554 4750 1651 4824 Tode
1678 4751 1766 4824 oder
1788 4750 1867 4825 dem

216 4870 448 4969 Dotttcapt'lel
470 4870 616 4966 lasalle.
1423 4898 1536 4968 [Graue
1555 4900 1633 4957 1013
1652 4900 1740 4972 April
1757 4897 1824 4967 24]

322 5080 503 5139 Bructerae
525 5079 574 5138 der
599 5076 859 5153 Oripinaldiplonas
881 5079 921 5137 ira
944 5079 972 5137 lc.
991 5078 1192 5138 Staatsarclio
1214 5098 1249 5137 zu
1271 5078 1405 5137 ,liberter
1429 5079 1502 5144 (A).
1526 5107 1570 5115 -
1594 5077 1792 5148 Litckealmste
1813 5078 1867 5136 Ab·

321 5188 429 5258 schrift
447 5205 500 5245 uus
520 5187 571 5244 der
589 5187 704 5244 metten
722 5186 831 5256 Hu'lste
848 5186 897 5244 das
916 5187 962 5244 17.
976 5186 1003 5246 J
1004 5186 1031 5244 lt.
1053 5187 1084 5244 iu
1104 5187 1160 5245 ΒΑ.
1174 5188 1215 5245 40
1232 5184 1262 5244 S.
1277 5186 1334 5243 671
1353 5186 1406 5243 der
1425 5184 1683 5257 Kiodliopersrltea
1703 5183 1869 5259 Summluuq

170 5318 197 5357 ιο
322 5294 427 5354 ebeuda
451 5294 521 5360 (E).

286 5480 351 5535 268.
378 5479 524 5547 lBreaslau]
562 5482 588 5545 a)
606 5479 614 5530 i
634 5480 698 5531 eber
715 5480 764 5531 der
781 5479 852 5531 Zeila
870 5480 1066 5545 nmtqaraqen
1157 5479 1186 5545 b)
1210 5496 1242 5531 ac
1266 5479 1330 5531 rtber
1352 5481 1400 5531 der
1418 5478 1490 5531 Zeila
1512 5479 1707 5544 nactqaraqen
1798 5480 1823 5543 c)
1843 5481 1868 5530 A

376 5538 405 5617 d)
425 5554 454 5601 ιἰι
472 5551 559 5615 clasitr
575 5553 708 5617 yelaaaene
724 5551 813 5601 Lache
831 5551 1024 5617 mwhpotrayen
1088 5550 1114 5619 e)
1133 5553 1182 5602 das
1201 5558 1268 5603 erata
1286 5568 1304 5618 p
1323 5567 1392 5603 corr.
1411 5549 1499 5601 aasb
1572 5549 1595 5615 s)
1612 5566 1678 5600 mun
1697 5550 1752 5613 auf
1766 5550 1867 5615 Roeur,

375 5625 427 5673 dos
444 5622 569 5687 folqende
586 5622 604 5673 d
623 5624 688 5674 dher
705 5624 753 5673 der
772 5623 845 5674 Zeila
863 5623 1040 5688 discrepasset
1121 5630 1150 5692 g)
1173 5642 1187 5674 e
1207 5623 1271 5673 aber
1288 5624 1337 5673 der
1355 5622 1426 5673 Zeila
1444 5621 1638 5686 „aspamam
1720 5619 1749 5685 h)
1766 5618 1868 5673 eisdem

374 5711 444 5747 corr.
463 5711 514 5745 aua
539 5692 661 5745 ciusdem
738 5693 759 5761 i)
782 5692 837 5744 Sed
856 5710 911 5759 quo
926 5723 956 5732 -
973 5692 1097 5761 insigniri
1121 5696 1168 5745 mit
1192 5693 1303 5744 hellerer
1325 5694 1410 5757 Tinte,
1436 5691 1650 5757 mmeramme
1673 5692 1868 5759 nacltqatroym

377 5765 404 5829 k)
423 5765 548 5816 dahr'ntcr
560 5766 654 5817 Raaur
707 5765 728 5829 l)
747 5780 804 5815 tom
820 5766 906 5831 stapel
924 5768 957 5817 ot
973 5781 1028 5815 ιιιιι·
1044 5765 1110 5815 noch
1127 5768 1171 5816 ein
1187 5765 1290 5815 kleiner
1307 5764 1369 5815 treet
1385 5764 1453 5815 ohne
1470 5763 1536 5814 Bild
1551 5763 1607 5813 aad
1624 5763 1730 5828 Schrift
1747 5763 1868 5816 aarum

376 5846 414 5903 ml)
432 5844 480 5889 vll.
493 5836 546 5891 kal.
560 5835 654 5904 aprilis
666 5837 723 5887 und
735 5835 860 5887 ramirus
872 5838 938 5888 noch
950 5842 1041 5904 rpdter
1053 5834 1251 5887 Hildeneshern
1270 5838 1298 5885 ιἰι
1315 5835 1403 5898 datar
1418 5836 1552 5900 aelam
1564 5833 1653 5885 Larte
1664 5835 1867 5902 nachqdroyen.
