4836 6492
527 438 591 504 608
1125 446 1583 506 KAISERURKUNDEN.

633 634 721 699 Data
744 648 776 698 x.
800 634 867 700 kal.
891 656 966 721 aug.
991 656 1076 699 anno
1100 635 1333 700 incarnationis
1356 635 1479 701 domini
1501 634 1690 701 millesimo⁸
1714 623 1799 719 xxii,
1830 637 2007 703 indictione
2026 654 2061 721 V,
2086 662 2173 704 anno

525 763 603 804 vero
638 741 747 806 domni
777 741 926 807 Heinriei
960 742 1127 827 regnantis
1162 741 1297 807 secundi
1319 733 1390 825 xxi,
1425 742 1553 828 imperii
1583 764 1662 807 vero
1685 757 1780 825 VIIII3
1817 754 1925 809 actum
1953 745 2104 810 Priuaria
2137 747 2172 810 in

525 847 679 912 comitatu
701 847 872 913 Lucensae
881 859 904 911 ⁰.

1303 1077 1398 1163 478.

523 1236 703 1310 Heinrich
728 1237 896 1339 bastdtiqt
913 1236 979 1311 ἄεν
991 1237 1129 1312 Kircbe
1147 1261 1192 1312 za
1215 1238 1350 1339 chyio
1371 1239 1450 1313 sire
1469 1239 1707 1341 Bceitzuaqen
1726 1242 1919 1317 tesselati>
1939 1242 2005 1316 der
2027 1241 2204 1322 Gedietcs

521 1382 593 1429 ooo
619 1355 788 1449 Mantua,
814 1356 992 1457 Bolopua,
1019 1356 1191 1449 Medeae,
1217 1356 1328 1449 Luni,
1353 1357 1502 1449 Poma,
1527 1358 1647 1433 Penio
1671 1360 1752 1435 aad
1771 1357 1891 1454 Come,
1916 1362 2023 1436 sowic
2047 1364 2171 1437 iuuer-

522 1474 605 1549 lralb
633 1474 699 1549 ἄεν
723 1476 974 1576 αη9ε9εόεηενι
1002 1472 1167 1552 Grenzen
1193 1476 1255 1550 des
1280 1476 1462 1551 Bistleums
1489 1476 1635 1579 Ηε99ίο,
1661 1477 1799 1575 former
1824 1480 1884 1554 dic
1907 1477 2170 1581 Scienlcuaycn

522 1593 584 1668 des
612 1592 780 1692 Biecbose
811 1595 922 1669 Teum
949 1593 1030 1668 uad
1054 1594 1123 1668 dos
1146 1593 1493 1693 Inquisitiouerecbt.
1871 1657 1915 1665 -
1938 1657 1982 1666 -
2005 1658 2048 1666 -
2071 1658 2123 1687 ..‚

627 1783 749 1859 nepas
771 1784 981 1857 sessiones
1006 1784 1198 1860 oannem
1219 1785 1261 1845 es
1285 1746 1511 1859 cepissemus
1533 1803 1569 1844 ss
1591 1785 1700 1862 nass
1724 1786 1796 1854 (A).

634 1927 744 2001 [labelli
774 1927 866 1986 [tolie
895 1945 980 1987 sacra
1009 1928 1052 1987 od.
1077 1927 1123 1987 Π.
1147 1930 1179 1998 2,
1197 1929 1260 1987 276
1285 1927 1388 1987 aussi
1417 1948 1460 1975 =
1490 1927 1623 2001 Affarost‘
1647 1928 1741 1989 Nolis.
1764 1930 1847 1989 iiior.
1871 1930 1903 1989 ἄν’
1932 1929 2042 2005 1199910
2064 1931 2092 2001 1,
2110 1933 2170 1990 132
2189 1955 2217 1994 io

630 2034 849 2110 cessassetis.
873 2064 916 2072 —
943 2034 1112 2093 Tiroboeclli
1134 2034 1220 2093 Mem.
1245 2040 1314 2094 ator.
1339 2034 1486 2094 Modeneei
1507 2026 1557 2106 2⁶,
1577 2036 1617 2095 15
1638 2037 1671 2094 π’
1686 2037 1745 2094 166
1767 2054 1821 2095 mas
1842 2038 1869 2094 A
1898 2054 1934 2095 zu
1962 2056 1986 2096 c.
2011 2039 2100 2099 1020.
2124 2067 2170 2076 -

627 2140 792 2216 Malapuzsi
811 2141 843 2199 ic
861 2140 883 2199 1
898 2140 995 2200 caudi
1014 2141 1046 2199 di
1065 2140 1181 2200 Sccclia
1196 2160 1210 2201 ε
1225 2139 1339 2201 nanze
1356 2140 1404 2212 II,
1427 2133 1476 2211 2⁶,
1491 2143 1530 2200 11
1553 2143 1586 2200 u⁰
1601 2142 1638 2200 11
1661 2159 1714 2202 atu
1731 2143 1767 2201 A.
1789 2173 1833 2182 -
1853 2141 1976 2218 Stanspf
1990 2143 2061 2220 ch.
2079 2146 2167 2204 1836.

629 2282 815 2344 Gesclsriebeu
835 2284 907 2344 uoci
928 2285 991 2343 dem
1009 2284 1089 2343 Karl
1109 2284 1137 2342 d.
1160 2283 1213 2343 Gr.
1233 2284 1476 2359 tupesclriebcueu
1495 2282 1535 2342 D.
1555 2283 1743 2343 Mdblbuclser
1761 2280 1849 2359 Rea.²
1865 2285 1928 2346 240
1944 2286 2049 2356 (231),
2072 2286 2168 2345 deseca

630 2390 703 2449 Text
732 2391 878 2451 εἱηενεεὶίε
906 2391 1057 2461 ocrltrzl,
1092 2391 1281 2450 audererseits
1312 2391 1402 2451 darell
1435 2391 1514 2449 eiam
1543 2390 1689 2450 Eluacbub
1720 2391 1789 2450 tiber
1818 2390 1865 2450 dic
1893 2390 2094 2468 Sclenlcuayca
2120 2393 2168 2452 ἄεν

627 2497 766 2569 Biselsose
791 2497 881 2558 Teuzo
911 2499 1052 2557 erweitert
1081 2498 1128 2557 iet.
1183 2497 1360 2571 Weuapleiell
1388 2496 1464 2556 dices
1489 2496 1550 2556 VU.
1579 2498 1640 2556 ciue
1662 2497 1825 2573 Fdlsclsuup
1853 2499 1902 2557 des
1931 2500 1959 2557 9.
1978 2499 2008 2560 J
2007 2500 2034 2558 i.
2058 2500 2107 2571 set,
2135 2518 2167 2559 so
2186 2520 2212 2562 ss

629 2605 748 2665 braacbt
771 2605 875 2664 darum
897 2604 967 2664 decli
990 2604 1036 2664 die
1054 2604 1186 2664 Eebtlscit
1208 2622 1322 2663 anseres
1338 2602 1379 2662 D.
1399 2604 1477 2663 uicit
1498 2604 1552 2662 mit
1568 2603 1733 2679 Maluoazzi
1755 2624 1782 2664 a.
1799 2624 1827 2664 a.
1847 2604 1881 2664 0.
1901 2606 1960 2664 und
1981 2605 2088 2682 Rieqer
2109 2607 2167 2666 Im·

629 2712 936 2788 musiimmisilseies
955 2715 1008 2783 [ἄν
1026 2712 1203 2771 italieuisclre
1220 2711 1388 2770 Bislln‘s'mer
1405 2712 1443 2768 41
1462 2710 1646 2785 oupefoclstca
1663 2728 1698 2770 zu
1715 2711 1843 2785 socrdem
1868 2711 1943 2771 dena
1964 2713 2018 2771 wic
2037 2714 2086 2773 dic
2104 2713 2165 2773 VU.

626 2819 710 2878 sebon
728 2837 783 2878 oon
804 2819 856 2878 der
873 2818 997 2878 Kauzlei
1018 2817 1110 2878 Otto’e
1125 2818 1152 2877 1.
1178 2821 1231 2890 fiir
1253 2818 1307 2876 dae
1327 2817 1570 2893 Om'qioaldiplom
1588 2815 1657 2876 DO.
1674 2816 1702 2876 Ι,
1718 2819 1781 2877 242
1803 2819 1900 2894 orploe
1922 2819 2032 2879 demetet
2053 2821 2167 2880 worden

627 2927 675 2996 ist,
705 2943 736 2986 so
765 2926 843 2984 lanu
872 2925 914 2984 eie
943 2926 1016 2984 aucis
1044 2926 1077 2984 iu
1102 2925 1154 2984 ἄεν
1176 2924 1301 2983 Kcozlei
1323 2923 1480 2983 Heinriclu
1499 2923 1543 2983 Π.
1570 2927 1623 2994 fiir
1645 2924 1705 2983 ecltt
1726 2926 1855 2999 qcloltea
1878 2926 1993 2985 worden
2014 2928 2093 3000 seim
2121 2928 2168 2986 die

633 3032 868 3107 Verduderuupcu
892 3033 970 3103 aber,
992 3032 1094 3091 welelse
1111 3049 1196 3090 amer
1213 3029 1254 3090 D.
1273 3031 1426 3106 9ε9εηεῖὸεν
1447 3030 1499 3089 ἄεν
1518 3030 1579 3091 VU.
1604 3032 1748 3102 autumet,
1771 3033 1887 3091 moelem
1909 3032 1962 3092 deu
1985 3033 2076 3093 ὺεεέεν
2095 3033 2166 3092 ais-
2184 3056 2212 3095 so

536 3173 542 3183 ι
626 3139 717 3198 druclc
734 3140 793 3198 aad
810 3140 893 3215 peden
911 3157 947 3198 zu
961 3138 1158 3214 assensisses
1174 3138 1324 3207 Verdaclrl,
1342 3138 1440 3196 sowmt
1457 3155 1558 3196 umere
1572 3137 1716 3197 Kerateis
1733 3139 1832 3209 reicit,
1851 3138 1932 3198 leisc
1947 3139 2164 3215 Vernuloseaay.

627 3245 716 3305 Seleu
745 3247 802 3305 wir
824 3247 885 3305 aleo
907 3246 1007 3305 keineu
1030 3245 1248 3305 cumacleedeu
1273 3244 1387 3314 Gruad,
1417 3244 1463 3303 die
1484 3244 1617 3304 Ecbtleit
1646 3245 1694 3303 des
1716 3242 1757 3302 D.
1780 3244 1842 3303 478
1870 3264 1905 3304 zu
1934 3247 2105 3318 bezweiseln,
2134 3266 2166 3307 so

626 3370 703 3411 muas
729 3351 800 3412 doci
828 3353 903 3411 seiae
935 3353 1126 3428 Osipinolitdt
1154 3352 1351 3426 dclinoestcllt
1380 3350 1501 3423 bleibea;
1536 3351 1609 3410 ἄεννι
1639 3351 1685 3411 die
1715 3350 1838 3422 Subrisi,
1868 3353 1996 3412 ememobl
2023 3352 2167 3413 durans

625 3458 798 3533 zeitpmtliss,
828 3464 943 3517 stasnmt
971 3478 1026 3518 vos
1055 3458 1133 3517 ἄνεν
1161 3462 1239 3517 comt
1268 3456 1463 3516 subsistentes
1485 3457 1586 3528 Haud,
1616 3458 1673 3517 alle
1694 3458 2077 3534 Beplesoiesnsssseremels
2098 3461 2167 3520 aber

625 3566 692 3625 eiad
713 3565 767 3625 mit
788 3566 852 3625 dem
873 3571 990 3624 auteres
1013 3565 1110 3624 Tbeile
1132 3565 1182 3623 dee
1198 3564 1472 3640 Pupamenlblattee
1490 3564 1650 3639 cbqamsea
1668 3565 1736 3623 oder
1754 3564 1960 3639 obpescloittea
1982 3568 2105 3626 worden.
2121 3597 2165 3605 -
2182 3587 2210 3627 ss

626 3673 692 3732 Fsir
723 3673 769 3732 die
798 3671 978 3747 Eliorciliuuq
1010 3673 1062 3731 ἄεν
1093 3672 1228 3732 Urlruude
1259 3672 1348 3730 baben
1379 3671 1436 3729 wir
1466 3671 1565 3729 leiren
1595 3672 1808 3746 Anbollepaulst
1838 3673 1884 3731 als
1914 3673 1968 3732 das
1998 3661 2166 3733 lcaismlicdc

627 3778 960 3855 Hispanos-Proteia&
989 3780 1047 3839 wir
1068 3779 1240 3849 camellam,
1270 3780 1337 3838 dass
1366 3778 1407 3837 sic
1432 3780 1492 3849 aas
1510 3778 1598 3836 είνενη
1620 3778 1672 3836 ἄεν
1692 3778 1888 3838 italieuimlen
1910 3780 1989 3855 zoes
2009 3779 2167 3841 Heius-icles

624 3886 740 3961 9ε9ε1>ενι
763 3886 811 3956 ist,
834 3884 895 3946 dies
916 3886 995 3945 loun
1017 3886 1086 3945 aber
1108 3886 1253 3961 ebesseest
1276 3886 1354 3945 1014
1377 3884 1430 3943 wic
1452 3885 1534 3945 1022
1554 3885 1702 3959 nescisses
1724 3886 1793 3944 εείνι.

627 4043 683 4116 (C.)
708 4034 725 4125 ᾖ
747 4036 787 4101 In
810 4039 939 4103 nornine
963 4047 1076 4124 sancte
1094 4047 1128 4101 et
1145 4035 1313 4121 individue
1332 4035 1494 4099 trinitatis,
1533 4034 1705 4099 Einricus⁸
1721 4034 1833 4101 divina
1847 4036 1977 4102 favente
1994 4037 2165 4102 clementia

519 4144 738 4208 Romanorum
759 4145 936 4231 imperator
959 4154 1125 4230 augustus.
1216 4158 1245 4208 si
1263 4155 1461 4207 aecclesiarum
1479 4155 1524 4206 dei
1542 4156 1721 4207 servitoribus
1742 4155 1896 4222 largitionis
1915 4155 1949 4209 et
1966 4154 2163 4224 benigsimtisb
2182 4173 2209 4214 se

518 4265 731 4316 munificentiam
748 4266 920 4331 impertimur
938 4280 1087 4330 eorumque
1105 4265 1177 4314 votis
1197 4262 1315 4314 libenter
1333 4263 1486 4322 annuimus,
1505 4262 1534 4312 id
1553 4263 1631 4313 nobis
1650 4264 1684 4314 ad
1703 4262 1857 4329 augustalis
1876 4263 2038 4333 excellentie
2057 4264 2165 4317 culmen

518 4372 649 4439 proficere
671 4380 737 4422 non
761 4355 956 4439 dubitemne,
981 4372 1100 4437 insuper,
1126 4371 1199 4435 quod
1225 4371 1332 4420 cunctis
1359 4370 1509 4433 preciosius
1533 4377 1575 4420 est
1593 4369 1782 4434 dignitatibus,
1808 4364 1951 4440 aeterness
1975 4373 2164 4423 retributionis

518 4479 650 4544 premium
670 4494 817 4544 capescere
836 4494 892 4529 non
910 4477 1066 4529 diffidimus.
1102 4478 1266 4527 Industriam
1292 4477 1377 4540 igitur
1402 4477 1522 4527 omnium
1547 4483 1642 4545 sancte
1668 4477 1712 4528 dei
1738 4475 1891 4527 aecclesiae
1916 4476 2036 4528 fidelium
2058 4485 2163 4531 nostro·

518 4601 631 4649 rumque
645 4585 811 4651 presentium
823 4584 930 4636 scilicet
943 4601 976 4634 ac
988 4584 1141 4635 futurorum
1153 4599 1233 4635 nosse
1247 4582 1383 4641 volumus,
1399 4595 1417 4627 a
1433 4568 1619 4634 Teuzonem
1635 4585 1883 4635 reverentissimum
1895 4592 1987 4653 sancte¹
2000 4586 2161 4650 Regiensisc

517 4690 670 4743 aecclesiae
689 4690 826 4757 presulem
851 4698 972 4743 nostram
998 4692 1099 4743 adiisse
1125 4690 1297 4742 clementiam
1321 4703 1338 4734 s
1366 4705 1413 4755 pre
1438 4691 1563 4740 manibus
1589 4691 1760 4742 habentem
1784 4697 1915 4757 precepta
1939 4708 2033 4756 regum
2056 4693 2163 4758 Lango-
2181 4704 2208 4745 11

516 4799 671 4858 bardorum,
692 4814 807 4863 quorum
826 4799 1036 4849 auctoritatibus
1055 4798 1110 4848 iam
1128 4798 1185 4847 ists
1202 4796 1345 4855 aecclesia,
1364 4813 1399 4847 ne
1416 4813 1563 4862 pravorum
1575 4798 1713 4847 homiuum
1727 4799 1917 4865 oppressiones
1932 4804 1980 4848 aut
1991 4800 2163 4850 invasionum

517 4907 679 4957 detrimenta
697 4912 846 4972 pateretur,
873 4906 994 4970 undique
1012 4903 1110 4956 fulcita
1128 4910 1188 4955 erat
1207 4920 1238 4954 ac
1259 4904 1369 4961 munita,
1394 4890 1492 4953 etism
1515 4900 1612 4975 atque
1637 4890 1734 4953 etiam
1757 4902 1942 4970 postulando
1959 4917 1987 4963 s,
2013 4912 2044 4956 nt
2069 4913 2097 4956 et
2114 4922 2163 4958 nos

516 5014 551 5063 ob
572 5013 695 5064 divinum
715 5029 834 5063 amorem
854 5012 968 5062 candem
988 5010 1151 5062 aecclesiam
1171 5027 1232 5060 cum
1255 5010 1380 5059 omnibus
1406 5009 1585 5060 facultatibus
1611 4998 1677 5060 suis
1700 5007 1767 5060 tam
1791 5012 1952 5076 acquisitis
1977 4995 2163 5086 [qu]amque

517 5120 685 5186 profuturis
702 5120 870 5186 temporibus
888 5132 905 5163 s
927 5119 1147 5184 acquirendis,
1168 5134 1229 5168 cum
1249 5118 1330 5167 rebus
1353 5124 1392 5166 ac
1420 5115 1529 5167 familiis
1557 5119 1698 5182 utriusque
1724 5133 1805 5168 sexus
1830 5123 1986 5183 cunctoque
2011 5117 2085 5170 clero
2112 5120 2162 5170 deo

516 5228 618 5277 inibis
638 5225 788 5278 famulante
807 5228 989 5292 reciperemus
1008 5227 1059 5276 sub
1078 5233 1188 5276 nostrae
1208 5224 1375 5274 defensionis
1395 5226 1574 5289 protectione.
1606 5225 1686 5287 Quod
1706 5232 1733 5275 et
1750 5225 1865 5275 lecimus
1885 5231 1912 5275 et
1927 5242 1976 5292 per
1991 5225 2061 5276 hanc
2077 5228 2162 5277 nostri
2179 5237 2208 5277 so

516 5336 639 5402 precepti
666 5335 792 5401 paginam
818 5333 983 5399 precipimus
1009 5317 1210 5404 firmiterque
1235 5332 1370 5389 iubemus,
1399 5338 1429 5380 ut
1456 5329 1533 5382 nulla
1559 5347 1677 5396 unquam
1704 5319 1801 5382 totim
1824 5318 1917 5403 regni
1939 5320 2041 5384 nostri
2065 5349 2163 5399 magna

517 5458 655 5507 parvaque
675 5458 792 5507 persona
817 5456 860 5490 res
886 5444 934 5490 aut
952 5438 1070 5489 familias
1089 5440 1212 5490 eiusdem
1231 5436 1394 5496 aecclesiae,
1420 5437 1469 5487 sed
1493 5454 1581 5503 neque
1607 5438 1790 5490 venerabilem
1815 5440 1901 5504 ipsius
1929 5438 1982 5489 loci
2008 5438 2110 5491 clerum
2135 5442 2162 5491 in

517 5547 610 5613 aliquo
634 5549 787 5613 inquietare
805 5545 850 5598 vel
874 5544 1020 5598 molestare
1042 5552 1193 5612 presumct;
1221 5552 1248 5594 et
1267 5531 1421 5617 quoniam
1440 5530 1563 5594 eisdem
1582 5532 1755 5617 preceptiS,
1776 5554 1839 5617 que
1857 5532 1922 5597 iam
1941 5531 2046 5597 dictus
2065 5555 2162 5597 vene·

586 5708 894 5869 iiiiisbeui1⁴4⁸s>s
948 5798 1499 5867 biseaamssssssgemrsaars
1552 5798 2162 5868 eidessrseiaeerasrzsiuseeseessees
2180 5814 2208 5853 ss
