4836 6504
521 451 583 513 176
1114 455 1580 513 KAISERURKL'NDEN.

517 650 571 700 deo
589 648 726 700 dilectore
746 666 813 716 sepe
833 651 923 701 dictae
943 650 1017 699 sedis
1035 648 1210 699 Eberhardus
1230 650 1377 715 episcopus
1396 651 1495 714 suique
1514 665 1689 700 successores
1710 648 1824 700 liberam
1841 651 1938 700 debinc
1955 646 2074 701 babeatd
2095 660 2173 718 pote-

517 764 616 806 statem
639 757 756 807 eundem
777 742 995 828 prescriptum
1014 755 1105 805 lbcnm
1128 740 1319 806 Svnthelml'
1339 755 1443 805 dictum
1462 772 1524 805 cunr
1545 757 1672 806 omnibns
1692 756 1863 822 appendiciis
1881 758 1937 807 suis
1954 758 2064 808 tenendi
2083 760 2171 824 possi·

517 861 599 912 dandi
618 878 668 912 sen
687 863 819 929 quicquid
839 864 892 913 sibi
911 863 995 913 libeat
1015 863 1103 913 modis
1123 836 1250 912 omnibus
1271 864 1299 911 in
1319 878 1399 911 usum
1417 863 1594 928 episcopatus
1614 864 1676 912 inde
1695 863 1824 913 faciendi.
1857 863 1964 929 Siquis
1984 866 2075 928 igitur,
2096 865 2171 929 quod

516 969 597 1027 absit,
615 969 697 1019 buius
716 976 828 1020 nostrae
847 970 1006 1020 donationis
1026 970 1239 1019 munificentiam
1259 969 1402 1019 destruere
1421 970 1480 1019 sire
1500 966 1605 1019 violare
1625 978 1772 1034 presumat,
1798 971 1826 1019 in
1846 971 1994 1020 novissimo
2013 972 2057 1020 die
2076 987 2170 1020 coram

517 1075 605 1126 oculis
623 1076 669 1125 dei
687 1084 824 1127 termento
843 1076 1068 1142 inextinguibili⁸
1088 1074 1155 1127 luat.
1187 1076 1269 1137 Quod
1289 1092 1324 1127 ne
1344 1075 1399 1133 liat,
1419 1075 1467 1125 sed
1486 1075 1554 1125 haec
1573 1076 1687 1125 traditio
1704 1084 1797 1125 nestra
1815 1077 1849 1125 ab
1867 1077 1993 1126 omnibus
2011 1079 2171 1142 incorrupta
2195 1089 2213 1127 a

516 1192 683 1248 permaneat,
708 1183 777 1233 hanc
804 1192 906 1234 cartam
932 1184 995 1233 inde
1023 1185 1207 1249 conscriptam
1226 1198 1308 1232 mann
1328 1184 1441 1248 propria
1461 1184 1622 1232 roborantes
1647 1181 1731 1247 sigilli
1751 1184 1838 1232 nostri
1857 1184 2026 1249 inpressione
2044 1185 2170 1248 insigniri

516 1291 654 1340 iussimus.

622 1416 639 1505 ξ
663 1418 799 1504 Signum
823 1417 933 1483 domni
957 1419 1106 1493 Heinrici
1131 1426 1196 1497 (li.)
1219 1420 1306 1503 regis
1329 1418 1546 1481 invictissimi.
1570 1416 1588 1505 ᾗ

621 1567 873 1657 ξΕὺθτὴετᾶιιε
897 1569 1112 1634 cancellarius
1136 1571 1209 1634 viee
1233 1568 1398 1654 Unilligisi
1422 1568 1676 1655 archicapellani
1700 1570 1888 1654 recognovi.
1912 1567 1929 1656 3
2006 1572 2062 1653 (sl.
2082 1576 2125 1653 ⁶2.)

621 1719 731 1783 Data‘
750 1719 817 1785 kal.
836 1744 912 1785 nov.
932 1721 1111 1786 indictione
1127 1736 1162 1801 v,
1186 1744 1272 1785 anno
1296 1719 1460 1784 dominice
1483 1722 1716 1785 incarnationis
1739 1735 1832 1793 ml,
1856 1744 2037 1785 annovera
2057 1721 2169 1784 domni
2191 1748 2223 1786 ιο

516 1826 665 1890 Heinrici
689 1827 825 1892 secundi
849 1830 1017 1914 regnantis
1033 1843 1086 1909 V13
1118 1838 1227 1893 aetum
1250 1828 1278 1891 F
1280 1827 1508 1895 rankenofurt:
1540 1827 1679 1891 feliciter
1701 1828 1824 1892 amen.f

1295 2163 1384 2248 148.

516 2324 695 2399 Heinrich
712 2324 859 2398 scheme
875 2324 955 2398 dan
973 2352 1044 2398 von
1064 2325 1136 2398 ilem
1153 2324 1398 2425 peperiudelea
1420 2325 1581 2399 Bistleum
1602 2326 1786 2421 Buusberp
1805 2327 1875 2400 dea
1892 2332 1960 2399 (bt
1976 2326 2168 2400 Aterahof.

1629 2491 1799 2562 Fratri-‘furt
1822 2493 1901 2552 1007
1920 2491 2076 2550 suu-emar
2094 2493 2121 2549 1.

623 2677 869 2752 Ort'piualdiplum
891 2678 932 2735 im
955 2678 984 2735 lc.
1001 2677 1208 2736 Beielsarcbir·
1230 2695 1265 2734 zu
1289 2676 1430 2735 Miiuclreu
1456 2678 1527 2744 (A).
2189 2693 2216 2732 ιι

624 2829 797 2887 emmae
812 2828 870 2902 Ep.
887 2827 1005 2897 Baua„
1023 2829 1135 2903 prolep.
1153 2830 1194 2887 30
1208 2829 1256 2886 cit.
1274 2857 1318 2865 -
1333 2827 1413 2886 Mers.
1433 2828 1527 2888 Boica
1551 2831 1618 2897 28⁰,
1642 2830 1699 2887 371
1723 2831 1755 2885 η’
1766 2830 1828 2887 237
1850 2847 1904 2887 aas
1925 2832 1951 2886 A
1969 2850 2010 2874 =
2030 2827 2093 2887 [Β.
2118 2829 2168 2885 dea

619 2934 736 2993 Laudes
758 2935 792 2993 ob
813 2935 867 2993 der
889 2934 973 2992 Euae
994 2938 1026 3004 2,
1043 2937 1083 2993 73
1104 2937 1137 2992 a⁰
1153 2936 1201 2993 56.
1219 2963 1264 2972 —-
1286 2934 1414 2993 Belum·
1437 2935 1507 3009 Ray.
1526 2936 1614 2995 1013.
1632 2964 1676 2972 -
1700 2934 1824 3009 Stumps
1842 2935 1913 3010 Rep.
1931 2936 2016 2992 1175.

618 3087 677 3145 Bis
705 3089 765 3157 aas
783 3086 830 3145 die
860 3105 912 3145 cea
936 3086 993 3144 Bu.
1012 3086 1034 3144 I
1052 3092 1150 3160 muter
1172 3086 1372 3161 hinzrrpesriqle
1393 3084 1642 3161 Dutierrmqszeile
1671 3086 1855 3144 ansuinum»-
1885 3087 1954 3144 uach
1984 3085 2024 3144 D.
2042 3087 2100 3144 147
2122 3107 2165 3160 pe·

619 3194 763 3253 scbrt'ebea
793 3213 847 3252 von
876 3193 946 3251 ΕΙ).
970 3222 1014 3231 -
1044 3194 1105 3251 Eia
1138 3193 1194 3252 Ort
1222 3193 1363 3263 Allerbof
1388 3194 1519 3251 enslin-r
1548 3193 1628 3251 butte
1659 3193 1735 3251 aicbl
1765 3193 1859 3265 πιών,-
1888 3212 1917 3251 es
1945 3194 1984 3250 ist
2012 3194 2085 3251 null
2114 3194 2167 3251 cler·

619 3301 770 3375 Huuplart
792 3301 841 3358 des
862 3300 1033 3374 Alterpaues
1054 3301 1182 3376 penreint.
2186 3316 2214 3354 aa

620 3495 678 3565 (C.)
702 3485 720 3575 ξ
743 3487 781 3550 In
805 3487 936 3551 nomine
960 3498 1094 3550 sauctae
1120 3498 1151 3549 et
1174 3485 1364 3550 individuae
1388 3487 1553 3549 trinitatis.
1600 3486 1776 3549 Heinrieus
1808 3486 1920 3550 divina
1946 3485 2077 3549 favente
2101 3486 2166 3549 cle-

512 3596 634 3659 mentia
653 3617 722 3657 rex.
814 3607 1005 3656 saluberrimis
1018 3608 1104 3672 igitur
1116 3609 1188 3657 sacri
1202 3606 1306 3671 eloquii
1319 3607 1541 3655 institutionibus
1555 3607 1696 3656 erudimur
1709 3614 1736 3655 et
1749 3607 1934 3665 admonemur,
1948 3616 1977 3655 ut
1990 3600 2166 3671 tempoffralia

513 3714 719 3780 relinquentem
743 3715 815 3764 bona
835 3722 862 3764 et
880 3722 990 3763 terrens
1009 3722 1206 3781 postponentes
1226 3714 1370 3763 commoda
1389 3722 1502 3763 aeterna
1525 3722 1552 3763 et
1576 3715 1634 3762 sine
1654 3714 1707 3763 line
1727 3729 1854 3763 mansura
1873 3715 1901 3763 in
1920 3712 1987 3763 celis
2005 3714 2167 3763 studeamus

512 3822 630 3889 adipisci
649 3822 822 3871 consistoria
860 3822 1036 3886 Quapropter
1058 3838 1109 3871 uos
1135 3821 1280 3870 dominicis
1305 3836 1361 3869 uon
1386 3821 1498 3870 surdum
1524 3821 1647 3869 auditum
1674 3822 1818 3885 prebentes
1845 3822 1981 3886 preceptis
2006 3830 2033 3869 et
2059 3821 2165 3871 deificis

512 3929 726 3996 obtemperando
746 3928 920 3979 intendentes
940 3930 1116 3978 suasionibus
1136 3927 1272 3992 quendam
1292 3934 1403 3976 nostrae
1430 3934 1560 3992 pateruae
1584 3927 1743 3976 hereditatis
1771 3926 1861 3977 locum
1882 3928 2039 3977 Babenberc
2059 3927 2165 3977 dictum
2184 3938 2214 3975 aa

510 4038 540 4086 in
567 4038 661 4087 sedem
689 4046 716 4087 et
742 4036 851 4087 eulmen
880 4038 1057 4103 episcopatus
1086 4033 1260 4083 sublimando
1288 4034 1463 4099 proveximus
1492 4042 1518 4082 et
1546 4034 1669 4082 Romans
1698 4035 1862 4083 arroteritate
1891 4041 1973 4098 atque
1999 4035 2165 4084 venerabilis

512 4143 635 4193 Heinrici
655 4144 896 4207 l'vlrciburgeusis
922 4143 1045 4207 episcopi
1073 4157 1208 4191 consensu
1235 4156 1267 4190 ac
1292 4142 1351 4206 pari
1371 4141 1564 4204 communique
1590 4141 1711 4189 omnium
1737 4142 1822 4189 nostri
1849 4139 1968 4191 fidelium
1995 4150 2049 4189 tam
2076 4141 2164 4190 arcbi-

511 4251 703 4317 cpiscoporum
716 4267 798 4315 quam
812 4252 1006 4315 episcoporum
1021 4248 1207 4313 abbatumque
1221 4264 1340 4297 necnon
1354 4247 1455 4295 ducum
1472 4260 1489 4290 a
1504 4248 1635 4295 comitum
1648 4246 1779 4296 consultu
1792 4248 1959 4312 decretoque
1972 4248 1999 4296 iu
2013 4245 2164 4297 bonererul‘

510 4366 622 4407 sauctae
648 4358 692 4406 dei
718 4358 859 4421 genitricis
885 4356 991 4405 Mariae
1016 4362 1230 4419 sanctorumque
1257 4353 1443 4420 apostolorum
1467 4354 1542 4403 Petri
1569 4360 1596 4401 et
1615 4352 1714 4402 ΡιιιιΙίο
1743 4370 1793 4403 uec
1820 4370 1875 4404 neu
1901 4356 2039 4404 martirum
2059 4354 2163 4405 liiliani

511 4472 593 4527 atque
620 4464 713 4513 Georii
740 4462 924 4512 stabilivimus
951 4468 978 4511 et
1007 4462 1255 4519 corroboravimus,
1285 4468 1314 4510 ut
1343 4468 1369 4510 et
1398 4461 1465 4509 inibi
1495 4468 1616 4509 nostrum
1644 4468 1842 4526 parentumque
1871 4469 2024 4512 nostrorum
2052 4460 2162 4511 celebre
2184 4471 2214 4509 su

510 4569 659 4620 haberetur
677 4563 857 4619 memoriale‘l
877 4577 903 4619 ct
923 4570 995 4633 iugis
1023 4584 1071 4634 pro
1099 4569 1225 4617 omuibus
1252 4568 1394 4617 ortodoxis
1421 4567 1511 4616 bestia
1537 4574 1703 4616 mactaretur
1732 4567 1869 4617 salutaris.
1907 4567 2025 4617 Proinde
2053 4569 2163 4618 noverit

510 4678 630 4727 omnium
647 4677 734 4726 nostri
751 4675 874 4726 fidelium
891 4682 946 4725 tarn
963 4691 1076 4741 presens
1094 4682 1151 4724 etas
1169 4689 1249 4739 quam
1270 4672 1320 4723 81⁰
1340 4690 1502 4723 successura
1516 4675 1672 4739 posteritas,
1692 4676 1757 4738 quia
1775 4692 1825 4725 nos
1842 4684 1950 4725 nostrae
1968 4670 2162 4740 proprietatisl

511 4785 646 4849 quendam
667 4782 756 4833 locum
776 4767 1057 4834 Aterahofdicmm
1077 4783 1105 4830 in
1128 4797 1200 4847 pago
1224 4767 1432 4851 Ateragowiss
1457 4788 1484 4830 ct
1507 4782 1534 4829 iu
1559 4782 1691 4830 comitatu
1716 4766 1925 4831 Gebehardiss
1948 4782 2055 4830 comitis
2077 4782 2162 4831 sitnm

511 4893 545 4942 ad
565 4891 678 4942 eandem
697 4906 713 4934 s
735 4889 920 4957 episcopalem
940 4890 1032 4939 sedem
1048 4889 1207 4938 babenberc
1228 4888 1328 4937 dictam
1347 4904 1402 4937 uua
1422 4904 1485 4937 eum
1499 4890 1625 4938 omnibus
1644 4889 1704 4937 cius
1719 4890 1890 4954 pertinentiis
1909 4890 1966 4937 sive
1984 4888 2162 4947 adherentiis,

509 4998 639 5049 videlicet
657 5000 725 5047 vicis
744 4997 817 5047 villis
834 4995 978 5047 aecclesiis
996 4997 1082 5046 servis
1101 5002 1128 5045 et
1145 4994 1253 5044 ancillis
1270 4996 1340 5044 areis
1358 4995 1490 5044 aediliciis
1508 4996 1586 5045 terris
1604 4994 1686 5044 cultis
1704 5002 1731 5043 ct
1748 4994 1858 5045 incultis
1876 4997 1927 5044 viis
1944 4996 2024 5044 inviis
2041 4996 2161 5045 exitibus
2183 5003 2213 5041 st

510 5114 538 5154 et
556 5106 689 5156 reditibus
709 5105 841 5169 quaesitis
861 5103 905 5154 vel
929 5103 1099 5168 inquirendis
1125 5103 1202 5152 silvis
1229 5103 1377 5151 forestibus
1404 5103 1507 5165 saginis
1534 5103 1726 5152 venationibus
1753 5104 1832 5167 aquis
1857 5102 2054 5168 piscationibus
2080 5100 2162 5151 molis

581 5296 645 5352 lli.
670 5300 695 5364 c)
710 5296 770 5350 Vt'.
790 5295 818 5347 in
841 5294 893 5346 deo
917 5292 1032 5346 dilectus
1055 5292 1134 5344 nobis
1224 5291 1252 5357 d)
1278 5294 1318 5353 A,·
1343 5293 1401 5345 l'l'.
1428 5291 1605 5344 Eberhardus
1630 5291 1773 5360 episcopus
1799 5292 1912 5345 liberm
1938 5290 2036 5344 dehine
2061 5290 2163 5345 habeat

668 5371 835 5437 potestatem
852 5366 948 5433 suique
965 5379 1131 5417 successores
1197 5364 1224 5431 e)
1241 5362 1658 5418 1'ttt0rm.ineaeoor.0culis
1675 5363 1720 5416 dei
1788 5364 1813 5427 s)
1833 5366 1876 5417 dia
1886 5379 1970 5429 panas
1982 5363 2163 5429 Dathema

668 5442 733 5492 zelle
751 5455 801 5491 ren
820 5440 870 5492 Ba.
884 5438 903 5489 1
917 5437 1120 5501 naehpetrapen.

580 5527 643 5585 148.
669 5528 816 5599 [Bresslau]
865 5526 891 5594 a)
911 5543 948 5578 aa
966 5526 1017 5577 dea
1036 5525 1202 5576 Bucbatnbsa
1221 5527 1252 5575 nt
1271 5524 1412 5575 Correctur
1491 5523 1519 5581 bl
1542 5520 1559 5576 e
1578 5524 1641 5575 oder
1658 5524 1687 5575 re
1705 5524 1805 5576 sciant
1822 5523 2016 5589 nocbpetrapes
2032 5540 2067 5573 au
2086 5525 2161 5584 arim
2180 5536 2211 5573 so

669 5599 889 5652 wobrselseinlicls
904 5614 963 5648 reas·
978 5597 1174 5665 ursprainplieb
1190 5595 1375 5647 cerastarum
1392 5612 1448 5646 aur·
1463 5594 1492 5647 iu
1508 5594 1597 5647 honor
1614 5596 1677 5647 oder·
1695 5596 1722 5647 in
1741 5594 1814 5647 huno
1831 5595 1995 5661 pessimabor
2049 5596 2075 5661 c)
2095 5595 2162 5647 ster

668 5689 686 5724 n
713 5675 756 5725 aa
778 5671 858 5723 tbes'ls
881 5670 1076 5731 aumadierter,
1103 5667 1180 5719 theiis
1198 5667 1401 5733 ausqueiscbter
1419 5666 1508 5718 Strieb
1581 5665 1610 5729 d)
1631 5668 1682 5719 das
1698 5673 1765 5719 erate
1783 5683 1798 5719 e
1816 5667 1915 5718 scbeiat
1932 5682 1984 5718 aas
2001 5680 2018 5717 ο
2035 5680 2105 5719 eurr.
2124 5684 2161 5717 aa

667 5746 724 5796 sein
807 5746 833 5807 e)
851 5743 902 5793 das
922 5744 950 5791 in
968 5742 1017 5791 der
1033 5739 1093 5792 VL'.
1113 5740 1296 5804 auspelassene
1315 5742 1343 5789 el
1361 5738 1408 5789 hat
1426 5739 1480 5790 ΕΙ)
1498 5738 1558 5789 lia»
1577 5738 1671 5790 reseda
1688 5739 1825 5804 daysfipt
1909 5737 1935 5805 f)
1955 5752 2004 5789 ross
2021 5736 2075 5788 ub
2094 5738 2161 5789 seer

667 5817 716 5868 dar
734 5814 806 5867 Zeila
823 5813 1017 5879 nuebpstrupen
1091 5810 1120 5877 g)
1140 5813 1169 5861 in
1186 5811 1274 5873 <infir
1290 5809 1423 5875 peluem
1441 5809 1530 5860 [Μαι
1549 5825 1596 5859 ron
1616 5809 1670 5861 ab
1688 5810 1882 5876 aucbpetruqan
