4798 6486
764 466 768 477 ·
838 433 1136 490 HEINRICHII.
1178 432 1272 490 1018.
1811 432 1876 495 485

232 629 265 684 et
287 618 364 684 inde
387 619 558 706 perviam
580 641 684 706 usque
707 618 750 684 a‘d
771 621 903 685 vineam
926 622 1028 686 etsie
1050 622 1230 708 perviam,
1260 643 1345 708 quae
1375 621 1465 687 ducit
1487 620 1656 708 Godinges
1685 623 1729 688 ad
1757 634 1877 688 terram

232 728 336 792 sancti
358 723 550 809 Landberti,
580 736 613 790 et
642 725 718 791 inde
746 727 863 791 iterum
885 727 929 792 ad
951 750 1050 814 supra
1072 727 1192 793 dictam
1215 749 1345 793 crucem
1368 767 1412 777 —
1435 740 1468 794 et
1490 728 1647 817 quicquid
1669 732 1704 795 in
1726 729 1781 795 illo
1804 753 1876 817 pro·

234 833 362 898 cinctu⁰
386 833 570 898 continetur
591 855 665 898 cum
688 832 838 898 omuibus
860 831 1052 899 utensilibus
1075 835 1170 899 terris
1193 833 1288 900 cultis
1311 844 1345 899 et
1366 835 1496 900 incultis
1514 837 1615 924 pratis
1633 837 1764 923 pascuis
1783 837 1877 923 aquis

235 961 456 1026 aquarumque
486 937 677 1004 decursibus
706 939 900 1005 molendinis
930 938 1165 1027 piscationibus
1195 939 1285 1005 silvis
1315 940 1457 1006 exitibus
1487 953 1521 1008 et
1548 942 1725 1008 reditibus
1751 944 1814 1008 viis
1844 954 1877 1008 et

199 1064 214 1105 s
235 1045 333 1109 inviis
356 1046 488 1132 quesitis
513 1056 546 1110 et
563 1045 765 1133 inquirendis
784 1047 966 1134 ceterisque
986 1069 1070 1133 quae
1089 1046 1392 1135 quomodocumque
1409 1050 1570 1114 nominari
1587 1049 1641 1114 vel
1659 1049 1725 1115 dici
1742 1061 1878 1136 possunt

235 1149 426 1216 utilitatibus
448 1150 492 1216 ad
513 1152 601 1217 idem
624 1153 774 1240 predium
796 1151 1033 1240 pertinentibus
1056 1154 1222 1242 perhanc
1244 1164 1387 1219 nostram
1409 1156 1611 1242 imperialem
1629 1157 1783 1243 paginam
1802 1179 1876 1222 con-

236 1257 380 1323 cedimus
402 1270 500 1345 atque
523 1258 687 1344 largimur,
717 1281 758 1323 ea
779 1258 933 1325 videlicet
961 1261 1086 1325 ratione
1111 1271 1148 1326 ut
1170 1259 1309 1348 predicti
1331 1263 1519 1327 monasterii
1541 1261 1644 1328 abbas
1667 1264 1782 1351 suique
1805 1286 1876 1329 suc·

235 1386 379 1429 cessores
408 1362 545 1429 liberam
575 1363 739 1430 habeant⁸
768 1365 811 1430 ad
840 1388 934 1432 usum
964 1367 1143 1432 aecclesiae
1173 1368 1329 1455 quicquid
1358 1369 1405 1433 eis
1435 1368 1595 1455 placuerit
1616 1369 1712 1435 binch
1735 1368 1878 1435 faciendi

233 1480 436 1557 potestatem,
461 1472 604 1536 omnium
627 1470 792 1537 hominurn
814 1474 908 1559 regni
930 1475 1032 1539 nostri
1055 1474 1310 1539 contradictione
1333 1486 1467 1541 remota.
1506 1475 1603 1557 Quod
1621 1486 1658 1540 ut
1674 1477 1785 1542 verius
1808 1499 1877 1542 cre·

189 1576 329 1641 rodatur
357 1577 611 1665 diligentiusque
640 1577 683 1643 ab
713 1578 861 1644 omnibus
891 1578 1091 1664 observetur,
1120 1580 1183 1646 boe
1212 1590 1402 1667 preceptum
1431 1581 1507 1647 inde
1538 1584 1757 1670 conscriptum
1779 1606 1877 1648 mauu

233 1685 365 1770 propria
387 1684 616 1750 confirmantes
640 1685 738 1771 sigilli
759 1686 861 1750 nostri
883 1687 1095 1773 impressione
1118 1687 1270 1752 iussimus
1293 1688 1452 1774 insigniri.

339 1823 356 1915 ᾖ
380 1826 516 1914 Signum
540 1827 650 1892 domni
672 1827 822 1892 Heinrici
844 1828 1063 1894 Romanorum
1086 1830 1291 1894 invictissimi
1314 1837 1379 1910 (M.)
1402 1831 1607 1917 imperatoris
1630 1831 1802 1923 augustia

338 1966 357 2058 ξ
380 1967 579 2034 Guntberius
603 1969 816 2035 cancellarius
838 1972 912 2035 vice
935 1970 1136 2036 Ercanbaldi
1158 1971 1434 2060 archicappellani
1456 1972 1689 2064 recognovitss
1761 1982 1816 2055 (SI.
1834 1983 1876 2056 3.)

338 2110 428 2176 Data
449 2126 510 2176 1111.
533 2112 601 2176 kal.
624 2111 704 2176 feb.¹
729 2111 906 2177 indictione
929 2101 967 2195 il,
995 2135 1080 2178 anno
1103 2112 1285 2179 dominicae
1308 2115 1540 2180 incarnationis
1563 2116 1733 2183 millesimo
1756 2106 1876 2203 xviffl,

190 2239 318 2283 nanno
341 2240 420 2283 vero
444 2218 554 2283 domni
576 2219 725 2283 Heinrici
755 2217 890 2284 secundi
920 2219 1085 2305 regnantis
1108 2208 1201 2303 xilk,
1230 2221 1359 2308 imperii
1389 2210 1613 2307 autem11⁰11¹3
1644 2234 1753 2289 actum
1775 2225 1877 2290 Fran·

234 2335 405 2408 conouurt3
436 2324 574 2390 feliciter
596 2348 701 2390 amen.

1012 2589 1103 2679 381.

232 2749 411 2826 Heinrich
437 2752 602 2853 hanape
625 2753 730 2827 einen
757 2752 1052 2855 Taraciae-trop,
1078 2751 1195 2828 deecit
1223 2753 1378 2829 welcben
1404 2754 1472 2830 dos
1498 2754 1645 2830 [scorrer
1663 2756 1881 2832 Bartscbeid

233 2869 306 2945 den
332 2869 423 2969 Hof
446 2867 622 2972 Canrbmq
654 2899 706 2946 on
738 2871 806 2947 das
829 2872 976 2947 Kloster
1006 2869 1248 2974 Seliqerratodt
1277 2900 1390 2975 peperi
1425 2874 1496 2950 den
1520 2874 1614 2975 Hof
1636 2875 1781 2953 Becaren
1815 2877 1909 2952 oli-⁰

188 3024 215 3065 '⁰
230 3002 390 3092 dmm
414 2989 486 3064 hat·
1359 3039 1529 3112 stantfort
1549 3041 1629 3103 1018
1647 3041 1765 3103 Jenear
1783 3043 1832 3102 21.

343 3197 585 3273 Oripinaldiplom
607 3198 649 3257 im
670 3198 698 3257 k.
719 3197 919 3258 Stooteorciio
940 3217 976 3258 zu
998 3198 1179 3271 Disseldors
1199 3199 1270 3268 (A).

344 3339 423 3417 Quis
442 3340 541 3401 Geel.
560 3359 616 3401 voa
632 3339 807 3401 Burtseieid
823 3344 885 3402 203
902 3345 936 3401 πθ
950 3343 970 3401 3
987 3360 1040 3401 aue
1056 3342 1093 3401 A.
1113 3371 1158 3381 -
1175 3341 1339 3441 Lacmnbbt
1358 3343 1556 3405 Niederrbein.
1581 3345 1645 3406 ΠΒ.
1666 3347 1695 3416 1,
1710 3346 1751 3405 92
1774 3348 1805 3405 n⁰
1821 3348 1879 3407 150

341 3466 394 3507 aue
415 3448 443 3505 A
466 3468 508 3496 =
530 3447 653 3508 Wolters
676 3446 739 3507 01).
763 3447 914 3508 Locameie
937 3447 1027 3516 (Geni
1050 3449 1142 3516 1849)
1166 3450 1209 3508 25
1230 3451 1263 3509 η’)
1278 3451 1326 3509 31.
1350 3479 1394 3489 -
1417 3449 1541 3526 Smmps
1553 3451 1625 3528 Reg.
1643 3453 1731 3512 1698.

345 3589 477 3663 Versoaet
498 3590 558 3649 aad
579 3590 755 3665 peecincben
776 3590 982 3651 00108.-
1004 3590 1068 3651 Der
1084 3591 1238 3651 Arsadraelc
1259 3594 1375 3651 nostris
1398 3611 1437 3652 ex
1459 3598 1592 3670 utraque
1615 3598 1704 3670 parte
1728 3639 1787 3654 ...
1812 3613 1879 3672 pro·

340 3698 485 3757 videntes
510 3697 603 3764 (Zeile
616 3698 670 3765 37)
695 3697 814 3757 boecii
836 3698 915 3758 nicht
935 3716 967 3758 so
989 3699 1157 3759 aeramen
1179 3718 1215 3757 ru
1236 3699 1358 3769 werden
1381 3701 1426 3759 oie
1448 3701 1482 3759 ob
1502 3698 1693 3775 81119ωο1101
1714 3702 1768 3761 wie
1790 3702 1878 3761 Burt-

339 3804 434 3864 ecieid
450 3804 563 3863 oman
579 3803 642 3863 &m
659 3803 765 3863 Reicie
781 3804 880 3879 echert
896 3805 1045 3876 10111,οα
1063 3824 1092 3865 es
1109 3806 1213 3865 dicem
1232 3806 1303 3865 decb
1319 3811 1378 3865 erat
1399 3807 1472 3866 aceli
1494 3807 1557 3866 den
1578 3807 1654 3867 Tode
1675 3809 1724 3868 des
1740 3808 1880 3881 Biscbofs

340 3911 482 3970 Heinrich
502 3929 558 3970 oon
579 3910 738 3987 Wrtrzburp
759 3911 801 3970 im
823 3911 982 3971 November
1004 3913 1083 3974 1018
1106 3913 1212 3972 noima
1233 3913 1431 3988 ieimyesallea
1461 3915 1522 3973 sein
1550 3914 1637 3985 wird,
1665 3917 1720 3990 aql.
1744 3916 1791 3975 die
1810 3915 1878 3975 Vor-

339 4017 506 4092 bemerltuoq
527 4035 563 4076 ru
584 4015 625 4077 D.
642 4019 671 4076 5.

340 4193 398 4266 (0.)
422 4182 439 4273 ξ
461 4185 501 4250 In
523 4186 653 4249 nomine
678 4198 810 4251 sanctae
834 4199 866 4252 et
888 4187 1077 4252 individuae
1100 4188 1264 4253 trinitatis.
1310 4186 1486 4253 Heinricus
1516 4188 1628 4253 divina
1657 4190 1787 4256 favente
1815 4191 1878 4257 cle·

185 4317 213 4358 ro
229 4293 355 4358 mentia
374 4292 594 4357 Romanorum
617 4294 793 4379 imperator
815 4293 1014 4382 augustus}
1104 4295 1240 4360 Noverit
1262 4297 1405 4361 omnium
1424 4294 1546 4362 Christi
1567 4297 1732 4363 fidelium⁸
1755 4310 1878 4363 nostro·

229 4421 369 4486 rumque
392 4411 458 4464 tam
481 4400 680 4486 presentium
703 4423 800 4487 quam
820 4411 853 4464 et
870 4401 1051 4466 futurorum
1070 4402 1275 4485 universitas,
1299 4403 1439 4490 qualiter
1456 4403 1654 4470 Benedictus
1672 4405 1878 4471 Porcetensis

230 4503 363 4573 cenobii
391 4504 587 4571 venerabilis
617 4504 720 4571 abbas
750 4518 874 4573 curtem
898 4506 1091 4594 Cageuberc
1121 4532 1195 4574 cum
1224 4509 1373 4575 omnibus
1403 4512 1474 4576 eius
1501 4511 1703 4598 appendiciis
1727 4514 1821 4578 sitam
1843 4514 1879 4577 in

230 4635 319 4700 pago
341 4612 488 4699 Logonei
510 4614 545 4677 in
568 4614 723 4678 comitatu
745 4614 843 4679 verob
1041 4617 1238 4681 monasterio
1262 4615 1538 4703 Selegenstetensi
1561 4620 1696 4706 eiusque
1718 4621 1878 4707 provisori

230 4742 292 4808 pro
316 4730 406 4784 curte
424 4719 514 4784 Rivti
537 4722 727 4808 cunctisque
751 4721 821 4786 eius
844 4722 1046 4808 pertinentiis
1069 4725 1131 4788 sita
1153 4725 1187 4787 in
1204 4746 1289 4810 pago
1308 4724 1552 4811 Haspengouue
1575 4727 1610 4791 in
1628 4729 1783 4792 comitatu
1799 4749 1878 4793 vero

186 4850 213 4893 u
232 4824 403 4893 Gisilberti
426 4827 562 4909 comitis,
595 4828 679 4892 sieut
708 4826 762 4892 lex
786 4838 836 4893 est
867 4828 1060 4911 concambii,
1092 4852 1152 4916 per
1182 4854 1297 4895 manus
1329 4831 1465 4919 legitimi
1498 4834 1666 4921 utriusque
1699 4834 1878 4900 aecclesiae

231 4932 413 5000 tradiderat
441 4932 601 4998 advocati.
656 4933 746 5015 Quos
777 4935 855 5021 quia
883 4935 917 5000 in
947 4935 1089 5001 medium
1119 4938 1211 5002 iuxta
1240 4938 1502 5004 commoditatem
1532 4939 1676 5005 locorum
1708 4940 1877 5006 consulere

232 5038 468 5106 rationabiliter
496 5042 712 5127 percepimus,
743 5044 861 5107 nostris
891 5064 935 5107 ex
964 5055 1100 5130 utraque
1128 5055 1219 5131 parte
1243 5045 1327 5110 siout
1349 5045 1522 5111 debuimus
1544 5047 1764 5134 providentes,
1794 5070 1878 5136 eque

232 5146 382 5212 librando
412 5169 581 5211 assensum
609 5147 797 5234 prebuimus
827 5159 996 5237 ratumque
1027 5148 1254 5216 concambium
1276 5153 1381 5239 ipsum
1406 5153 1613 5218 aetemaliter
1635 5176 1707 5219 esse
1730 5153 1878 5221 volumus

232 5276 272 5320 ac
295 5265 407 5319 nostra
424 5253 585 5340 imperiali
604 5256 795 5320 auctoritate
814 5254 1013 5321 roboramus.
1052 5257 1096 5322 Et
1114 5267 1150 5321 ut
1166 5258 1262 5323 huius
1283 5258 1468 5323 concambii
1485 5259 1622 5325 tradicio
1641 5260 1735 5325 firma
1753 5260 1878 5326 stabilis

188 5489 216 5530 to
304 5475 369 5533 880.
395 5480 421 5543 e)
446 5476 523 5531 inctu
541 5477 596 5542 auf
610 5477 704 5531 nam
775 5477 802 5545 1)
829 5477 934 5533 decer.
952 5496 1004 5531 cue
1025 5479 1047 5532 ti
1118 5482 1149 5549 g)
1174 5485 1206 5533 nt
1223 5497 1293 5537 corr.
1312 5484 1394 5534 aest
1464 5481 1495 5551 h)
1518 5481 1582 5537 hinc
1599 5484 1728 5537 wiaricus
1744 5484 1878 5553 placuerit

394 5548 449 5600 und
467 5547 586 5603 faciendi
603 5549 788 5617 smhtrdqls'cis
806 5551 941 5617 auersum
1030 5549 1050 5619 i)
1072 5550 1310 5608 x11,lral.feb.s·s
1328 5554 1415 5619 dufer
1430 5555 1563 5621 pelam
1580 5555 1669 5608 ΙΛῖοΙεο
1685 5556 1878 5624 mebparapen

393 5618 423 5687 lr)
444 5606 526 5683 xvlfl,
539 5606 599 5681 11111,
616 5606 662 5674 llll
682 5620 807 5674 maciem
824 5622 1026 5689 miseroque

305 5717 371 5773 tel.
394 5717 610 5853 graffaulmat)
633 5719 698 5772 aber
720 5735 736 5772 e
758 5721 801 5772 eis
824 5720 1107 5787 Abkttmaoszeieben
1130 5722 1286 5775 awadsm
1369 5722 1398 5791 b)
1423 5724 1623 5790 amarpefttllte
1644 5725 1734 5780 Lache
1755 5727 1806 5792 far
1827 5729 1878 5781 dea
