4804 6498
1117 471 1576 529 KAISERURKUNDEN.

629 670 740 745 Jeffe’s
764 669 907 730 0111111111
928 670 977 729 des
999 669 1131 729 Draeltes
1153 670 1196 729 bei
1218 668 1307 729 noir
1328 669 1381 727 nait
1403 667 1467 727 dem
1490 667 1593 738 frater
1618 668 1659 725 im
1682 666 1879 735 maiales
1900 665 2009 724 Archiv
2030 682 2065 724 aa
2089 662 2169 723 Char

557 858 562 867 Ι
629 779 837 848 vmhaadertot,
861 778 934 852 jezi
956 778 1162 837 matteum
1186 776 1430 852 Oeipimldiplom
1454 770 1536 842 (ΑΙ).
1561 803 1605 812 -
1636 771 1854 831 chartaceum
1883 790 2016 847 monam
2042 789 2095 830 atat
2115 771 2168 830 der

630 885 716 945 Mitte
738 885 787 945 dat
810 885 857 944 15.
874 884 930 945 Jlt.
947 887 971 956 f.
990 886 1030 943 66
1051 885 1092 943 im
1115 883 1312 952 1111ώό11111
1334 882 1444 942 Archiv
1466 899 1502 940 za
1526 878 1605 939 etur
1630 878 1694 946 (C).

631 1036 763 1110 Stampff
782 1034 1061 1110 Chroniclctoirdiqer
1087 1034 1215 1094 Tbaaten
1237 1034 1455 1108 nescit-epium
1476 1033 1508 1102 2,
1531 1025 1600 1090 316‘
1623 1030 1694 1105 nep.
1711 1059 1755 1068 -
1778 1029 1867 1089 Matr
1883 1028 1946 1088 CD.
1963 1028 2048 1087 aaa.
2065 1030 2094 1098 1,
2110 1029 2169 1089 106

631 1146 664 1203 a⁰
679 1144 718 1202 74
740 1160 793 1202 aus
815 1143 842 1200 A
865 1160 900 1201 ta
924 1142 1011 1203 1005.
1036 1171 1080 1180 -
1102 1141 1217 1200 Hidber
1239 1140 1310 1215 nep.
1336 1141 1425 1200 1208,
1450 1167 1493 1177 -
1518 1136 1641 1212 Stampf
1658 1136 1729 1211 Req.
1749 1137 1835 1194 1423.
2187 1148 2203 1189 o

632 1286 708 1345 Eine
728 1286 874 1360 Weaduap
895 1285 927 1343 ia
944 1285 996 1344 der
1013 1284 1261 1354 Petilioasformel
1279 1282 1337 1341 aad
1354 1282 1401 1341 die
1425 1280 1628 1340 &rroboratio
1646 1280 1694 1339 des
1711 1279 1783 1338 unct
1803 1279 1924 1353 Vortupe
1944 1296 1998 1337 toa
2014 1276 2083 1336 Do.
2104 1276 2168 1335 HI.

631 1394 673 1452 48
704 1392 896 1468 torpescentes
926 1391 966 1450 D.
997 1392 1082 1451 smne
1110 1391 1164 1450 aas
1186 1389 1336 1449 Protoltoll
1365 1390 1457 1448 bases
1486 1389 1539 1446 mit
1569 1385 1726 1446 Sicierltet't
1754 1386 1914 1455 111ὶί111111,
1942 1385 2010 1444 dass
2036 1383 2099 1443 ΕΙ)
2118 1384 2172 1443 aas

628 1500 700 1574 jetti
730 1499 807 1558 arieti
835 1499 915 1557 oteltr
942 1498 1127 1570 wffittdbare
1152 1497 1287 1571 Oriqiaut
1314 1496 1491 1572 pescaticbea
1519 1495 1578 1554 bnt.
1632 1493 1695 1552 Zur
1723 1492 1888 1567 Datiemap
1915 1493 1970 1567 epi.
1999 1491 2039 1550 N.
2063 1491 2172 1550 Arabio

633 1607 769 1675 20‚167.

636 1793 723 1880 (0)·
754 1790 771 1880 ξ
800 1792 839 1856 In
868 1793 998 1856 nomine
1029 1800 1161 1854 sanctae
1194 1799 1227 1854 et
1255 1788 1443 1853 individuae
1474 1788 1637 1852 trinitatis.
1695 1786 1870 1850 Heinricus
1899 1784 2012 1850 divina
2040 1784 2219 1850 faventem

530 1900 702 1965 clementia
723 1922 793 1963 rex.
902 1914 931 1963 si
949 1913 1002 1979 piis
1022 1911 1196 1962 sacerdotum
1214 1910 1409 1976 peticionibus,'
1435 1908 1509 1975 qnod
1535 1910 1569 1960 ad
1588 1914 1710 1958 nostrum
1733 1909 1837 1973 regium
1856 1908 1898 1957 ius
1917 1909 2043 1972 pertinet,
2068 1906 2172 1972 aliquid

530 2020 840 2081 accommodaverimus,
870 2020 934 2070 inde
965 2020 1043 2069 nobis
1075 2023 1213 2069 aeternam
1244 2017 1442 2067 beatitudinem
1473 2015 1578 2081 liquido
1609 2016 1753 2082 provenire
1782 2013 1951 2065 confidimus.
2001 2016 2174 2080 Quapropter

531 2129 652 2178 omnium
673 2123 805 2177 sanctae
829 2112 883 2177 dei
907 2112 1089 2176 ecclesiae⁸
1112 2108 1129 2198 ᾗ
1152 2130 1380 2189 nostrorumque
1400 2122 1521 2173 fidelium
1539 2129 1595 2173 tam
1614 2124 1780 2188 presentium
1800 2138 1881 2186 quarn
1907 2127 1935 2172 et
1953 2121 2105 2172 futurorum
2124 2137 2172 2171 no-

529 2237 601 2287 verit
618 2235 761 2293 industria,
781 2234 918 2299 quomodo
938 2234 980 2283 vir
997 2230 1164 2283 venerabilia
1188 2216 1405 2281 Outiall'icusb
1427 2236 1539 2281 sanctae
1559 2228 1699 2280 Curiensis
1725 2227 1876 2280 aecclesiae
1899 2230 2045 2294 episcopus
2070 2228 2105 2277 ad
2124 2244 2174 2278 nos

530 2344 608 2393 venit
625 2358 719 2394 secum
738 2342 863 2393 deierans
889 2345 1018 2406 precepta
1043 2340 1141 2389 beatae
1160 2339 1308 2389 memoriae
1327 2325 1438 2410 magni
1460 2338 1570 2388 Ottonis
1590 2345 1652 2387 nec
1674 2345 1739 2386 non
1763 2337 1868 2387 eteius
1887 2337 2023 2400 equivoci,
2042 2322 2175 2408 insuper
2194 2344 2220 2383 it

531 2436 629 2500 etiam
658 2444 691 2499 et
717 2435 809 2499 tercii
835 2433 963 2498 Ottonio
986 2431 1201 2496 antecessoris
1225 2446 1319 2503 nostri,
1345 2445 1539 2510 imperatorum
1564 2442 1696 2493 videlicet
1720 2449 1910 2508 augustorum,
1935 2444 1964 2492 in
1988 2443 2086 2507 quibus
2109 2458 2173 2494 con-

530 2558 677 2616 tinebatur,
703 2554 822 2621 qualiter
847 2555 906 2620 ipse
931 2559 1092 2619 prenotatns
1116 2560 1255 2623 magnus
1278 2536 1433 2601 videlicet
1457 2537 1533 2601 Otto
1560 2548 1650 2601 locum
1676 2551 1781 2601 Zisuris
1805 2556 1933 2600 vocatum
1959 2566 2022 2600 cnm
2047 2551 2174 2600 omnibus

531 2662 695 2715 utensilibus
712 2665 768 2713 suis
785 2663 820 2713 ad
834 2661 991 2712 Ostiensem
1008 2658 1152 2711 ecclesiam
1169 2657 1283 2709 tradidit
1298 2673 1330 2708 ac
1347 2673 1398 2708 sna
1414 2659 1592 2723 preceptione
1610 2656 1724 2708 eandem
1739 2662 1843 2707 curtem
1860 2672 1920 2708 cnm
1936 2658 1992 2708 suis
2009 2657 2174 2723 appenditiis

531 2770 667 2836 aliisque
696 2771 822 2820 omnibns
850 2770 931 2819 rebus
957 2765 1023 2817 illuc
1049 2784 1067 2817 s
1090 2767 1202 2831 regibus
1229 2763 1272 2815 vel
1291 2765 1501 2830 imperatoribus
1527 2764 1653 2815 traditise
1682 2763 1859 2823 confirmavit,
1886 2772 1968 2829 atque
1997 2751 2174 2836 equivocus

531 2865 601 2928 eius
633 2885 694 2927 nec
726 2885 792 2926 non
824 2872 857 2926 et
887 2863 1007 2926 tercius
1041 2860 1117 2924 Otto
1147 2888 1294 2938 persuum
1313 2878 1474 2938 preceptum
1497 2871 1566 2921 haec
1589 2870 1683 2921 eadem
1709 2868 1845 2942 uterque
1880 2871 2075 2921 corroboravit.
2120 2871 2175 2921 Sed
2193 2874 2221 2913 ²⁰

531 2980 605 3057 post
633 2970 744 3054 magni
768 2969 895 3033 Ottonis
924 2967 1063 3053 primam
1092 2965 1198 3052 predii
1227 2964 1434 3029 traditionem
1463 2964 1582 3051 prefati
1608 2978 1719 3043 quidam
1746 2977 1884 3028 arnaldus
1911 2973 2075 3027 onduneib
2102 2977 2176 3028 filius

532 3099 606 3141 eum
631 3090 700 3141 adiit
719 3087 896 3156 querelando,
920 3088 1033 3138 firmiter
1057 3088 1197 3153 professus
1223 3092 1318 3136 contra
1342 3088 1385 3136 ius
1411 3085 1502 3136 locum
1529 3086 1644 3136 eundem
1669 3087 1722 3135 sibi
1744 3087 1829 3136 tuisse
1848 3086 2016 3137 subtractum
2035 3083 2176 3150 multoque

532 3200 647 3263 aequius
666 3198 701 3248 ad
720 3212 798 3247 suam
817 3194 979 3247 aecclesiam
997 3194 1166 3245 Schennines
1188 3194 1299 3253 dictam,
1324 3209 1405 3258 qnam
1432 3194 1478 3242 cui
1503 3194 1562 3259 ipse
1587 3194 1709 3253 tradidit,
1736 3195 1861 3244 numere.
1905 3192 1957 3243 Ille
1985 3200 2076 3244 antem
2100 3195 2176 3242 viros

533 3306 680 3371 optimates
705 3303 844 3354 &ricmis
870 3303 1016 3352 comitatus
1045 3317 1107 3351 cum
1134 3302 1305 3351 districtione
1332 3301 1416 3351 banni
1442 3298 1636 3350 Constanciam
1665 3300 1699 3350 ad
1725 3316 1754 3350 se
1780 3301 1874 3351 urbem
1902 3300 1996 3350 venire
2022 3300 2102 3349 iussit
2126 3316 2175 3365 pro

533 3411 690 3477 indaganda
709 3412 748 3462 rei
767 3411 892 3461 veritate.
937 3410 1042 3470 Quibus
1067 3409 1169 3459 ibidem
1195 3408 1377 3473 congregatis,
1403 3408 1548 3457 iuramenti
1574 3409 1750 3458 attestatione
1777 3405 1985 3473 diligentissime
2010 3408 2045 3457 ab
2071 3407 2111 3457 eis
2136 3408 2176 3456 rei
2194 3413 2222 3453 to

532 3521 677 3570 veritatem
696 3518 839 3582 quaesivit,
865 3518 889 3566 si
913 3517 968 3566 iam
987 3516 1062 3565 dicta
1088 3516 1173 3565 curtis
1198 3520 1263 3564 tnnc
1282 3514 1420 3579 temporis,
1445 3513 1554 3578 quando
1574 3530 1634 3564 eam
1653 3514 1688 3564 ad
1706 3513 1859 3579 predictum
1879 3513 1969 3564 locum
1988 3484 2109 3573 tradidit,
2134 3514 2177 3564 sni

534 3632 607 3677 esset
625 3626 691 3675 iuris
711 3640 743 3675 ac
755 3624 900 3690 potestatis
919 3639 978 3673 eam
996 3621 1123 3672 tradendi
1141 3637 1176 3670 an
1195 3636 1259 3670 non.
1288 3620 1406 3671 Peracta
1424 3622 1525 3686 qnippe
1545 3622 1742 3680 coniuratione,
1760 3623 1866 3671 cunctis
1885 3620 1964 3671 simul
1984 3621 2178 3671 attestantibus

535 3749 595 3784 eam
613 3733 656 3782 sui
674 3732 759 3782 tuisse
777 3731 846 3781 iuris
865 3730 948 3780 dandi
968 3730 1011 3779 cni
1030 3726 1122 3787 vellet,
1142 3727 1232 3777 denno
1251 3727 1306 3776 sui
1325 3727 1489 3777 auctoritate
1513 3729 1635 3792 precepti
1654 3743 1713 3778 eam
1733 3727 1858 3777 Curiensi
1877 3725 1993 3778 ecclesis
2013 3726 2127 3777 tradidit
2145 3744 2177 3777 sc

536 3840 733 3899 corroboravit,
752 3854 784 3888 es
803 3835 934 3888 videlicet
951 3837 1063 3886 racione
1083 3840 1113 3884 nt
1138 3827 1216 3884 iam‘¹
1235 3832 1309 3883 dicta
1335 3834 1419 3883 curtis
1445 3850 1506 3883 cum
1533 3834 1658 3884 omnibns
1683 3835 1719 3884 ad
1743 3850 1773 3884 se
1798 3835 1996 3900 pertinentibus
2022 3835 2179 3901 perenniter

536 3947 623 3998 eidem
643 3944 805 4004 aecclesiae,
824 3945 944 3994 omnium
963 3941 1153 4007 inquietudine
1172 3946 1287 4000 semota,
1307 3942 1477 3992 consisteret.
1513 3941 1568 3990 Pro
1587 3942 1626 3991 rei
1645 3948 1736 3991 tamen
1761 3941 1888 3992 firmitate
1911 3942 1996 4007 peciit
2021 3957 2070 3991 nos
2096 3940 2176 4007 preli·
2195 3954 2222 3994 aa

535 4055 616 4105 batus
643 4055 795 4120 episcopus,
821 4056 852 4102 ut
877 4056 940 4101 ante
966 4050 1067 4100 dictam
1087 4049 1191 4098 Zianris
1214 4054 1317 4098 curtem
1346 4049 1380 4097 ab
1408 4034 1526 4098 Ottone
1556 4056 1674 4120 magno
1704 4049 1793 4099 eidem
1820 4048 1971 4100 aecclesiae
1998 4050 2125 4100 traditam
2150 4056 2177 4100 et

535 4162 680 4212 iteratione
704 4162 746 4210 sui
769 4160 893 4226 precepti
912 4164 1054 4207 necnon
1073 4151 1106 4206 et
1123 4142 1286 4226 preceptis
1306 4139 1461 4205 Ottonum
1477 4141 1707 4226 imperatorum
1725 4152 1935 4227 augustorum
1954 4157 2176 4207 eonoboratam0

536 4284 598 4319 cnm
618 4270 743 4319 omnibus
762 4266 797 4317 ad
816 4282 895 4316 snum
915 4266 1105 4330 episcopatum
1123 4264 1193 4313 iuste
1213 4262 1411 4326 pertinentibus
1430 4263 1481 4312 sub
1500 4268 1610 4313 ucenae
1630 4261 1816 4313 defensionis
1834 4271 1966 4312 manum
1994 4263 2177 4328 reciperemus

536 4393 568 4427 ac
592 4382 706 4427 nostra
739 4361 862 4446 pagina
887 4380 906 4415 a
935 4372 1182 4422 corroboraremus.
1236 4368 1321 4418 Cuius
1342 4383 1359 4414 a
1385 4369 1517 4434 peticioni
1548 4368 1676 4421 consultu
1711 4369 1829 4420 dilectae
1864 4355 2053 4420 contectalis
2086 4378 2178 4420 nostre

537 4466 752 4554 cunigundae
779 4489 798 4524 ὕ
821 4495 961 4530 assensum
979 4479 1124 4545 prebentes
1140 4482 1271 4543 precepta
1286 4477 1480 4541 imperatorum
1504 4461 1702 4547 prefatorum
1726 4478 1759 4527 de
1778 4476 1902 4542 predicta
1921 4483 1999 4527 curte
2015 4485 2032 4516 *
2051 4475 2178 4526 Curiensi
2196 4488 2223 4528 st

537 4589 672 4640 ecclesiae
691 4590 847 4654 conscripta
865 4585 1036 4650 aliorumque
1056 4591 1260 4635 antecessorum
1279 4589 1432 4633 nostrorum
1448 4599 1465 4630 s
1487 4584 1649 4634 donationes
1667 4571 1733 4633 iam
1749 4569 1835 4633 iamf
1852 4569 1959 4633 dictae
1978 4585 2106 4634 renovari
2131 4584 2176 4634 dc·

537 4699 671 4749 crevimus
689 4694 850 4755 aecclesiae,
876 4695 1056 4759 suscipientes
1082 4693 1134 4742 snb
1158 4696 1278 4740 nostram
1305 4691 1407 4755 regiam
1433 4691 1580 4741 tuicionem
1607 4692 1693 4756 ipsam
1713 4689 1871 4741 curiensem
1890 4691 2029 4740 civitatem
2049 4706 2109 4739 cnm
2128 4689 2178 4739 tali

537 4805 707 4855 districtione
727 4810 755 4852 et
773 4804 841 4859 iure,
866 4802 938 4851 sicut
963 4799 1114 4863 antiquitus
1140 4799 1175 4847 ad
1201 4798 1303 4862 regiam
1329 4797 1483 4863 pertinebat
1508 4803 1672 4862 potestatem
1699 4805 1726 4847 et
1750 4798 1822 4847 sicut
1840 4797 1964 4847 homines
1983 4797 2069 4863 ipsius
2088 4798 2178 4847 tocius

538 4912 696 4979 provinciae
716 4907 859 4959 censuales
879 4923 911 4957 ac
931 4905 1010 4957 liberi
1035 4912 1099 4956 sunt
1125 4904 1272 4963 debitores,
1297 4919 1359 4953 cum
1377 4903 1508 4954 aedificiis
1528 4905 1556 4952 in
1575 4919 1652 4953 muro
1673 4909 1699 4953 et
1718 4903 1835 4953 assiduis
1854 4903 1957 4970 vigiliis
1977 4910 2005 4954 et
2023 4904 2180 4954 coemunt

537 5020 610 5069 intus
630 5024 657 5068 11
676 5018 743 5068 loris
760 5029 777 5060 a
798 5016 997 5079 omnibusque
1016 5014 1051 5063 ad
1070 5012 1183 5062 eandem
1202 5012 1342 5060 civitatem
1361 5011 1559 5075 pertinentibus
1585 5011 1613 5059 in
1639 5008 1748 5060 teloneo
1774 5018 1884 5060 moneta
1909 5017 1937 5062 et
1961 5012 2052 5062 banno
2072 5018 2178 5062 etcum
2195 5020 2224 5060 to

538 5127 612 5176 omni
631 5140 714 5175 censu
734 5140 750 5173 a
769 5120 861 5172 liberis
879 5121 1033 5171 hominibus
1050 5117 1182 5169 solvendo
1200 5118 1305 5182 inipso
1323 5116 1453 5166 comitatu
1471 5115 1606 5175 Curiensi,
1625 5115 1732 5167 scilicet
1752 5133 1768 5167 a
1786 5119 1926 5182 quartanis
1946 5125 1973 5168 et
1992 5117 2142 5182 quadrariis
2159 5132 2177 5162 r

538 5234 616 5284 terris
636 5229 812 5283 censualibus
832 5230 958 5279 omnibus
977 5229 1005 5277 in
1024 5227 1159 5276 montanis
1179 5232 1207 5275 et
1226 5222 1313 5290 planis
1340 5230 1367 5273 et
1390 5224 1539 5282 hostisana,
1566 5238 1627 5273 cum
1653 5230 1710 5274 tota
1736 5226 1879 5275 exactione
1905 5226 2006 5290 integri
2025 5240 2123 5275 census
2148 5224 2179 5274 et

537 5341 651 5391 bannita
669 5338 839 5389 districtione
859 5338 950 5401 pontis
968 5335 1114 5399 tociusque
1133 5331 1304 5383 vendicionis
1331 5338 1358 5380 et
1376 5331 1576 5395 negociationis
1601 5332 1688 5397 ipsius
1708 5330 1763 5381 loci
1782 5338 1809 5382 et
1827 5333 2022 5398 procuratione
2040 5331 2178 5383 falconum

610 5529 673 5586 114.
700 5525 959 5598 [June-omnibu]
995 5526 1022 5592 a)
1040 5524 1180 5576 tuamen
1199 5522 1265 5585 fehlt
1283 5524 1313 5573 is
1332 5523 1359 5575 C.
1391 5521 1425 5573 la
1441 5520 1477 5573 Α1
1495 5523 1529 5572 ist
1544 5537 1600 5573 aar
1615 5522 1665 5573 dae
1680 5522 1756 5574 Ende
1771 5522 1819 5574 der
1835 5529 1919 5575 cretea
1934 5523 2012 5576 Zeila
2026 5522 2177 5588 1111111111,

697 5600 761 5653 aber
782 5600 856 5651 nicht
880 5597 1032 5664 1191911111,
1056 5595 1119 5647 dass
1143 5595 1212 5646 dicae
1236 5596 1266 5645 ia
1289 5594 1469 5659 verlaaperta
1486 5592 1592 5657 Sebrift
1615 5593 1779 5659 qescbmchen
1797 5610 1872 5655 war,·
1896 5594 1961 5646 dealt
1978 5594 2050 5658 dors
2063 5596 2113 5647 dos
2131 5597 2179 5646 mit
2195 5603 2224 5644 at

698 5671 843 5724 Sicherlteit
861 5670 913 5733 sar
929 5670 999 5721 dieat
1016 5667 1087 5719 Zeila
1104 5668 1153 5717 wie
1170 5668 1219 5729 sar
1242 5666 1285 5715 die
1302 5666 1428 5729 Siquam·
1450 5665 1507 5715 aad
1531 5664 1573 5717 dte
1590 5664 1840 5731 Recooaita'onazet‘le
1864 5680 2051 5730 saymommea
2076 5667 2178 5718 aedes

697 5743 727 5805 b)
749 5741 844 5795 Vdalr.
864 5742 888 5792 C
974 5744 999 5805 c)
1018 5735 1131 5790 tradidit
1150 5738 1200 5803 A¹3
1223 5736 1292 5787 toobl
1308 5752 1363 5786 aur
1381 5752 1428 5787 von
1448 5735 1524 5801 Jafft
1539 5736 1580 5787 bei
1595 5736 1644 5787 der
1661 5736 1793 5789 Collatino
1810 5736 1982 5789 mereim
2001 5738 2180 5801 mekfebler

698 5815 727 5881 d)
745 5814 813 5878 fehlt
832 5816 861 5865 ia
881 5813 904 5863 C
973 5812 998 5877 e)
1020 5809 1196 5861 corroborata
1215 5809 1237 5859 C
1305 5805 1327 5871 1)
1344 5807 1413 5859 ΑὈ
1489 5808 1519 5876 g)
1541 5805 1699 5859 custodibus
1718 5807 1741 5860 C
