4836 6504
500 418 564 479 164
1098 420 1561 479 KAISERURKUNDEN.

498 631 527 676 et
544 619 726 689 iniquirendis
746 624 828 674 rebus
852 622 1001 674 mobilibus
1025 631 1084 673 seu
1106 616 1314 673 immobilibus(¹
1333 623 1413 686 aquis
1437 629 1590 672 earumve
1614 622 1775 672 decursibus
1799 608 1892 673 molis
1916 621 2078 674 molendinis
2097 625 2153 690 pis·

498 732 654 781 cationibua
684 728 763 780 silvis
794 731 897 795 saginis
928 730 1123 780 venationibus
1159 737 1257 800 apum
1292 715 1423 800 pascuis
1451 726 1619 794 paludibus0
1646 726 1756 793 alpibns
1783 727 1922 779 vallibus0
1949 714 2154 802 planiciebus

498 839 625 888 omnibus
641 850 658 882 r
678 822 777 888 rebus
800 838 873 887 iuste
892 835 935 887 vel
956 835 1083 902 legaliter
1105 822 1148 885 ad
1171 820 1311 885 eandem
1335 821 1450 885 eortim
1473 819 1724 906 respicientibus
1745 834 1780 885 ad
1800 834 1947 886 ecclesiam
1964 842 2077 887 sanetae
2098 822 2153 887 dei

497 931 665 1016 genitricis
688 946 850 1009 sanctique
871 942 1028 993 Corbinisni
1056 927 1178 993 Christi
1199 942 1375 1000 contessoris,
1395 942 1514 990 omnium
1534 940 1751 991 contradictione
1776 938 1915 1009 remota,
1937 926 2000 992 hac
2022 940 2152 993 nostrae

498 1038 699 1101 auctoritatis
722 1034 903 1122 preceptali
933 1036 1056 1121 pagina
1079 1049 1240 1099 donantes
1263 1034 1551 1121 proprietavimus,
1576 1062 1609 1097 co
1634 1031 1761 1098 scilicet
1782 1054 1878 1098 cenom
1897 1054 1928 1097 ut
1950 1033 2152 1120 prelibatue‘
2177 1060 2193 1100 s

500 1172 518 1204 s
534 1159 681 1224 episcopus
705 1158 802 1221 suique
828 1172 1003 1207 successores
1027 1154 1142 1207 liberam
1172 1140 1291 1205 dehinc
1320 1155 1440 1205 habeant
1464 1160 1630 1220 potestatem
1661 1138 1776 1204 eadem
1809 1151 1885 1204 ante
1918 1140 2007 1205 dicia
2036 1142 2153 1229 predia

497 1265 666 1332 teneneudiss
683 1263 842 1330 possidendi
862 1262 1048 1314 commutandi
1067 1261 1110 1312 vel
1131 1261 1263 1326 quicquid
1288 1245 1351 1311 sibi
1376 1259 1481 1311 libeat
1504 1245 1609 1310 modis
1630 1244 1781 1310 omnibus
1802 1246 1880 1311 inde
1902 1262 2030 1313 faciendi.
2066 1263 2102 1313 Et
2121 1270 2153 1313 nt

498 1370 566 1421 baec
589 1363 720 1421 nostraeh
742 1369 903 1420 tradicionis
926 1370 1078 1419 auctoritas
1100 1368 1209 1418 stabilis
1236 1374 1264 1419 et
1286 1366 1450 1418 inconvulsa
1472 1374 1639 1434 permaneat,
1666 1367 1737 1417 hauc
1761 1366 1886 1418 eartam
1901 1382 1918 1412 s
1940 1384 2020 1418 manu
2041 1372 2154 1437 propria

498 1478 660 1528 roborantes
684 1475 768 1542 sigilli
793 1478 879 1527 nostri
903 1477 1074 1542 inpressione
1100 1476 1227 1542 insigniri
1250 1476 1388 1525 iussimus.

604 1594 622 1684 ᾖ
645 1596 782 1681 Signum
806 1594 915 1660 domui
939 1594 1089 1659 Heinrici
1112 1602 1176 1674 (Μ.)
1200 1595 1288 1680 regis
1312 1594 1528 1658 invictissimi.
1552 1590 1569 1682 ξ
2173 1619 2203 1659 ro

603 1736 855 1826 {Eberhardus
880 1736 1092 1801 cancellarius
1115 1738 1188 1801 vice
1213 1734 1378 1823 Uuilligisi
1402 1735 1655 1823 archicapellani
1678 1737 1865 1823 recognovi.
1889 1733 1907 1824 ξ
1979 1745 2035 1817 (SI.
2054 1744 2105 1815 D.)

604 1880 693 1944 Data
719 1895 768 1943 vl.
793 1879 837 1943 id.
865 1880 940 1943 mai.
965 1878 1141 1944 indictione
1172 1895 1206 1961 v,
1238 1901 1323 1943 anno
1354 1877 1536 1943 dominicae
1566 1879 1799 1942 incamatiouis
1828 1893 1925 1964 nvn,
1956 1902 2041 1944 anno
2070 1901 2152 1945 vero

498 1986 608 2051 domni
631 1986 780 2051 Heinrici
804 1985 939 2050 secundi
963 1987 1129 2072 regnantis
1152 2001 1191 2069 v,
1223 1995 1332 2050 actum
1354 1983 1565 2067 Babenberc3
1597 1983 1736 2050 feliciter
1759 2008 1864 2051 amen.

1282 2355 1371 2442 138.

497 2536 676 2611 Heinrich
701 2534 846 2610 schmitt
870 2534 949 2610 dem
980 2533 1127 2633 Grofea
1152 2536 1298 2609 Ascuin
1324 2536 1401 2608 sein
1429 2532 1504 2611 Gar
1527 2534 1660 2635 Eriaq.
2170 2571 2197 2611 a

1473 2686 1479 2696 '
1697 2692 1843 2767 samec
1866 2694 1947 2754 1007
1965 2693 2032 2752 uas
2055 2696 2102 2753 13.

607 2869 851 2944 Oripiaaldiplom
873 2869 914 2927 im
936 2869 965 2928 lc.
990 2867 1197 2927 Reicbsarcbiv
1219 2887 1254 2927 zu
1277 2867 1420 2927 diductos
1444 2869 1516 2936 (A).

603 3011 769 3085 Heybcrqcr
791 3009 1005 3085 lelnoyrapbio
1033 3010 1159 3070 Bobeub.
1185 3012 1213 3080 1,
1233 3012 1273 3069 59
1295 3012 1507 3086 savollstdndiq
1529 3028 1582 3070 aus
1604 3012 1631 3069 Α
1654 3012 1708 3070 mit
1730 3014 1803 3071 idus
1825 3015 1900 3072 maii
1923 3034 1966 3061 =
1989 3013 2149 3073 Satelliuer

603 3119 634 3177 in
658 3118 738 3176 Neue
759 3116 826 3176 hest.
846 3116 990 3176 Abhondl.
1013 3117 1065 3176 der
1087 3117 1170 3190 bour.
1191 3117 1347 3175 damnate
1369 3118 1388 3175 4
1413 3118 1621 3188 (1792),116.
1647 3148 1691 3157 -
1717 3119 1926 3179 Oestesreicber
1948 3122 1980 3180 ia
2004 3120 2149 3194 Gedffnctc

603 3225 728 3284 Archino
751 3225 789 3293 1⁶,
813 3224 873 3282 374
895 3225 960 3281 n⁰1
984 3240 1037 3282 aus
1059 3225 1096 3283 A.
1119 3253 1164 3262 —
1191 3223 1273 3283 Mos.
1297 3224 1391 3284 Boico
1412 3226 1480 3294 28⁰,
1504 3225 1562 3283 334
1584 3227 1616 3284 a⁰
1631 3226 1693 3284 217
1716 3243 1769 3285 aus
1791 3226 1828 3285 A.
1853 3254 1897 3266 -
1925 3228 2052 3287 Bdlamcr
2073 3227 2146 3303 Res.
2166 3248 2196 3287 so

604 3333 671 3391 996.
696 3360 740 3369 -
763 3330 886 3405 Stampf
904 3330 975 3405 sec.
995 3331 1082 3390 1451.

608 3474 741 3545 Versusst
763 3473 822 3531 und
843 3472 1019 3547 qesclrrs'ebca
1041 3492 1096 3531 oon
1119 3471 1189 3532 ΕΙ).
1229 3472 1288 3532 Die
1311 3472 1447 3532 L'rlruadc
1466 3479 1584 3533 stammt
1605 3493 1659 3533 eus
1681 3475 1745 3534 ἀεηι
1766 3475 2006 3551 Bnnsberqisrtea
2027 3477 2146 3536 Archiv.

603 3666 663 3741 (C.)
685 3656 702 3748 ξ
724 3658 763 3722 In
786 3661 917 3722 nomine
941 3669 1074 3722 sanotae
1099 3670 1131 3723 et
1153 3658 1342 3723 individuae
1365 3660 1528 3724 trinitatis.
1580 3660 1756 3726 Heinricus
1787 3662 1900 3727 divina
1929 3662 2059 3728 favente
2082 3663 2146 3727 cle·

496 3768 620 3831 mentia
642 3787 712 3829 rex.
822 3763 982 3830 Omnibus
1002 3776 1134 3830 sanctae
1154 3765 1207 3829 dei
1227 3766 1385 3830 ecclesiae
1404 3765 1556 3831 fidelibus
1574 3766 1780 3853 presentibus
1800 3768 1925 3834 scilicet
1944 3781 1977 3834 et
1995 3769 2110 3835 futuris
2129 3767 2147 3858 ff

495 3885 608 3938 notum
624 3872 695 3936 fieri
710 3870 869 3953 volumus,
889 3870 1029 3957 qualiter
1047 3894 1106 3935 nos
1124 3872 1310 3936 interventu
1329 3872 1558 3937 dilectissimae
1578 3874 1768 3938 contectalis
1784 3886 1913 3939 nostrae
1930 3875 2146 3962 Cunigundae
2165 3902 2194 3942 ss

496 3978 651 4043 videlicet
674 3978 807 4063 reginae
831 3976 995 4063 quoddam
1019 3978 1119 4041 nostri
1143 3979 1222 4041 iuris
1245 3978 1394 4064 predium
1413 3979 1536 4064 Eringa
1560 3980 1683 4045 dictum
1706 3982 1739 4045 in
1763 4004 1848 4068 pago
1868 3982 2038 4068 Rbtgduue
2062 3994 2094 4046 et
2112 3984 2147 4046 in

497 4086 651 4150 comitatu
676 4083 811 4148 Gcroldi
835 4085 961 4148 comitis
986 4085 1082 4148 situm
1106 4106 1179 4148 cum
1210 4083 1359 4149 omnibus
1389 4087 1459 4150 eius
1482 4088 1686 4172 pertiuentiis
1711 4099 1743 4152 et
1766 4086 1969 4170 utensilibus,
1993 4088 2146 4153 videlicet

495 4191 594 4256 rebus
610 4190 784 4256 mobilibus
801 4202 833 4255 ct
848 4189 1057 4255 inmobilibus
1074 4192 1209 4276 quesitis
1225 4190 1279 4254 vel
1294 4191 1497 4277 inquirendis
1514 4193 1662 4257 ecclesiis
1679 4193 1815 4259 decimis
1831 4194 1962 4258 familiis
1978 4197 2146 4281 utriusque

496 4322 594 4364 sexus
618 4299 780 4365 cortiferis
803 4297 962 4362 aedificiis
986 4299 1071 4361 areis
1094 4298 1189 4361 terris
1213 4297 1307 4361 cultis
1331 4311 1364 4362 et
1387 4298 1516 4363 incultis
1539 4300 1601 4363 viis
1625 4301 1723 4364 inviis
1746 4299 1889 4365 exitibus
1911 4300 1966 4366 vel
1988 4299 2145 4365 reditibus

495 4408 626 4491 pascuis
651 4405 855 4490 compascuis
873 4404 976 4491 pratis
995 4402 1085 4466 silvis
1104 4405 1226 4489 saginis
1245 4404 1471 4469 venationibus
1492 4406 1643 4470 incisuris
1664 4409 1757 4494 equis
1777 4429 1931 4471 eanimve
1955 4405 2145 4472 decursibus
2165 4436 2194 4475 so

495 4512 589 4576 molis
613 4510 806 4576 molendinis
829 4508 1064 4596 piseationibus
1088 4532 1125 4574 ac
1150 4533 1224 4574 cum
1248 4512 1364 4574 ceteris
1388 4509 1485 4575 rebus
1509 4512 1669 4595 omnibus,
1694 4536 1777 4600 quac
1801 4514 1862 4578 rite
1886 4513 1953 4578 dici
1970 4513 2023 4578 vel
2047 4512 2145 4578 scribi

495 4629 641 4706 possunt,
664 4617 832 4682 Ascuuino
863 4618 971 4682 comiti
1000 4627 1175 4703 nostroque
1205 4616 1292 4681 fideli
1323 4617 1385 4682 hac
1415 4630 1544 4683 nostrae
1575 4621 1776 4684 auctoritatis
1806 4619 1986 4707 preceptali
2014 4622 2145 4707 pagina,

494 4737 591 4813 prout
613 4725 795 4788 firmissime
819 4725 1014 4810 potuimus⁸,
1044 4724 1078 4787 iu
1108 4724 1178 4787 cius
1208 4724 1258 4787 ius
1288 4736 1386 4810 atque
1411 4724 1588 4789 dominium
1612 4726 1770 4791 donantes
1792 4728 2075 4814 proprietavimus,
2106 4750 2145 4791 eo

494 4831 649 4896 videlicet
673 4843 783 4895 tenore
807 4841 842 4894 ut
865 4830 1010 4916 prefatus
1034 4852 1142 4893 comes
1165 4828 1352 4894 Ascuuinus
1371 4829 1511 4897 liberam
1544 4832 1662 4896 dehinc
1692 4832 1812 4899 habeat
1841 4845 2035 4921 potestatem
2058 4834 2144 4899 idem

495 4938 645 5025 predium
668 4936 801 5002 tenendi
824 4936 1012 5023 possidendi
1037 4937 1256 5001 commutandi
1286 4937 1430 5001 donandi
1460 4960 1519 5002 seu
1548 4939 1704 5025 quicquid
1735 4939 1798 5004 sibi
1827 4940 1928 5006 libeat
1950 4940 2055 5006 modis
2078 4962 2144 5005 om·
2163 4974 2194 5014 ω

494 5044 592 5109 nibus
615 5045 690 5109 inde
715 5043 868 5108 faciendi.
920 5044 964 5108 Et
987 5054 1023 5107 ut
1045 5043 1128 5107 hacc
1158 5056 1285 5108 nostrae
1316 5044 1499 5109 traditionis
1529 5046 1704 5110 auctoritas
1735 5046 1861 5112 stabilis
1891 5059 1924 5113 et
1953 5047 2145 5112 inconvulsa

495 5162 694 5238 permaneat,
724 5149 809 5215 hano
838 5162 961 5214 cartam
984 5150 1060 5214 inde
1085 5152 1303 5236 conscriptam
1335 5175 1434 5216 manu
1462 5153 1595 5239 propria
1618 5150 1808 5218 roborantes
1839 5153 1936 5240 sigilli
1965 5155 2066 5218 nostri
2096 5156 2144 5219 in·

494 5259 661 5345 pressione
684 5257 834 5342 insigniri
857 5258 1019 5321 iussimus.

567 5470 630 5526 lat.
656 5469 684 5535 d)
702 5470 740 5530 13,·
766 5471 823 5520 und
839 5485 869 5522 so
880 5471 947 5535 jem
965 5486 1015 5521 cos
1032 5487 1143 5523 maere·
1161 5471 1246 5523 Hand
1262 5472 1441 5538 nocbqezoqen
1459 5472 1527 5524 auch
1545 5475 1575 5525 s'n
1593 5475 1634 5533 A:
1656 5474 1848 5541 ursprslsqlicls
1866 5475 1936 5527 scobi
1957 5473 2142 5539 inmobilibus,

655 5545 703 5594 scie
725 5541 778 5593 ΕΒ
801 5545 912 5593 minuet
936 5541 1049 5593 schreibt
1156 5546 1182 5608 e)
1209 5541 1356 5610 paludibus
1383 5572 1415 5582 -
1440 5542 1558 5596 vallibus
1581 5547 1610 5596 in
1628 5546 1653 5597 A
1676 5562 1732 5597 aar
1753 5562 1804 5597 coss
1825 5563 1937 5599 mere·
1954 5545 2046 5611 Hand,
2074 5546 2141 5597 abac
2160 5563 2192 5602 to

654 5612 1110 5754 qqclquequqqqupzqoqglx
1127 5615 1246 5678 &irrisu
1270 5616 1314 5666 die
1332 5615 1439 5680 Lesuup
1457 5618 1491 5666 ist
1508 5616 1594 5668 durch
1613 5617 1638 5668 B
1655 5617 1782 5682 passchert
1862 5616 1884 5681 f)
1902 5634 1947 5670 sm
1965 5634 1981 5670 a
2000 5618 2143 5670 mur

567 5780 630 5838 1⁸8.
655 5780 801 5851 [Bresslan]
838 5783 865 5850 a)
881 5783 894 5833 t
911 5783 998 5844 sosort
1015 5797 1084 5836 corr.
1104 5799 1155 5833 aus
1172 5799 1185 5835 s
