4766 6604
559 463 624 526 364
1160 467 1627 524 KAISERURKUNDEN.

558 668 692 721 sanctae
709 656 763 720 dei
779 655 939 720 ecclesiae
955 666 1202 741 nostrorumque
1215 653 1360 718 fidelium
1415 655 1661 743 futurorumque
1689 655 1842 737 sollertia,
1874 655 2013 742 qualiter
2035 679 2096 719 nos
2119 657 2212 720 inter·

557 764 759 850 presentium
782 761 908 826 scilicet
937 785 976 826 ac
1006 761 1188 827 futurorum
1211 760 1361 824 volumus
1415 774 1517 826 ventu
1542 785 1581 827 ac
1604 764 1760 849 petitione
1784 762 1980 849 Cunigrmde
1999 764 2213 849 imperatrice

558 870 765 934 universitati
787 878 908 955 pateat,
933 868 1074 954 qualiter
1093 890 1153 933 nos
1175 866 1358 955 recepisse¹
1415 880 1611 955 nostraeque
1636 868 1755 934 dilecte
1775 870 1923 955 coniugis
1937 891 1998 955 per
2013 869 2098 934 hanc
2114 871 2212 933 nostri

558 977 791 1040 monasterium
826 977 931 1039 sancti
962 973 1153 1057 Salvatoris,
1188 974 1276 1063 quod
1312 986 1362 1039 est
1415 977 1563 1063 precepti
1586 977 1751 1061 paginam,
1782 987 1878 1062 prout
1904 978 1989 1040 iuste
2012 987 2045 1038 et
2067 975 2214 1060 legaliter

559 1084 657 1146 situm
676 1083 710 1145 in
728 1082 879 1147 Fontaua
895 1082 1034 1163 Tanoni,
1056 1080 1134 1169 [et]l
1156 1079 1244 1167 quod
1263 1081 1361 1145 Boni·
1415 1104 1598 1168 possumus,
1638 1083 1867 1146 confirmamus
1901 1096 1934 1146 et
1968 1081 2243 1146 corroboramuss

558 1189 664 1253 facius
688 1187 834 1252 marchio
857 1211 916 1274 pro
940 1187 1085 1252 remedio
1109 1189 1237 1252 animae
1261 1187 1358 1252 suae¹
1415 1190 1646 1253 monasterium
1670 1190 1775 1253 sancti
1795 1188 1974 1254 Salvatoris
1998 1189 2087 1274 quod
2110 1206 2159 1252 est
2181 1191 2212 1252 iu

559 1295 796 1382 propriaetario
819 1296 889 1359 iure
910 1293 1018 1358 eidem
1040 1295 1211 1371 concessit,
1236 1294 1362 1358 scilicet
1416 1293 1486 1359 loco
1507 1296 1582 1381 quic
1607 1295 1727 1360 dicitur
1742 1295 1892 1359 Fontana
1908 1295 2030 1358 Taonis
2054 1318 2119 1358 una
2142 1318 2212 1359 cum

559 1401 710 1488 predium
734 1400 821 1487 quod
840 1411 978 1465 vocatur
996 1399 1126 1465 cafadia
1144 1400 1362 1486 Bonifacinga
1415 1400 1590 1465 abbatemb
1608 1403 1739 1466 nomine
1756 1402 1955 1466 Iohannemb
1971 1425 2044 1466 curn
2066 1399 2212 1465 omnibus

560 1520 593 1572 ct
615 1508 745 1572 villam¹
772 1530 835 1594 que
862 1518 1000 1572 vocatur
1024 1506 1165 1572 Stazano
1193 1530 1267 1571 cum
1295 1530 1361 1571 om·
1415 1507 1583 1572 monachis
1600 1507 1644 1572 ibi
1662 1509 1724 1573 dco
1740 1507 1983 1589 famulantibus,
2000 1508 2126 1573 scilicet
2141 1531 2210 1572 cum

560 1613 656 1679 nibus
680 1615 747 1678 suis
771 1614 983 1700 pertinenciis
1011 1615 1100 1678 etin
1124 1612 1228 1677 Badio
1253 1615 1363 1677 omnia
1416 1614 1567 1678 omnibus
1591 1639 1703 1679 eorum
1726 1614 1824 1679 rebus
1848 1628 1881 1679 et
1903 1614 2156 1701 proprietatibus
2175 1638 2210 1678 ae
2228 1638 2248 1675 a

560 1743 624 1808 que
640 1720 755 1785 habuit
771 1732 803 1784 et
819 1719 882 1784 sibi
902 1720 1051 1784 similiter
1068 1720 1276 1802 condonavit,
1300 1718 1361 1784 sub
1415 1723 1510 1785 terris
1533 1721 1639 1785 vineis
1658 1723 1760 1807 pratis
1778 1723 1910 1808 pascuis
1927 1720 2017 1785 silvis
2032 1723 2211 1806 pascuario

559 1829 661 1893 nostri
673 1826 896 1892 mundiburdii
908 1827 1050 1891 tuicione
1063 1828 1256 1912 recepimus.
1287 1826 1361 1890 Hec
1416 1826 1513 1891 nibus
1536 1827 1631 1892 cultis
1651 1826 1748 1892 rebus
1767 1828 1821 1892 vcl
1842 1828 1982 1903 incultis,
2007 1827 2096 1914 quod
2115 1851 2210 1913 quou-

560 1947 594 1999 et
621 1934 694 2015 alia,
726 1934 813 2020 quod
843 1935 978 1997 inantea
1007 1933 1069 1997 deo
1099 1932 1278 1997 auxiliante
1308 1956 1361 1997 ac-
1416 1933 1492 1998 dam
1508 1935 1692 1998 Bonifatius
1708 1934 1854 1999 marchio
1871 1958 1929 2020 pro
1945 1933 2091 1998 remedio
2107 1936 2210 1998 anime

561 2043 689 2128 quirere
720 2042 872 2127 potuerit,
905 2041 1065 2121 volumus,
1097 2050 1132 2104 ut
1162 2038 1222 2104 sub
1251 2049 1362 2103 nostra
1416 2063 1473 2104 sue
1497 2039 1620 2104 ibidem
1649 2041 1782 2105 contulit
1801 2081 1845 2088 —
1863 2042 2063 2105 nominative
2088 2042 2210 2125 cafagio

561 2148 750 2212 defensione
771 2148 880 2233 quiete
900 2169 939 2211 ac
955 2146 1092 2233 pacifice
1111 2158 1269 2232 perpetuo
1290 2169 1361 2231 per·
1416 2147 1504 2233 quod
1522 2160 1660 2211 vocatur
1677 2148 1893 2233 Bonifazingo
1912 2187 1966 2229 -,
1991 2160 2023 2211 et
2045 2147 2133 2233 qnod
2155 2170 2209 2211 nos
2227 2168 2247 2207 n

558 2265 713 2319 maneant
729 2255 798 2317 sine
815 2253 1047 2317 molestacione
1063 2252 1210 2317 alicuius.
1236 2252 1360 2334 Quoue
1414 2277 1474 2340 pro
1499 2253 1553 2317 dei
1573 2277 1683 2319 amore
1703 2255 1861 2318 donamus
1880 2256 1914 2318 in
1932 2277 2027 2317 usum
2052 2266 2084 2317 et
2107 2278 2208 2340 sump-

559 2372 665 2426 verom
689 2362 898 2446 precipimus,
923 2372 958 2423 ut
980 2358 1023 2423 ab
1046 2359 1109 2423 hac
1129 2360 1209 2423 hora
1228 2360 1361 2422 inantea
1414 2372 1482 2423 tum
1502 2360 1628 2424 illorum
1647 2363 1681 2424 in
1699 2360 1832 2425 lococob
1851 2373 2060 2446 nuncupante
2081 2361 2208 2425 Staimro

558 2467 665 2531 nullus
684 2466 752 2531 dux
771 2466 916 2531 marchio
936 2468 1110 2551 episcopus
1126 2477 1256 2530 comes²¹
1272 2467 1359 2529 vice·
1415 2490 1488 2531 curn
1524 2465 1674 2531 omnibus
1710 2465 1764 2554 [ad
1799 2467 1938 2531 eandem
1968 2467 2113 2555 villam]d
2141 2490 2208 2553 por·

559 2586 689 2638 comes¹¹
719 2573 881 2659 gastaldio
918 2572 1101 2637 sculdascio
1139 2572 1264 2637 decano
1302 2596 1359 2636 seu
1414 2575 1558 2638 tinentiis
1575 2586 1607 2637 et
1623 2575 1655 2637 in
1668 2573 1750 2637 Baio
1767 2574 1933 2660 quicquitb
1947 2576 2089 2659 pertinet
2104 2588 2207 2638 nostru

558 2681 669 2766 aliqua
691 2681 791 2744 nostri
811 2680 940 2766 imperii
961 2702 1081 2764 magna
1099 2701 1267 2765 parvaque
1287 2702 1359 2765 per·
1414 2679 1517 2765 regali
1552 2680 1695 2744 dominio
1731 2692 1763 2744 et
1798 2679 1920 2766 alpem,
1960 2680 2016 2744 ubi
2051 2681 2206 2766 prefatum
2222 2702 2244 2739 a

558 2810 639 2850 sona
655 2787 776 2851 audeat
787 2786 966 2850 Iohannem
984 2786 1178 2850 monachum
1195 2784 1359 2865 abbatem,
1414 2788 1643 2850 monasterinm
1677 2788 1773 2850 situm
1807 2796 1865 2867 est,
1900 2825 1944 2833 —
1976 2786 2019 2850 ab
2053 2787 2207 2851 aecclesia

558 2895 615 2980 qui
638 2892 685 2956 ibi
709 2892 771 2957 deo
796 2894 907 2975 servit,
938 2904 1036 2979 atque
1067 2892 1148 2956 alios
1172 2891 1359 2973 monachos,
1414 2895 1518 2957 sancti
1549 2893 1690 2957 Mamme
1726 2906 1757 2957 et
1792 2892 1834 2957 ab
1865 2893 1915 2957 his
1945 2893 1998 2957 vel
2028 2894 2114 2957 infra
2141 2893 2206 2957 hisb

558 3001 615 3086 qui
638 3000 734 3064 modo
762 3012 837 3064 sunt
860 3011 917 3064 aut
939 3022 999 3086 pro
1022 3012 1168 3085 tempore
1192 2998 1272 3062 inibi
1297 2999 1359 3063 deo
1414 2998 1540 3064 scilicet
1563 2999 1679 3063 loeisb:
1712 2999 1811 3064 colles
1835 2999 1961 3085 Bolagi,
1985 3012 2079 3087 petra
2101 3001 2205 3065 Botili-

557 3106 764 3188 famulentur,
805 3106 978 3170 disvestire
1013 3105 1185 3170 molestare
1221 3118 1277 3169 aut
1312 3107 1359 3169 in·
1414 3109 1494 3187 aria,
1525 3108 1635 3192 capita
1664 3106 1813 3187 Lentule,
1844 3130 1934 3171 serra
1965 3108 2006 3171 de
2036 3108 2205 3172 Frassino‘

558 3214 705 3299 quietare
729 3225 895 3298 presumat
925 3215 994 3276 sine
1023 3212 1120 3298 legali
1145 3211 1276 3276 iudicio.
1324 3212 1359 3276 Si
1415 3237 1488 3277 cum
1505 3212 1655 3278 omnibus
1670 3213 1810 3278 vallibus
1830 3225 1862 3277 et
1878 3213 2015 3278 collibus
2032 3217 2099 3279 suis
2114 3237 2205 3301 aqua·
2221 3232 2243 3272 2⁵

558 3321 631 3405 quis
647 3320 747 3403 igitur
763 3318 858 3383 huius
870 3321 972 3383 nostri
988 3317 1210 3383 mundiburdii
1222 3318 1361 3383 violator
1414 3343 1550 3405 rumque
1575 3319 1766 3385 decursibus
1796 3322 1830 3383 in
1853 3321 2043 3385 Lcmcntria
2066 3324 2205 3386 mittente

559 3426 712 3505 extiterit,
732 3427 815 3489 sciat
834 3450 868 3489 sc
889 3428 1143 3512 compositurnm
1160 3427 1231 3489 auri
1247 3427 1359 3511 optimi
1414 3426 1509 3506 Rioli,
1529 3425 1600 3489 loco
1620 3428 1676 3513 qui
1695 3427 1814 3492 dicitur
1829 3426 1944 3492 Oanile
1965 3440 1997 3492 et
2011 3430 2068 3493 via
2082 3428 2205 3515 publica

558 3530 658 3595 libras
676 3542 816 3613 centum,
832 3532 1041 3596 medietatem
1057 3533 1213 3595 kamerac
1230 3546 1359 3596 nostrae
1415 3531 1540 3597 Colliue
1557 3533 1698 3598 -haec
1717 3535 1825 3597 omnia
1844 3536 1929 3598 infra
1944 3538 2127 3622 prescripta
2141 3535 2205 3599 loca

558 3650 591 3702 et
620 3637 829 3702 medietatem
861 3639 1042 3725 prefatum⁰
1073 3638 1272 3702 Iohannem⁰
1303 3639 1359 3703 ab·
1414 3639 1466 3703 vel
1496 3641 1660 3704 territoria
1689 3642 1899 3727 pertinentes,
1932 3656 2058 3707 montes
2089 3642 2204 3706 scilicet

557 3744 688 3809 batcm⁰
712 3756 809 3832 atque
834 3745 988 3810 fratribus
1019 3758 1117 3832 atque
1140 3747 1207 3809 suis
1232 3768 1359 3810 succes·
1415 3746 1512 3810 colles
1536 3746 1675 3810 vallibus
1703 3749 1796 3834 aquis
1822 3772 2046 3836 aquarumque
2070 3749 2204 3813 decursi·
2220 3767 2242 3803 a

558 3850 696 3916 acribus.
733 3851 830 3933 Quod
853 3864 889 3916 ut
911 3854 1021 3917 verius
1046 3852 1200 3916 credatur
1223 3851 1358 3937 diligen·
1413 3852 1485 3933 bue,
1517 3877 1591 3918 cum
1624 3854 1773 3919 omnibus
1804 3855 1902 3920 rebus
1932 3880 1971 3920 ac
2003 3880 2115 3920 eorum
2137 3853 2204 3919 sub-

557 3959 692 4044 ciusque
732 3958 774 4023 ab
813 3958 963 4023 omnibus
1005 3958 1210 4039 observetur,
1253 3958 1359 4044 sigillo
1414 3960 1540 4023 stantiis
1575 3960 1628 4023 vel
1663 3961 1751 4047 quod
1785 3962 1873 4026 idem
1907 3963 1999 4027 locus
2034 3976 2206 4028 mereretur

556 4077 667 4129 nostro
691 4066 842 4130 iussimus
867 4066 1027 4151 insigniri.
1414 4063 1535 4129 habere
1554 4067 1685 4131 inantea
1703 4092 1763 4154 per
1782 4069 1946 4134 dationem
1965 4068 2204 4155 religiosorum‘

1414 4196 1471 4236 seu
1485 4172 1674 4237 devotamm
1688 4174 1880 4239 feminarum
1894 4176 2045 4241 collatum
2058 4177 2203 4243 extitent

1412 4280 1641 4343 confirmamus
1665 4304 1724 4366 per
1746 4294 1875 4346 nostrae
1897 4283 2076 4368 augrtstalis
2100 4298 2204 4371 poten·
2221 4300 2244 4337 a

1412 4386 1487 4466 tiess,
1512 4408 1551 4449 ea
1576 4387 1700 4451 scilicet
1723 4390 1847 4453 ratione
1872 4391 2024 4476 quatinus
2045 4390 2205 4477 predictus

1412 4490 1515 4555 abbas
1539 4494 1653 4579 suique
1682 4517 1887 4559 successores
1918 4519 1975 4561 seu
2005 4497 2205 4561 monachiiu

1413 4598 1529 4662 eodem
1545 4603 1740 4664 monasterio
1758 4601 1820 4665 deo
1839 4602 2053 4667 militantibus
2069 4605 2105 4668 in
2120 4624 2206 4667 usum

1412 4716 1445 4769 et
1467 4718 1631 4791 sumptum
1655 4707 1819 4792 predictas
1842 4732 1894 4772 res
1918 4709 2062 4774 habeant
2081 4722 2206 4775 teneant

1411 4811 1601 4898 possideant
1623 4813 1837 4900 fruanturque
1861 4817 1931 4880 iure
1952 4829 2123 4903 perpetuo,
2146 4839 2206 4881 om·
2222 4832 2245 4870 ⁴⁰

1412 4919 1501 4981 nium
1525 4917 1781 4983 contradictione
1805 4934 1940 4985 remota.
1979 4922 2119 5009 Insuper
2140 4944 2207 5009 pre

554 5107 639 5164 288⁰.
663 5109 683 5175 i)
706 5109 738 5173 B,
758 5108 1107 5174 v91.DD.235.291.292
1151 5109 1180 5176 k)
1202 5112 1271 5175 fehlt
1289 5112 1357 5164 r'nB
1410 5111 1493 5168 298⁶.
1519 5128 1544 5179 c)
1573 5116 1624 5165 ua‘r
1641 5115 1753 5180 chaber·
1774 5132 1804 5167 so
1821 5116 1944 5181 castam
1965 5134 2000 5169 zu
2018 5119 2129 5183 dorsus,
2154 5119 2209 5169 κὶα·

662 5179 683 5246 1)
709 5183 739 5231 in
759 5180 784 5232 B
803 5181 886 5232 lcum
903 5182 972 5234 aaa
989 5198 1061 5247 yona
1080 5184 1108 5232 in
1128 5182 1296 5249 Uaordnuny
1312 5199 1357 5249 qe·
1517 5186 1588 5237 wohl
1609 5186 1657 5237 der
1675 5186 1814 5238 &trater
1831 5189 1882 5239 dae
1898 5189 1973 5239 Wort
1990 5189 2082 5242 manao
2099 5193 2147 5242 ωδε
2162 5189 2209 5240 ὼε

661 5252 771 5304 ratam
787 5253 879 5304 Stella:
898 5268 962 5305 suae
978 5251 1030 5304 sibi
1043 5256 1120 5317 (statt
1133 5253 1248 5313 scilicet)
1260 5253 1356 5321 predia
1517 5257 1716 5322 aoraapdrcnde
1737 5257 1812 5324 quod
1830 5259 1976 5324 anetam
1993 5261 2043 5311 bct
2094 5260 2123 5327 d)
2144 5262 2173 5313 N
2175 5258 2198 5310 U
2201 5282 2207 5313 :

662 5321 735 5390 qnod
754 5328 870 5375 vocatur
887 5322 994 5375 cafadia
1013 5322 1194 5393 Bonisacinga
1216 5324 1355 5392 propriae·
1518 5328 1575 5378 und
1599 5343 1629 5380 so
1654 5328 1701 5379 bct
1724 5345 1761 5380 aa
1779 5331 1828 5381 dar
1839 5332 1905 5395 jeta
1922 5331 2010 5383 durch
2028 5335 2104 5384 dam
2123 5331 2207 5384 Sioch-
2221 5332 2244 5372 *⁵

662 5394 732 5446 tario
751 5393 810 5446 iure
829 5393 881 5448 eid.
899 5410 975 5448 conc,
992 5399 1021 5446 et
1039 5394 1131 5446 villam
1187 5402 1226 5460 m)
1250 5397 1282 5457 B,
1301 5414 1357 5447 aaa
1517 5399 1615 5463 flecken
1647 5400 1803 5452 samaras
1835 5403 2005 5466 socordem
2036 5404 2115 5456 Stella
2142 5401 2206 5454 aad

661 5468 714 5516 wir
732 5467 779 5515 mit
796 5465 940 5517 samar
959 5468 1014 5528 auf
1030 5465 1082 5518 hoc
1101 5482 1166 5535 ergo
1186 5468 1215 5517 ia
1232 5468 1281 5517 der
1294 5468 1354 5521 ΝΗ.
1517 5470 1791 5535 Batbmonapelcam5
1807 5472 2207 5537 ‹11¹0thmest

662 5537 775 5603 Stampf
785 5536 931 5602 Rep3340
945 5538 1019 5588 nicht
1034 5540 1062 5588 ἐκ
1076 5539 1127 5588 dau
1141 5555 1177 5587 zu
1192 5540 1357 5590 erreanmdc
1518 5547 1583 5593 reste
1610 5557 1708 5607 pmsen
1739 5545 1810 5594 daza
1905 5545 1931 5609 e)
1964 5543 2007 5596 sin
2036 5546 2093 5610 aas
2120 5545 2207 5596 aaa

662 5610 830 5674 quapropter
846 5609 1009 5660 amatam
1069 5614 1099 5673 n)
1120 5609 1201 5671 aaa
1219 5608 1355 5673 dominus,
1517 5612 1544 5675 f)
1565 5612 1692 5664 dabiater
1712 5611 1832 5666 virorum
1849 5614 2028 5681 amdam,
2047 5617 2097 5682 ιρι
2111 5616 2204 5671 11291

661 5676 848 5730 vicedominus
866 5680 891 5731 B
945 5684 973 5745 ο)
1002 5679 1035 5741 B,
1060 5696 1116 5731 was
1138 5682 1190 5731 noir
1207 5681 1281 5731 artat
1298 5698 1355 5732 scr·
1516 5700 1545 5752 g)
1568 5685 1592 5733 A
1605 5709 1635 5726 =
1649 5684 1683 5738 D.
1697 5688 1764 5743 294:
1785 5686 1835 5751 aql.
1853 5686 1965 5738 mauu
1983 5687 2020 5741 N.
2033 5705 2057 5742 c.
2219 5687 2243 5726 ⁵⁰

662 5748 774 5814 besam
801 5750 860 5800 weil
883 5750 951 5801 autb
978 5754 1006 5801 in
1025 5751 1074 5802 den
1094 5752 1354 5819 Originalds'plcmea

661 5819 747 5871 diem
773 5821 831 5872 Zet't
861 5821 946 5874 soleba
974 5822 1144 5885 Caauafebler
1173 5823 1267 5889 baufiy
1293 5823 1357 5876 sind
