<?xml version="1.0" encoding="UTF-8"?>
<!DOCTYPE html PUBLIC "-//W3C//DTD XHTML 1.0 Transitional//EN"
    "http://www.w3.org/TR/xhtml1/DTD/xhtml1-transitional.dtd">
<html xmlns="http://www.w3.org/1999/xhtml" xml:lang="en" lang="en">
 <head>
  <title>
</title>
<meta http-equiv="Content-Type" content="text/html;charset=utf-8" />
  <meta name='ocr-system' content='tesseract 3.04.00' />
  <meta name='ocr-capabilities' content='ocr_page ocr_carea ocr_par ocr_line ocrx_word'/>
</head>
<body>
  <div class='ocr_page' id='page_1' title='image "./monumentagerman01gescgoog_0392.png"; bbox 0 0 4760 6512; ppageno 0'>
   <div class='ocr_carea' id='block_1_1' title="bbox 840 434 1878 496">
    <p class='ocr_par' dir='ltr' id='par_1_1' title="bbox 840 434 1878 496">
     <span class='ocr_line' id='line_1_1' title="bbox 840 434 1878 496; baseline 0.006 -6"><span class='ocrx_word' id='word_1_1' title='bbox 840 436 1074 493; x_wconf 82' lang='lat' dir='ltr'>HEINRICH</span> <span class='ocrx_word' id='word_1_2' title='bbox 1096 437 1134 492; x_wconf 91' lang='grc' dir='ltr'>Π.</span> <span class='ocrx_word' id='word_1_3' title='bbox 1176 436 1270 493; x_wconf 80' lang='grc'>1014.</span> <span class='ocrx_word' id='word_1_4' title='bbox 1814 434 1878 496; x_wconf 75' lang='grc'>357</span> 
     </span>
    </p>
   </div>
   <div class='ocr_carea' id='block_1_2' title="bbox 195 628 1880 1551">
    <p class='ocr_par' dir='ltr' id='par_1_2' title="bbox 195 628 1880 1551">
     <span class='ocr_line' id='line_1_2' title="bbox 233 628 1879 698; baseline 0.003 -19"><span class='ocrx_word' id='word_1_5' title='bbox 233 630 303 679; x_wconf 88' lang='lat' dir='ltr'>hanc</span> <span class='ocrx_word' id='word_1_6' title='bbox 323 634 444 679; x_wconf 90' lang='lat' dir='ltr'>nostram</span> <span class='ocrx_word' id='word_1_7' title='bbox 464 628 649 694; x_wconf 89' lang='lat' dir='ltr'>preceptalem</span> <span class='ocrx_word' id='word_1_8' title='bbox 668 630 859 679; x_wconf 87' lang='lat' dir='ltr'>auctoritatem</span> <span class='ocrx_word' id='word_1_9' title='bbox 878 630 971 693; x_wconf 90' lang='lat' dir='ltr'>quiete</span> <span class='ocrx_word' id='word_1_10' title='bbox 991 644 1023 678; x_wconf 93' lang='lat' dir='ltr'>ac</span> <span class='ocrx_word' id='word_1_11' title='bbox 1043 636 1101 679; x_wconf 89' lang='lat' dir='ltr'>tute</span> <span class='ocrx_word' id='word_1_12' title='bbox 1121 646 1171 679; x_wconf 88' lang='lat' dir='ltr'>seu</span> <span class='ocrx_word' id='word_1_13' title='bbox 1189 645 1286 680; x_wconf 88' lang='lat' dir='ltr'>secure</span> <span class='ocrx_word' id='word_1_14' title='bbox 1306 631 1407 691; x_wconf 84' lang='lat' dir='ltr'>vivere,</span> <span class='ocrx_word' id='word_1_15' title='bbox 1426 631 1478 681; x_wconf 86' lang='lat' dir='ltr'>deo</span> <span class='ocrx_word' id='word_1_16' title='bbox 1498 632 1600 681; x_wconf 88' lang='lat' dir='ltr'>servire</span> <span class='ocrx_word' id='word_1_17' title='bbox 1620 646 1652 681; x_wconf 90' lang='lat' dir='ltr'>ac</span> <span class='ocrx_word' id='word_1_18' title='bbox 1671 637 1812 682; x_wconf 68' lang='lat' dir='ltr'>nostrama</span> <span class='ocrx_word' id='word_1_19' title='bbox 1830 649 1879 698; x_wconf 90' lang='lat' dir='ltr'>pro</span> 
     </span>
     <span class='ocr_line' id='line_1_3' title="bbox 233 735 1880 803; baseline 0.001 -16"><span class='ocrx_word' id='word_1_20' title='bbox 233 737 324 787; x_wconf 88' lang='lat' dir='ltr'>anima</span> <span class='ocrx_word' id='word_1_21' title='bbox 344 737 495 787; x_wconf 88' lang='lat' dir='ltr'>orationem</span> <span class='ocrx_word' id='word_1_22' title='bbox 513 735 627 786; x_wconf 83' lang='lat' dir='ltr'>fundere</span> <span class='ocrx_word' id='word_1_23' title='bbox 647 742 675 786; x_wconf 86' lang='lat' dir='ltr'>et</span> <span class='ocrx_word' id='word_1_24' title='bbox 693 736 843 801; x_wconf 89' lang='lat' dir='ltr'>predictam</span> <span class='ocrx_word' id='word_1_25' title='bbox 863 737 1023 786; x_wconf 87' lang='lat' dir='ltr'>canonicam</span> <span class='ocrx_word' id='word_1_26' title='bbox 1040 744 1068 785; x_wconf 92' lang='lat' dir='ltr'>et</span> <span class='ocrx_word' id='word_1_27' title='bbox 1084 752 1178 787; x_wconf 89' lang='lat' dir='ltr'>omnes</span> <span class='ocrx_word' id='word_1_28' title='bbox 1195 753 1238 787; x_wconf 88' lang='lat' dir='ltr'>res</span> <span class='ocrx_word' id='word_1_29' title='bbox 1255 738 1280 787; x_wconf 89' lang='lat' dir='ltr'>ei</span> <span class='ocrx_word' id='word_1_30' title='bbox 1297 736 1341 787; x_wconf 91' lang='lat' dir='ltr'>vel</span> <span class='ocrx_word' id='word_1_31' title='bbox 1363 738 1506 803; x_wconf 77' lang='lat' dir='ltr'><strong>prescripti</strong></span> <span class='ocrx_word' id='word_1_32' title='bbox 1525 739 1630 788; x_wconf 87' lang='lat' dir='ltr'>numeri</span> <span class='ocrx_word' id='word_1_33' title='bbox 1651 739 1791 789; x_wconf 86' lang='lat' dir='ltr'>canonicis</span> <span class='ocrx_word' id='word_1_34' title='bbox 1808 741 1880 789; x_wconf 87' lang='lat' dir='ltr'>iuste</span> 
     </span>
     <span class='ocr_line' id='line_1_4' title="bbox 234 843 1880 909; baseline 0.002 -17"><span class='ocrx_word' id='word_1_35' title='bbox 234 844 400 908; x_wconf 73' lang='lat' dir='ltr'>pertinentes</span> <span class='ocrx_word' id='word_1_36' title='bbox 419 843 568 902; x_wconf 88' lang='lat' dir='ltr'>dominare,</span> <span class='ocrx_word' id='word_1_37' title='bbox 587 850 617 893; x_wconf 91' lang='lat' dir='ltr'>ut</span> <span class='ocrx_word' id='word_1_38' title='bbox 635 844 787 909; x_wconf 89' lang='lat' dir='ltr'>predictum</span> <span class='ocrx_word' id='word_1_39' title='bbox 807 850 856 901; x_wconf 88' lang='lat' dir='ltr'>est,</span> <span class='ocrx_word' id='word_1_40' title='bbox 882 848 986 892; x_wconf 84' lang='lat' dir='ltr'>remota</span> <span class='ocrx_word' id='word_1_41' title='bbox 1004 844 1124 893; x_wconf 86' lang='lat' dir='ltr'>omnium</span> <span class='ocrx_word' id='word_1_42' title='bbox 1143 844 1283 894; x_wconf 89' lang='lat' dir='ltr'>hominum</span> <span class='ocrx_word' id='word_1_43' title='bbox 1302 846 1496 895; x_wconf 75' lang='lat' dir='ltr'>contrarietate</span> <span class='ocrx_word' id='word_1_44' title='bbox 1515 843 1558 895; x_wconf 89' lang='lat' dir='ltr'>vel</span> <span class='ocrx_word' id='word_1_45' title='bbox 1578 843 1778 896; x_wconf 79' lang='lat' dir='ltr'>molestatione.</span> <span class='ocrx_word' id='word_1_46' title='bbox 1815 846 1880 896; x_wconf 90' lang='lat' dir='ltr'>Pre-</span> 
     </span>
     <span class='ocr_line' id='line_1_5' title="bbox 234 948 1880 1016; baseline 0.002 -17"><span class='ocrx_word' id='word_1_47' title='bbox 234 951 367 1015; x_wconf 89' lang='lat' dir='ltr'>cipientes</span> <span class='ocrx_word' id='word_1_48' title='bbox 386 951 471 1014; x_wconf 78' lang='lat' dir='ltr'>igitur</span> <span class='ocrx_word' id='word_1_49' title='bbox 490 949 624 1009; x_wconf 83' lang='lat' dir='ltr'>iubemus,</span> <span class='ocrx_word' id='word_1_50' title='bbox 650 956 680 999; x_wconf 91' lang='lat' dir='ltr'>ut</span> <span class='ocrx_word' id='word_1_51' title='bbox 705 948 796 1000; x_wconf 90' lang='lat' dir='ltr'>nullus</span> <span class='ocrx_word' id='word_1_52' title='bbox 822 950 876 999; x_wconf 84' lang='lat' dir='ltr'>dux</span> <span class='ocrx_word' id='word_1_53' title='bbox 901 950 1023 1000; x_wconf 89' lang='lat' dir='ltr'>marchio</span> <span class='ocrx_word' id='word_1_54' title='bbox 1049 951 1196 1016; x_wconf 87' lang='lat' dir='ltr'>episcopus</span> <span class='ocrx_word' id='word_1_55' title='bbox 1222 966 1313 1000; x_wconf 92' lang='lat' dir='ltr'>comes</span> <span class='ocrx_word' id='word_1_56' title='bbox 1338 950 1383 1001; x_wconf 94' lang='lat' dir='ltr'>vel</span> <span class='ocrx_word' id='word_1_57' title='bbox 1408 952 1562 1001; x_wconf 85' lang='lat' dir='ltr'>vicecomes</span> <span class='ocrx_word' id='word_1_58' title='bbox 1581 950 1740 1003; x_wconf 86' lang='lat' dir='ltr'>sculdaxius</span> <span class='ocrx_word' id='word_1_59' title='bbox 1759 953 1880 1003; x_wconf 87' lang='lat' dir='ltr'>decanus</span> 
     </span>
     <span class='ocr_line' id='line_1_6' title="bbox 201 1054 1879 1123; baseline 0.001 -16"><span class='ocrx_word' id='word_1_60' title='bbox 201 1068 215 1107; x_wconf 82' lang='lat' dir='ltr'>t</span> <span class='ocrx_word' id='word_1_61' title='bbox 234 1055 367 1107; x_wconf 76' lang='lat' dir='ltr'>castaldio</span> <span class='ocrx_word' id='word_1_62' title='bbox 387 1060 455 1106; x_wconf 69' lang='lat' dir='ltr'>seo⁸</span> <span class='ocrx_word' id='word_1_63' title='bbox 474 1054 603 1106; x_wconf 82' lang='lat' dir='ltr'>villicusr</span> <span class='ocrx_word' id='word_1_64' title='bbox 624 1055 679 1106; x_wconf 86' lang='lat' dir='ltr'>alia</span> <span class='ocrx_word' id='word_1_65' title='bbox 698 1072 796 1121; x_wconf 79' lang='lat' dir='ltr'>magua</span> <span class='ocrx_word' id='word_1_66' title='bbox 814 1071 954 1122; x_wconf 86' lang='lat' dir='ltr'>parvaque</span> <span class='ocrx_word' id='word_1_67' title='bbox 973 1072 1091 1121; x_wconf 89' lang='lat' dir='ltr'>persona</span> <span class='ocrx_word' id='word_1_68' title='bbox 1109 1058 1210 1107; x_wconf 83' lang='lat' dir='ltr'>audeat</span> <span class='ocrx_word' id='word_1_69' title='bbox 1228 1072 1279 1107; x_wconf 89' lang='lat' dir='ltr'>sua</span> <span class='ocrx_word' id='word_1_70' title='bbox 1295 1073 1357 1108; x_wconf 90' lang='lat' dir='ltr'>cum</span> <span class='ocrx_word' id='word_1_71' title='bbox 1374 1059 1577 1123; x_wconf 81' lang='lat' dir='ltr'>presumptione</span> <span class='ocrx_word' id='word_1_72' title='bbox 1594 1057 1740 1108; x_wconf 80' lang='lat' dir='ltr'>molestare</span> <span class='ocrx_word' id='word_1_73' title='bbox 1757 1060 1807 1109; x_wconf 91' lang='lat' dir='ltr'>hos</span> <span class='ocrx_word' id='word_1_74' title='bbox 1826 1061 1879 1109; x_wconf 89' lang='lat' dir='ltr'>iam</span> 
     </span>
     <span class='ocr_line' id='line_1_7' title="bbox 195 1158 1879 1239; baseline 0.002 -26"><span class='ocrx_word' id='word_1_75' title='bbox 195 1234 198 1239; x_wconf 51' lang='lat'>‚</span> <span class='ocrx_word' id='word_1_76' title='bbox 233 1163 323 1214; x_wconf 88' lang='lat' dir='ltr'>dictos</span> <span class='ocrx_word' id='word_1_77' title='bbox 341 1161 384 1213; x_wconf 89' lang='lat' dir='ltr'>vel</span> <span class='ocrx_word' id='word_1_78' title='bbox 411 1163 553 1214; x_wconf 82' lang='lat' dir='ltr'>disvestire</span> <span class='ocrx_word' id='word_1_79' title='bbox 579 1162 622 1214; x_wconf 91' lang='lat' dir='ltr'>vel</span> <span class='ocrx_word' id='word_1_80' title='bbox 650 1162 763 1228; x_wconf 75' lang='lat' dir='ltr'>aliqua⁸</span> <span class='ocrx_word' id='word_1_81' title='bbox 789 1164 887 1214; x_wconf 84' lang='lat' dir='ltr'>inferre</span> <span class='ocrx_word' id='word_1_82' title='bbox 914 1161 1133 1214; x_wconf 67' lang='lat' dir='ltr'>molestationell.</span> <span class='ocrx_word' id='word_1_83' title='bbox 1171 1163 1224 1213; x_wconf 90' lang='lat' dir='ltr'>Sed</span> <span class='ocrx_word' id='word_1_84' title='bbox 1246 1158 1279 1227; x_wconf 91' lang='lat' dir='ltr'>[si</span> <span class='ocrx_word' id='word_1_85' title='bbox 1299 1159 1372 1228; x_wconf 82' lang='lat' dir='ltr'>quils</span> <span class='ocrx_word' id='word_1_86' title='bbox 1391 1165 1444 1214; x_wconf 94' lang='lat' dir='ltr'>hoc</span> <span class='ocrx_word' id='word_1_87' title='bbox 1463 1171 1573 1215; x_wconf 89' lang='lat' dir='ltr'>nostrae</span> <span class='ocrx_word' id='word_1_88' title='bbox 1595 1167 1799 1216; x_wconf 71' lang='lat' dir='ltr'>concessimus⁸</span> <span class='ocrx_word' id='word_1_89' title='bbox 1820 1182 1879 1231; x_wconf 86' lang='lat' dir='ltr'>pre·</span> 
     </span>
     <span class='ocr_line' id='line_1_8' title="bbox 233 1270 1880 1336; baseline 0.002 -17"><span class='ocrx_word' id='word_1_90' title='bbox 233 1276 343 1335; x_wconf 88' lang='lat' dir='ltr'>ceptum</span> <span class='ocrx_word' id='word_1_91' title='bbox 361 1278 462 1320; x_wconf 88' lang='lat' dir='ltr'>temere</span> <span class='ocrx_word' id='word_1_92' title='bbox 481 1271 630 1336; x_wconf 81' lang='lat' dir='ltr'>intringere</span> <span class='ocrx_word' id='word_1_93' title='bbox 649 1271 832 1335; x_wconf 80' lang='lat' dir='ltr'>temptaverit,</span> <span class='ocrx_word' id='word_1_94' title='bbox 856 1271 927 1320; x_wconf 87' lang='lat' dir='ltr'>sciat</span> <span class='ocrx_word' id='word_1_95' title='bbox 951 1286 981 1320; x_wconf 89' lang='lat' dir='ltr'>se</span> <span class='ocrx_word' id='word_1_96' title='bbox 1007 1271 1221 1335; x_wconf 88' lang='lat' dir='ltr'>compositurum</span> <span class='ocrx_word' id='word_1_97' title='bbox 1246 1272 1306 1320; x_wconf 88' lang='lat' dir='ltr'>auri</span> <span class='ocrx_word' id='word_1_98' title='bbox 1332 1271 1428 1320; x_wconf 85' lang='lat' dir='ltr'>obtimi</span> <span class='ocrx_word' id='word_1_99' title='bbox 1455 1270 1537 1321; x_wconf 89' lang='lat' dir='ltr'>libras</span> <span class='ocrx_word' id='word_1_100' title='bbox 1563 1278 1680 1331; x_wconf 85' lang='lat' dir='ltr'>centum,</span> <span class='ocrx_word' id='word_1_101' title='bbox 1706 1273 1880 1323; x_wconf 87' lang='lat' dir='ltr'>medietatem</span> 
     </span>
     <span class='ocr_line' id='line_1_9' title="bbox 233 1375 1880 1445; baseline 0.001 -19"><span class='ocrx_word' id='word_1_102' title='bbox 233 1392 339 1443; x_wconf 74' lang='lat' dir='ltr'>camere</span> <span class='ocrx_word' id='word_1_103' title='bbox 359 1382 468 1426; x_wconf 89' lang='lat' dir='ltr'>nostrae</span> <span class='ocrx_word' id='word_1_104' title='bbox 487 1375 624 1441; x_wconf 89' lang='lat' dir='ltr'>aliamque</span> <span class='ocrx_word' id='word_1_105' title='bbox 644 1377 817 1427; x_wconf 88' lang='lat' dir='ltr'>medietatem</span> <span class='ocrx_word' id='word_1_106' title='bbox 836 1376 970 1443; x_wconf 86' lang='lat' dir='ltr'>prelibata</span> <span class='ocrx_word' id='word_1_107' title='bbox 993 1376 1127 1445; x_wconf 78' lang='lat' dir='ltr'>ecclesiae</span> <span class='ocrx_word' id='word_1_108' title='bbox 1147 1379 1287 1428; x_wconf 86' lang='lat' dir='ltr'>canonicis</span> <span class='ocrx_word' id='word_1_109' title='bbox 1306 1376 1349 1427; x_wconf 91' lang='lat' dir='ltr'>vel</span> <span class='ocrx_word' id='word_1_110' title='bbox 1369 1376 1479 1427; x_wconf 88' lang='lat' dir='ltr'>illorum</span> <span class='ocrx_word' id='word_1_111' title='bbox 1499 1379 1713 1429; x_wconf 86' lang='lat' dir='ltr'>successoribus.</span> <span class='ocrx_word' id='word_1_112' title='bbox 1751 1379 1832 1441; x_wconf 81' lang='lat' dir='ltr'>Quod</span> <span class='ocrx_word' id='word_1_113' title='bbox 1851 1386 1880 1428; x_wconf 92' lang='lat' dir='ltr'>ut</span> 
     </span>
     <span class='ocr_line' id='line_1_10' title="bbox 232 1482 1880 1551; baseline 0.001 -19"><span class='ocrx_word' id='word_1_114' title='bbox 232 1484 323 1533; x_wconf 88' lang='lat' dir='ltr'>verius</span> <span class='ocrx_word' id='word_1_115' title='bbox 343 1482 557 1548; x_wconf 84' lang='lat' dir='ltr'>diligentiusque</span> <span class='ocrx_word' id='word_1_116' title='bbox 577 1484 610 1534; x_wconf 91' lang='lat' dir='ltr'>ab</span> <span class='ocrx_word' id='word_1_117' title='bbox 630 1483 755 1533; x_wconf 89' lang='lat' dir='ltr'>omnibus</span> <span class='ocrx_word' id='word_1_118' title='bbox 775 1484 944 1543; x_wconf 85' lang='lat' dir='ltr'>observetur,</span> <span class='ocrx_word' id='word_1_119' title='bbox 970 1500 1052 1534; x_wconf 88' lang='lat' dir='ltr'>manu</span> <span class='ocrx_word' id='word_1_120' title='bbox 1078 1485 1189 1550; x_wconf 91' lang='lat' dir='ltr'>propria</span> <span class='ocrx_word' id='word_1_121' title='bbox 1213 1484 1265 1534; x_wconf 91' lang='lat' dir='ltr'>boe</span> <span class='ocrx_word' id='word_1_122' title='bbox 1285 1491 1444 1550; x_wconf 84' lang='lat' dir='ltr'>preceptum</span> <span class='ocrx_word' id='word_1_123' title='bbox 1464 1487 1673 1536; x_wconf 87' lang='lat' dir='ltr'>corroborantes</span> <span class='ocrx_word' id='word_1_124' title='bbox 1692 1484 1776 1551; x_wconf 78' lang='lat' dir='ltr'>sigilli</span> <span class='ocrx_word' id='word_1_125' title='bbox 1795 1486 1880 1536; x_wconf 89' lang='lat' dir='ltr'>nostri</span> 
     </span>
    </p>
   </div>
   <div class='ocr_carea' id='block_1_3' title="bbox 188 1585 761 1655">
    <p class='ocr_par' dir='ltr' id='par_1_3' title="bbox 188 1585 761 1655">
     <span class='ocr_line' id='line_1_11' title="bbox 188 1585 761 1655; baseline -0.003 -14"><span class='ocrx_word' id='word_1_126' title='bbox 188 1603 214 1643; x_wconf 82' lang='grc' dir='ltr'>ιο</span> <span class='ocrx_word' id='word_1_127' title='bbox 232 1591 401 1655; x_wconf 82' lang='lat' dir='ltr'>inpressione</span> <span class='ocrx_word' id='word_1_128' title='bbox 418 1603 435 1635; x_wconf 71' lang='lat' dir='ltr'>a</span> <span class='ocrx_word' id='word_1_129' title='bbox 457 1591 585 1640; x_wconf 88' lang='lat' dir='ltr'>iussimus</span> <span class='ocrx_word' id='word_1_130' title='bbox 607 1585 761 1655; x_wconf 76' lang='lat' dir='ltr'>[inlsigniri.</span> 
     </span>
    </p>
   </div>
   <div class='ocr_carea' id='block_1_4' title="bbox 338 1868 1881 2058">
    <p class='ocr_par' dir='ltr' id='par_1_4' title="bbox 338 1868 1881 2058">
     <span class='ocr_line' id='line_1_12' title="bbox 338 1868 1881 1961; baseline 0.002 -27"><span class='ocrx_word' id='word_1_131' title='bbox 338 1868 553 1959; x_wconf 65' lang='lat' dir='ltr'>{Heinricus</span> <span class='ocrx_word' id='word_1_132' title='bbox 583 1869 796 1934; x_wconf 84' lang='lat' dir='ltr'>cancellarius</span> <span class='ocrx_word' id='word_1_133' title='bbox 825 1871 898 1934; x_wconf 88' lang='lat' dir='ltr'>vice</span> <span class='ocrx_word' id='word_1_134' title='bbox 925 1868 1087 1934; x_wconf 89' lang='lat' dir='ltr'>Euerardi</span> <span class='ocrx_word' id='word_1_135' title='bbox 1117 1870 1262 1957; x_wconf 89' lang='lat' dir='ltr'>episcopi</span> <span class='ocrx_word' id='word_1_136' title='bbox 1292 1880 1325 1935; x_wconf 92' lang='lat' dir='ltr'>et</span> <span class='ocrx_word' id='word_1_137' title='bbox 1357 1870 1610 1958; x_wconf 87' lang='lat' dir='ltr'>archicapellani</span> <span class='ocrx_word' id='word_1_138' title='bbox 1639 1875 1839 1958; x_wconf 86' lang='lat' dir='ltr'>recognovit.</span> <span class='ocrx_word' id='word_1_139' title='bbox 1863 1871 1881 1961; x_wconf 59' lang='grc' dir='ltr'>ξ</span> 
     </span>
     <span class='ocr_line' id='line_1_13' title="bbox 1716 1986 1835 2058; baseline 0.008 -15"><span class='ocrx_word' id='word_1_140' title='bbox 1716 1988 1772 2057; x_wconf 90' lang='lat' dir='ltr'>(Sl.</span> <span class='ocrx_word' id='word_1_141' title='bbox 1785 1986 1835 2058; x_wconf 92' lang='lat' dir='ltr'>D.)</span> 
     </span>
    </p>
   </div>
   <div class='ocr_carea' id='block_1_5' title="bbox 188 2089 1879 2297">
    <p class='ocr_par' dir='ltr' id='par_1_5' title="bbox 188 2089 1879 2297">
     <span class='ocr_line' id='line_1_14' title="bbox 338 2089 1879 2185; baseline 0 -18"><span class='ocrx_word' id='word_1_142' title='bbox 338 2102 461 2167; x_wconf 89' lang='lat' dir='ltr'>Datum</span> <span class='ocrx_word' id='word_1_143' title='bbox 480 2124 565 2167; x_wconf 90' lang='lat' dir='ltr'>anno</span> <span class='ocrx_word' id='word_1_144' title='bbox 582 2100 743 2165; x_wconf 87' lang='lat' dir='ltr'>dominice</span> <span class='ocrx_word' id='word_1_145' title='bbox 762 2102 993 2166; x_wconf 89' lang='lat' dir='ltr'>incarnationis</span> <span class='ocrx_word' id='word_1_146' title='bbox 1009 2089 1096 2183; x_wconf 64' lang='lat' dir='ltr'>lliv,</span> <span class='ocrx_word' id='word_1_147' title='bbox 1120 2100 1298 2165; x_wconf 86' lang='lat' dir='ltr'>indictione</span> <span class='ocrx_word' id='word_1_148' title='bbox 1314 2091 1377 2185; x_wconf 75' lang='lat' dir='ltr'>xli,</span> <span class='ocrx_word' id='word_1_149' title='bbox 1401 2125 1486 2167; x_wconf 90' lang='lat' dir='ltr'>anno</span> <span class='ocrx_word' id='word_1_150' title='bbox 1505 2125 1583 2167; x_wconf 88' lang='lat' dir='ltr'>vero</span> <span class='ocrx_word' id='word_1_151' title='bbox 1603 2102 1713 2167; x_wconf 90' lang='lat' dir='ltr'>domni</span> <span class='ocrx_word' id='word_1_152' title='bbox 1732 2104 1879 2169; x_wconf 90' lang='lat' dir='ltr'>Heinrici</span> 
     </span>
     <span class='ocr_line' id='line_1_15' title="bbox 188 2199 1879 2297; baseline 0 -22"><span class='ocrx_word' id='word_1_153' title='bbox 188 2246 213 2285; x_wconf 59' lang='grc' dir='ltr'><strong>η</strong></span> <span class='ocrx_word' id='word_1_154' title='bbox 231 2210 436 2297; x_wconf 87' lang='lat' dir='ltr'>imperatoris</span> <span class='ocrx_word' id='word_1_155' title='bbox 459 2210 589 2295; x_wconf 87' lang='lat' dir='ltr'>augusti</span> <span class='ocrx_word' id='word_1_156' title='bbox 612 2209 777 2294; x_wconf 84' lang='lat' dir='ltr'>regnantis</span> <span class='ocrx_word' id='word_1_157' title='bbox 793 2199 855 2289; x_wconf 78' lang='lat' dir='ltr'>xil,</span> <span class='ocrx_word' id='word_1_158' title='bbox 878 2208 1006 2294; x_wconf 91' lang='lat' dir='ltr'>imperii</span> <span class='ocrx_word' id='word_1_159' title='bbox 1030 2209 1099 2272; x_wconf 88' lang='lat' dir='ltr'>eius</span> <span class='ocrx_word' id='word_1_160' title='bbox 1122 2208 1244 2293; x_wconf 80' lang='lat' dir='ltr'>prim03</span> <span class='ocrx_word' id='word_1_161' title='bbox 1273 2220 1381 2273; x_wconf 91' lang='lat' dir='ltr'>actum</span> <span class='ocrx_word' id='word_1_162' title='bbox 1404 2209 1585 2294; x_wconf 82' lang='lat' dir='ltr'>Fascian03</span> <span class='ocrx_word' id='word_1_163' title='bbox 1613 2209 1752 2275; x_wconf 89' lang='lat' dir='ltr'>feliciter</span> <span class='ocrx_word' id='word_1_164' title='bbox 1774 2233 1879 2275; x_wconf 90' lang='lat' dir='ltr'>amen.</span> 
     </span>
    </p>
   </div>
   <div class='ocr_carea' id='block_1_6' title="bbox 1007 2525 1100 2612">
    <p class='ocr_par' dir='ltr' id='par_1_6' title="bbox 1007 2525 1100 2612">
     <span class='ocr_line' id='line_1_16' title="bbox 1007 2525 1100 2612; baseline 0.011 -2"><span class='ocrx_word' id='word_1_165' title='bbox 1007 2525 1100 2612; x_wconf 82' lang='lat'>292.</span> 
     </span>
    </p>
   </div>
   <div class='ocr_carea' id='block_1_7' title="bbox 231 2688 1881 2898">
    <p class='ocr_par' dir='ltr' id='par_1_7' title="bbox 231 2688 1881 2898">
     <span class='ocr_line' id='line_1_17' title="bbox 232 2688 1881 2803; baseline 0.001 -39"><span class='ocrx_word' id='word_1_166' title='bbox 232 2690 410 2803; x_wconf 75' lang='lat' dir='ltr'>Heinrich</span> <span class='ocrx_word' id='word_1_167' title='bbox 434 2691 563 2764; x_wconf 81' lang='lat' dir='ltr'>oimmt</span> <span class='ocrx_word' id='word_1_168' title='bbox 587 2689 655 2764; x_wconf 81' lang='lat' dir='ltr'>das</span> <span class='ocrx_word' id='word_1_169' title='bbox 677 2688 909 2786; x_wconf 79' lang='lat' dir='ltr'>Domcopitel</span> <span class='ocrx_word' id='word_1_170' title='bbox 931 2715 975 2762; x_wconf 79' lang='lat' dir='ltr'>aa</span> <span class='ocrx_word' id='word_1_171' title='bbox 996 2688 1161 2763; x_wconf 74' lang='lat' dir='ltr'>Volterra</span> <span class='ocrx_word' id='word_1_172' title='bbox 1186 2689 1267 2764; x_wconf 81' lang='lat' dir='ltr'>aad</span> <span class='ocrx_word' id='word_1_173' title='bbox 1288 2690 1411 2766; x_wconf 71' lang='lat' dir='ltr'>daran</span> <span class='ocrx_word' id='word_1_174' title='bbox 1430 2690 1668 2791; x_wconf 73' lang='lat' dir='ltr'>Besitznapen</span> <span class='ocrx_word' id='word_1_175' title='bbox 1692 2691 1733 2764; x_wconf 81' lang='lat' dir='ltr'>in</span> <span class='ocrx_word' id='word_1_176' title='bbox 1758 2692 1881 2765; x_wconf 78' lang='lat' dir='ltr'>ericen</span> 
     </span>
     <span class='ocr_line' id='line_1_18' title="bbox 231 2806 1834 2898; baseline -0.004 -14"><span class='ocrx_word' id='word_1_177' title='bbox 231 2808 361 2885; x_wconf 72' lang='lat' dir='ltr'>Scitote</span> <span class='ocrx_word' id='word_1_178' title='bbox 386 2808 467 2883; x_wconf 80' lang='lat' dir='ltr'>aad</span> <span class='ocrx_word' id='word_1_179' title='bbox 489 2809 638 2883; x_wconf 80' lang='lat' dir='ltr'>verleilrt</span> <span class='ocrx_word' id='word_1_180' title='bbox 661 2808 735 2882; x_wconf 80' lang='lat' dir='ltr'>itm</span> <span class='ocrx_word' id='word_1_181' title='bbox 762 2807 821 2881; x_wconf 85' lang='lat' dir='ltr'>die</span> <span class='ocrx_word' id='word_1_182' title='bbox 846 2806 1070 2882; x_wconf 79' lang='lat' dir='ltr'>Imrnanitc&#39;r&#39;t.</span> <span class='ocrx_word' id='word_1_183' title='bbox 1457 2838 1592 2897; x_wconf 81' lang='lat' dir='ltr'>Fasiano</span> <span class='ocrx_word' id='word_1_184' title='bbox 1616 2838 1693 2898; x_wconf 76' lang='lat'><strong><em>1014</em></strong></span> <span class='ocrx_word' id='word_1_185' title='bbox 1715 2866 1759 2876; x_wconf 83' lang='grc'><strong>-</strong></span> <span class='ocrx_word' id='word_1_186' title='bbox 1781 2866 1834 2897; x_wconf 91' lang='lat'>—.</span> 
     </span>
    </p>
   </div>
   <div class='ocr_carea' id='block_1_8' title="bbox 339 3015 1301 3092">
    <p class='ocr_par' dir='ltr' id='par_1_8' title="bbox 339 3015 1301 3092">
     <span class='ocr_line' id='line_1_19' title="bbox 339 3015 1301 3092; baseline -0.002 -15"><span class='ocrx_word' id='word_1_187' title='bbox 339 3017 582 3092; x_wconf 77' lang='lat' dir='ltr'>Oripinatdiptorrs</span> <span class='ocrx_word' id='word_1_188' title='bbox 604 3017 645 3075; x_wconf 85' lang='lat' dir='ltr'>im</span> <span class='ocrx_word' id='word_1_189' title='bbox 668 3016 865 3086; x_wconf 72' lang='lat' dir='ltr'>biscbdtliclrca</span> <span class='ocrx_word' id='word_1_190' title='bbox 887 3015 997 3074; x_wconf 77' lang='lat' dir='ltr'>Archiv</span> <span class='ocrx_word' id='word_1_191' title='bbox 1018 3034 1052 3074; x_wconf 79' lang='lat' dir='ltr'>za</span> <span class='ocrx_word' id='word_1_192' title='bbox 1074 3015 1205 3075; x_wconf 79' lang='lat' dir='ltr'>Volterra</span> <span class='ocrx_word' id='word_1_193' title='bbox 1229 3016 1301 3082; x_wconf 81' lang='lat' dir='ltr'>(A).</span> 
     </span>
    </p>
   </div>
   <div class='ocr_carea' id='block_1_9' title="bbox 335 3157 1881 3448">
    <p class='ocr_par' dir='ltr' id='par_1_9' title="bbox 335 3157 1881 3448">
     <span class='ocr_line' id='line_1_20' title="bbox 335 3157 1878 3227; baseline -0.001 -9"><span class='ocrx_word' id='word_1_194' title='bbox 335 3160 498 3219; x_wconf 82' lang='lat' dir='ltr'>Ammirate</span> <span class='ocrx_word' id='word_1_195' title='bbox 515 3158 629 3218; x_wconf 80' lang='lat' dir='ltr'>Vescoei</span> <span class='ocrx_word' id='word_1_196' title='bbox 648 3159 679 3217; x_wconf 85' lang='lat' dir='ltr'>di</span> <span class='ocrx_word' id='word_1_197' title='bbox 697 3158 819 3227; x_wconf 84' lang='lat' dir='ltr'>Fiesole,</span> <span class='ocrx_word' id='word_1_198' title='bbox 841 3158 874 3216; x_wconf 85' lang='lat' dir='ltr'>di</span> <span class='ocrx_word' id='word_1_199' title='bbox 894 3157 1026 3217; x_wconf 84' lang='lat' dir='ltr'>Volterra</span> <span class='ocrx_word' id='word_1_200' title='bbox 1047 3178 1062 3217; x_wconf 88' lang='grc' dir='ltr'><em>ε</em></span> <span class='ocrx_word' id='word_1_201' title='bbox 1083 3157 1221 3218; x_wconf 74' lang='grc' dir='ltr'><em>ἀἈνειεο</em></span> <span class='ocrx_word' id='word_1_202' title='bbox 1243 3161 1285 3217; x_wconf 85' lang='grc'>80</span> <span class='ocrx_word' id='word_1_203' title='bbox 1304 3158 1393 3217; x_wconf 82' lang='lat' dir='ltr'>Ertr.</span> <span class='ocrx_word' id='word_1_204' title='bbox 1413 3176 1447 3217; x_wconf 80' lang='lat' dir='ltr'>zu</span> <span class='ocrx_word' id='word_1_205' title='bbox 1472 3159 1559 3217; x_wconf 81' lang='lat'>1015.</span> <span class='ocrx_word' id='word_1_206' title='bbox 1580 3187 1622 3196; x_wconf 95' lang='lat'><em>-</em></span> <span class='ocrx_word' id='word_1_207' title='bbox 1642 3157 1792 3217; x_wconf 73' lang='lat' dir='ltr'>Merctor-i</span> <span class='ocrx_word' id='word_1_208' title='bbox 1810 3158 1878 3217; x_wconf 81' lang='lat' dir='ltr'>Ant.</span> 
     </span>
     <span class='ocr_line' id='line_1_21' title="bbox 336 3264 1881 3336; baseline 0 -11"><span class='ocrx_word' id='word_1_209' title='bbox 336 3266 405 3325; x_wconf 77' lang='lat' dir='ltr'>ital.</span> <span class='ocrx_word' id='word_1_210' title='bbox 423 3268 452 3336; x_wconf 86' lang='lat'>5,</span> <span class='ocrx_word' id='word_1_211' title='bbox 468 3266 530 3324; x_wconf 78' lang='lat'>237</span> <span class='ocrx_word' id='word_1_212' title='bbox 548 3284 601 3324; x_wconf 77' lang='lat' dir='ltr'>aas</span> <span class='ocrx_word' id='word_1_213' title='bbox 618 3266 646 3323; x_wconf 74' lang='lat' dir='ltr'><strong><em>A</em></strong></span> <span class='ocrx_word' id='word_1_214' title='bbox 669 3284 703 3324; x_wconf 79' lang='lat' dir='ltr'>za</span> <span class='ocrx_word' id='word_1_215' title='bbox 722 3266 808 3325; x_wconf 82' lang='lat'>1015.</span> <span class='ocrx_word' id='word_1_216' title='bbox 830 3294 873 3303; x_wconf 95' lang='lat'>—</span> <span class='ocrx_word' id='word_1_217' title='bbox 893 3265 1062 3332; x_wconf 66' lang='lat' dir='ltr'>(Lernaei)</span> <span class='ocrx_word' id='word_1_218' title='bbox 1082 3264 1288 3325; x_wconf 79' lang='lat' dir='ltr'>Illustrarionc</span> <span class='ocrx_word' id='word_1_219' title='bbox 1307 3266 1383 3324; x_wconf 73' lang='lat' dir='ltr'>setlle</span> <span class='ocrx_word' id='word_1_220' title='bbox 1401 3265 1556 3324; x_wconf 82' lang='lat' dir='ltr'>cattedrale</span> <span class='ocrx_word' id='word_1_221' title='bbox 1573 3266 1605 3325; x_wconf 85' lang='lat' dir='ltr'>di</span> <span class='ocrx_word' id='word_1_222' title='bbox 1625 3265 1759 3325; x_wconf 87' lang='lat' dir='ltr'>Volterra</span> <span class='ocrx_word' id='word_1_223' title='bbox 1778 3264 1881 3332; x_wconf 76' lang='lat' dir='ltr'>(Stena</span> 
     </span>
     <span class='ocr_line' id='line_1_22' title="bbox 336 3371 1550 3448; baseline -0.001 -16"><span class='ocrx_word' id='word_1_224' title='bbox 336 3374 429 3441; x_wconf 82' lang='lat'><em>1869)</em></span> <span class='ocrx_word' id='word_1_225' title='bbox 454 3375 513 3432; x_wconf 87' lang='grc'>396</span> <span class='ocrx_word' id='word_1_226' title='bbox 535 3376 602 3432; x_wconf 66' lang='lat'>⁷1⁰3</span> <span class='ocrx_word' id='word_1_227' title='bbox 624 3390 677 3431; x_wconf 76' lang='lat' dir='ltr'>ato</span> <span class='ocrx_word' id='word_1_228' title='bbox 699 3373 735 3431; x_wconf 79' lang='grc' dir='ltr'>Α.</span> <span class='ocrx_word' id='word_1_229' title='bbox 756 3401 798 3410; x_wconf 97' lang='grc'>-</span> <span class='ocrx_word' id='word_1_230' title='bbox 822 3372 949 3431; x_wconf 81' lang='grc' dir='ltr'><em>ΒὸἹινηεν</em></span> <span class='ocrx_word' id='word_1_231' title='bbox 966 3372 1037 3447; x_wconf 80' lang='lat' dir='ltr'>Rep.</span> <span class='ocrx_word' id='word_1_232' title='bbox 1056 3372 1143 3431; x_wconf 82' lang='lat'><em>1112.</em></span> <span class='ocrx_word' id='word_1_233' title='bbox 1167 3402 1211 3410; x_wconf 94' lang='lat'>—</span> <span class='ocrx_word' id='word_1_234' title='bbox 1235 3371 1358 3446; x_wconf 69' lang='lat' dir='ltr'>sames</span> <span class='ocrx_word' id='word_1_235' title='bbox 1372 3372 1443 3448; x_wconf 69' lang='lat' dir='ltr'>Rea.</span> <span class='ocrx_word' id='word_1_236' title='bbox 1461 3373 1550 3432; x_wconf 79' lang='lat'>1608.</span> 
     </span>
    </p>
   </div>
   <div class='ocr_carea' id='block_1_10' title="bbox 333 3514 1880 4020">
    <p class='ocr_par' dir='ltr' id='par_1_10' title="bbox 333 3514 1880 4020">
     <span class='ocr_line' id='line_1_23' title="bbox 335 3514 1880 3585; baseline -0.001 -8"><span class='ocrx_word' id='word_1_237' title='bbox 335 3516 400 3577; x_wconf 78' lang='lat' dir='ltr'>Dae</span> <span class='ocrx_word' id='word_1_238' title='bbox 431 3515 583 3576; x_wconf 58' lang='lat' dir='ltr'>Charmae</span> <span class='ocrx_word' id='word_1_239' title='bbox 611 3516 671 3575; x_wconf 81' lang='lat' dir='ltr'>aad</span> <span class='ocrx_word' id='word_1_240' title='bbox 699 3516 746 3575; x_wconf 83' lang='lat' dir='ltr'>die</span> <span class='ocrx_word' id='word_1_241' title='bbox 772 3514 939 3575; x_wconf 73' lang='lat' dir='ltr'>Isocratios</span> <span class='ocrx_word' id='word_1_242' title='bbox 968 3515 1035 3573; x_wconf 81' lang='lat' dir='ltr'>eiad</span> <span class='ocrx_word' id='word_1_243' title='bbox 1063 3534 1118 3574; x_wconf 81' lang='lat' dir='ltr'>coe</span> <span class='ocrx_word' id='word_1_244' title='bbox 1147 3514 1218 3585; x_wconf 83' lang='lat' dir='ltr'>HA,</span> <span class='ocrx_word' id='word_1_245' title='bbox 1248 3515 1300 3573; x_wconf 83' lang='lat' dir='ltr'>der</span> <span class='ocrx_word' id='word_1_246' title='bbox 1329 3514 1401 3574; x_wconf 77' lang='lat' dir='ltr'>Rest</span> <span class='ocrx_word' id='word_1_247' title='bbox 1430 3515 1482 3575; x_wconf 82' lang='lat' dir='ltr'>der</span> <span class='ocrx_word' id='word_1_248' title='bbox 1509 3519 1602 3574; x_wconf 75' lang='grc' dir='ltr'><em>ενείενι</em></span> <span class='ocrx_word' id='word_1_249' title='bbox 1631 3514 1711 3574; x_wconf 70' lang='lat' dir='ltr'>Zeila</span> <span class='ocrx_word' id='word_1_250' title='bbox 1739 3516 1798 3574; x_wconf 82' lang='lat' dir='ltr'>aad</span> <span class='ocrx_word' id='word_1_251' title='bbox 1826 3517 1880 3575; x_wconf 83' lang='lat' dir='ltr'>clas</span> 
     </span>
     <span class='ocr_line' id='line_1_24' title="bbox 334 3619 1878 3698; baseline -0.001 -14"><span class='ocrx_word' id='word_1_252' title='bbox 334 3624 519 3684; x_wconf 76' lang='lat' dir='ltr'>Esclratoltell</span> <span class='ocrx_word' id='word_1_253' title='bbox 547 3642 601 3682; x_wconf 81' lang='lat' dir='ltr'>rea</span> <span class='ocrx_word' id='word_1_254' title='bbox 624 3623 688 3681; x_wconf 89' lang='grc' dir='ltr'>ΗΒ</span> <span class='ocrx_word' id='word_1_255' title='bbox 716 3622 909 3697; x_wconf 72' lang='lat' dir='ltr'>9eeoseren;</span> <span class='ocrx_word' id='word_1_256' title='bbox 937 3622 989 3680; x_wconf 81' lang='lat' dir='ltr'>der</span> <span class='ocrx_word' id='word_1_257' title='bbox 1016 3640 1104 3698; x_wconf 76' lang='lat' dir='ltr'>parre</span> <span class='ocrx_word' id='word_1_258' title='bbox 1128 3619 1248 3680; x_wconf 79' lang='lat' dir='ltr'>Crateri</span> <span class='ocrx_word' id='word_1_259' title='bbox 1270 3621 1357 3680; x_wconf 81' lang='lat' dir='ltr'>rribrt</span> <span class='ocrx_word' id='word_1_260' title='bbox 1384 3640 1440 3680; x_wconf 80' lang='lat' dir='ltr'>ven</span> <span class='ocrx_word' id='word_1_261' title='bbox 1462 3621 1540 3680; x_wconf 79' lang='grc' dir='ltr'><em>εἱηεν</em></span> <span class='ocrx_word' id='word_1_262' title='bbox 1561 3640 1616 3680; x_wconf 81' lang='lat' dir='ltr'>aas</span> <span class='ocrx_word' id='word_1_263' title='bbox 1637 3627 1715 3681; x_wconf 60' lang='lat' dir='ltr'>soon</span> <span class='ocrx_word' id='word_1_264' title='bbox 1737 3622 1815 3681; x_wconf 70' lang='lat' dir='ltr'>nield</span> <span class='ocrx_word' id='word_1_265' title='bbox 1837 3623 1878 3682; x_wconf 85' lang='lat' dir='ltr'>be-</span> 
     </span>
     <span class='ocr_line' id='line_1_25' title="bbox 334 3727 1880 3791; baseline -0.001 0"><span class='ocrx_word' id='word_1_266' title='bbox 334 3732 458 3791; x_wconf 72' lang='lat' dir='ltr'>kanatea</span> <span class='ocrx_word' id='word_1_267' title='bbox 479 3730 572 3789; x_wconf 82' lang='lat' dir='ltr'>Hand</span> <span class='ocrx_word' id='word_1_268' title='bbox 594 3730 653 3789; x_wconf 80' lang='lat' dir='ltr'>her.</span> <span class='ocrx_word' id='word_1_269' title='bbox 692 3730 758 3788; x_wconf 61' lang='grc' dir='ltr'>Μὶν</span> <span class='ocrx_word' id='word_1_270' title='bbox 780 3729 833 3788; x_wconf 82' lang='lat' dir='ltr'>das</span> <span class='ocrx_word' id='word_1_271' title='bbox 855 3728 959 3787; x_wconf 77' lang='lat' dir='ltr'>Dictat</span> <span class='ocrx_word' id='word_1_272' title='bbox 987 3729 1038 3788; x_wconf 84' lang='lat' dir='ltr'>bat</span> <span class='ocrx_word' id='word_1_273' title='bbox 1060 3729 1112 3788; x_wconf 79' lang='lat' dir='ltr'>cler</span> <span class='ocrx_word' id='word_1_274' title='bbox 1135 3727 1284 3787; x_wconf 74' lang='lat' dir='ltr'>Sctreiber</span> <span class='ocrx_word' id='word_1_275' title='bbox 1306 3729 1355 3787; x_wconf 78' lang='lat' dir='ltr'>des</span> <span class='ocrx_word' id='word_1_276' title='bbox 1379 3727 1528 3787; x_wconf 57' lang='lat' dir='ltr'>&amp;ateriae</span> <span class='ocrx_word' id='word_1_277' title='bbox 1556 3727 1611 3788; x_wconf 81' lang='lat' dir='ltr'>dae</span> <span class='ocrx_word' id='word_1_278' title='bbox 1639 3728 1752 3788; x_wconf 82' lang='lat' dir='ltr'>dornale</span> <span class='ocrx_word' id='word_1_279' title='bbox 1773 3729 1805 3788; x_wconf 82' lang='lat' dir='ltr'>in</span> <span class='ocrx_word' id='word_1_280' title='bbox 1828 3730 1880 3789; x_wconf 80' lang='lat' dir='ltr'>der</span> 
     </span>
     <span class='ocr_line' id='line_1_26' title="bbox 334 3834 1878 3910; baseline -0.001 -13"><span class='ocrx_word' id='word_1_281' title='bbox 334 3839 457 3897; x_wconf 78' lang='lat' dir='ltr'>Kanzlei</span> <span class='ocrx_word' id='word_1_282' title='bbox 480 3836 644 3909; x_wconf 76' lang='lat' dir='ltr'>befindliclre</span> <span class='ocrx_word' id='word_1_283' title='bbox 666 3835 736 3895; x_wconf 86' lang='lat' dir='ltr'>Do.</span> <span class='ocrx_word' id='word_1_284' title='bbox 754 3835 818 3895; x_wconf 89' lang='lat' dir='ltr'>III.</span> <span class='ocrx_word' id='word_1_285' title='bbox 834 3836 897 3895; x_wconf 74' lang='lat'>224</span> <span class='ocrx_word' id='word_1_286' title='bbox 920 3837 965 3894; x_wconf 78' lang='lat' dir='ltr'>als</span> <span class='ocrx_word' id='word_1_287' title='bbox 985 3835 1106 3910; x_wconf 75' lang='lat' dir='ltr'>Vorlape</span> <span class='ocrx_word' id='word_1_288' title='bbox 1127 3835 1247 3907; x_wconf 70' lang='lat' dir='ltr'>bmntzt,</span> <span class='ocrx_word' id='word_1_289' title='bbox 1277 3854 1316 3893; x_wconf 82' lang='lat' dir='ltr'>an</span> <span class='ocrx_word' id='word_1_290' title='bbox 1338 3835 1392 3893; x_wconf 83' lang='lat' dir='ltr'>das</span> <span class='ocrx_word' id='word_1_291' title='bbox 1413 3853 1446 3893; x_wconf 87' lang='lat' dir='ltr'>er</span> <span class='ocrx_word' id='word_1_292' title='bbox 1466 3834 1527 3893; x_wconf 79' lang='lat' dir='ltr'>siclt</span> <span class='ocrx_word' id='word_1_293' title='bbox 1549 3853 1634 3910; x_wconf 69' lang='grc' dir='ltr'><em>ενιρεν</em></span> <span class='ocrx_word' id='word_1_294' title='bbox 1655 3835 1810 3906; x_wconf 63' lang='lat' dir='ltr'>amalasar,</span> <span class='ocrx_word' id='word_1_295' title='bbox 1833 3837 1878 3895; x_wconf 73' lang='lat' dir='ltr'>als</span> 
     </span>
     <span class='ocr_line' id='line_1_27' title="bbox 333 3943 742 4020; baseline -0.005 -16"><span class='ocrx_word' id='word_1_296' title='bbox 333 3946 365 4004; x_wconf 84' lang='lat' dir='ltr'>in</span> <span class='ocrx_word' id='word_1_297' title='bbox 387 3944 427 4004; x_wconf 93' lang='lat' dir='ltr'>D.</span> <span class='ocrx_word' id='word_1_298' title='bbox 443 3945 502 4004; x_wconf 86' lang='lat'>291</span> <span class='ocrx_word' id='word_1_299' title='bbox 525 3943 673 4020; x_wconf 63' lang='lat' dir='ltr'>pachalem</span> <span class='ocrx_word' id='word_1_300' title='bbox 695 3944 742 4002; x_wconf 83' lang='lat' dir='ltr'>ist.</span> 
     </span>
    </p>
   </div>
   <div class='ocr_carea' id='block_1_11' title="bbox 179 4118 1877 5491">
    <p class='ocr_par' dir='ltr' id='par_1_11' title="bbox 334 4118 1876 4211">
     <span class='ocr_line' id='line_1_28' title="bbox 334 4118 1876 4211; baseline -0.002 -24"><span class='ocrx_word' id='word_1_301' title='bbox 334 4130 392 4201; x_wconf 84' lang='lat' dir='ltr'>(C.)</span> <span class='ocrx_word' id='word_1_302' title='bbox 416 4120 433 4211; x_wconf 53' lang='grc' dir='ltr'><strong>ᾖ</strong></span> <span class='ocrx_word' id='word_1_303' title='bbox 455 4123 496 4186; x_wconf 91' lang='lat' dir='ltr'>In</span> <span class='ocrx_word' id='word_1_304' title='bbox 517 4122 647 4186; x_wconf 91' lang='lat' dir='ltr'>nomine</span> <span class='ocrx_word' id='word_1_305' title='bbox 672 4132 803 4185; x_wconf 86' lang='lat' dir='ltr'>sanctae</span> <span class='ocrx_word' id='word_1_306' title='bbox 828 4132 860 4183; x_wconf 93' lang='lat' dir='ltr'>et</span> <span class='ocrx_word' id='word_1_307' title='bbox 883 4119 1072 4184; x_wconf 83' lang='lat' dir='ltr'>individuae</span> <span class='ocrx_word' id='word_1_308' title='bbox 1096 4119 1260 4184; x_wconf 85' lang='lat' dir='ltr'>trinitatis.</span> <span class='ocrx_word' id='word_1_309' title='bbox 1306 4119 1482 4183; x_wconf 89' lang='lat' dir='ltr'>Heinricus</span> <span class='ocrx_word' id='word_1_310' title='bbox 1512 4118 1625 4183; x_wconf 89' lang='lat' dir='ltr'>divina</span> <span class='ocrx_word' id='word_1_311' title='bbox 1655 4119 1785 4184; x_wconf 85' lang='lat' dir='ltr'>favente</span> <span class='ocrx_word' id='word_1_312' title='bbox 1813 4120 1876 4185; x_wconf 93' lang='lat' dir='ltr'>cle-</span> 
     </span>
    </p>

    <p class='ocr_par' dir='ltr' id='par_1_12' title="bbox 179 4225 1877 5385">
     <span class='ocr_line' id='line_1_29' title="bbox 226 4225 1876 4315; baseline -0.001 -22"><span class='ocrx_word' id='word_1_313' title='bbox 226 4231 348 4294; x_wconf 89' lang='lat' dir='ltr'>mentia</span> <span class='ocrx_word' id='word_1_314' title='bbox 365 4230 584 4293; x_wconf 88' lang='lat' dir='ltr'>Romanorum</span> <span class='ocrx_word' id='word_1_315' title='bbox 604 4229 780 4315; x_wconf 90' lang='lat' dir='ltr'>imperator</span> <span class='ocrx_word' id='word_1_316' title='bbox 798 4238 964 4313; x_wconf 85' lang='lat' dir='ltr'>augustus.</span> <span class='ocrx_word' id='word_1_317' title='bbox 1066 4226 1203 4289; x_wconf 81' lang='lat' dir='ltr'>Noverit</span> <span class='ocrx_word' id='word_1_318' title='bbox 1221 4226 1364 4290; x_wconf 89' lang='lat' dir='ltr'>omniurn</span> <span class='ocrx_word' id='word_1_319' title='bbox 1383 4225 1528 4290; x_wconf 87' lang='lat' dir='ltr'>fidelium</span> <span class='ocrx_word' id='word_1_320' title='bbox 1547 4237 1680 4291; x_wconf 90' lang='lat' dir='ltr'>sanctae</span> <span class='ocrx_word' id='word_1_321' title='bbox 1701 4225 1754 4290; x_wconf 90' lang='lat' dir='ltr'>dci</span> <span class='ocrx_word' id='word_1_322' title='bbox 1773 4227 1876 4291; x_wconf 90' lang='lat' dir='ltr'>eccle-</span> 
     </span>
     <span class='ocr_line' id='line_1_30' title="bbox 180 4331 1875 4422; baseline -0.002 -21"><span class='ocrx_word' id='word_1_323' title='bbox 180 4362 207 4401; x_wconf 74' lang='grc' dir='ltr'>ιο</span> <span class='ocrx_word' id='word_1_324' title='bbox 226 4336 293 4400; x_wconf 91' lang='lat' dir='ltr'>siae</span> <span class='ocrx_word' id='word_1_325' title='bbox 317 4346 587 4422; x_wconf 81' lang='lat' dir='ltr'>nostrorumque⁸</span> <span class='ocrx_word' id='word_1_326' title='bbox 609 4336 809 4421; x_wconf 88' lang='lat' dir='ltr'>presentium</span> <span class='ocrx_word' id='word_1_327' title='bbox 832 4332 957 4397; x_wconf 89' lang='lat' dir='ltr'>scilicet</span> <span class='ocrx_word' id='word_1_328' title='bbox 980 4356 1019 4397; x_wconf 89' lang='lat' dir='ltr'>ac</span> <span class='ocrx_word' id='word_1_329' title='bbox 1042 4332 1225 4397; x_wconf 79' lang='lat' dir='ltr'>futurorum</span> <span class='ocrx_word' id='word_1_330' title='bbox 1249 4333 1437 4417; x_wconf 84' lang='lat' dir='ltr'>sagacitatis</span> <span class='ocrx_word' id='word_1_331' title='bbox 1460 4331 1630 4415; x_wconf 87' lang='lat' dir='ltr'>industria,</span> <span class='ocrx_word' id='word_1_332' title='bbox 1655 4333 1795 4420; x_wconf 90' lang='lat' dir='ltr'>qualiter</span> <span class='ocrx_word' id='word_1_333' title='bbox 1817 4356 1875 4398; x_wconf 90' lang='lat' dir='ltr'>nos</span> 
     </span>
     <span class='ocr_line' id='line_1_31' title="bbox 225 4438 1877 4529; baseline -0.001 -22"><span class='ocrx_word' id='word_1_334' title='bbox 225 4441 266 4507; x_wconf 91' lang='lat' dir='ltr'>ob</span> <span class='ocrx_word' id='word_1_335' title='bbox 297 4442 536 4508; x_wconf 71' lang='lat' dir='ltr'>interventuml</span> <span class='ocrx_word' id='word_1_336' title='bbox 558 4441 729 4506; x_wconf 89' lang='lat' dir='ltr'>Benedicti</span> <span class='ocrx_word' id='word_1_337' title='bbox 745 4438 762 4529; x_wconf 53' lang='grc' dir='ltr'><strong>ᾖ</strong></span> <span class='ocrx_word' id='word_1_338' title='bbox 777 4440 1032 4506; x_wconf 84' lang='lat' dir='ltr'>Uultterrensisc</span> <span class='ocrx_word' id='word_1_339' title='bbox 1061 4438 1200 4527; x_wconf 75' lang='lat' dir='ltr'>ecclesie</span> <span class='ocrx_word' id='word_1_340' title='bbox 1228 4439 1376 4525; x_wconf 86' lang='lat' dir='ltr'>episcopi</span> <span class='ocrx_word' id='word_1_341' title='bbox 1402 4441 1570 4526; x_wconf 87' lang='lat' dir='ltr'>nostrique</span> <span class='ocrx_word' id='word_1_342' title='bbox 1601 4439 1743 4504; x_wconf 83' lang='lat' dir='ltr'>dilectod</span> <span class='ocrx_word' id='word_1_343' title='bbox 1765 4440 1877 4505; x_wconf 76' lang='lat' dir='ltr'>lideli‘l</span> 
     </span>
     <span class='ocr_line' id='line_1_32' title="bbox 224 4545 1874 4635; baseline 0 -22"><span class='ocrx_word' id='word_1_344' title='bbox 224 4572 284 4635; x_wconf 90' lang='lat' dir='ltr'>per</span> <span class='ocrx_word' id='word_1_345' title='bbox 312 4549 396 4614; x_wconf 91' lang='lat' dir='ltr'>hanc</span> <span class='ocrx_word' id='word_1_346' title='bbox 426 4560 570 4614; x_wconf 92' lang='lat' dir='ltr'>nostram</span> <span class='ocrx_word' id='word_1_347' title='bbox 600 4547 820 4635; x_wconf 87' lang='lat' dir='ltr'>preceptalem</span> <span class='ocrx_word' id='word_1_348' title='bbox 850 4547 1004 4633; x_wconf 83' lang='lat' dir='ltr'>paginam</span> <span class='ocrx_word' id='word_1_349' title='bbox 1038 4545 1225 4632; x_wconf 78' lang='lat' dir='ltr'>recepissed</span> <span class='ocrx_word' id='word_1_350' title='bbox 1255 4568 1330 4609; x_wconf 90' lang='lat' dir='ltr'>suos</span> <span class='ocrx_word' id='word_1_351' title='bbox 1361 4547 1536 4610; x_wconf 90' lang='lat' dir='ltr'>canonicos</span> <span class='ocrx_word' id='word_1_352' title='bbox 1568 4545 1733 4611; x_wconf 90' lang='lat' dir='ltr'>ordinatos</span> <span class='ocrx_word' id='word_1_353' title='bbox 1763 4559 1874 4613; x_wconf 91' lang='lat' dir='ltr'>sancte</span> 
     </span>
     <span class='ocr_line' id='line_1_33' title="bbox 224 4652 1877 4743; baseline 0.001 -24"><span class='ocrx_word' id='word_1_354' title='bbox 224 4680 281 4720; x_wconf 87' lang='lat' dir='ltr'>sue</span> <span class='ocrx_word' id='word_1_355' title='bbox 304 4656 559 4721; x_wconf 85' lang='lat' dir='ltr'>Uultterrensisc</span> <span class='ocrx_word' id='word_1_356' title='bbox 584 4654 721 4741; x_wconf 70' lang='lat' dir='ltr'>ecclesie</span> <span class='ocrx_word' id='word_1_357' title='bbox 745 4677 804 4741; x_wconf 91' lang='lat' dir='ltr'>pro</span> <span class='ocrx_word' id='word_1_358' title='bbox 827 4655 937 4718; x_wconf 88' lang='lat' dir='ltr'>anima</span> <span class='ocrx_word' id='word_1_359' title='bbox 965 4664 1076 4717; x_wconf 90' lang='lat' dir='ltr'>nostra</span> <span class='ocrx_word' id='word_1_360' title='bbox 1105 4654 1138 4716; x_wconf 91' lang='lat' dir='ltr'>in</span> <span class='ocrx_word' id='word_1_361' title='bbox 1167 4662 1279 4717; x_wconf 88' lang='lat' dir='ltr'>nostra</span> <span class='ocrx_word' id='word_1_362' title='bbox 1308 4652 1450 4717; x_wconf 89' lang='lat' dir='ltr'>tuicione</span> <span class='ocrx_word' id='word_1_363' title='bbox 1481 4674 1521 4718; x_wconf 88' lang='lat' dir='ltr'>ac</span> <span class='ocrx_word' id='word_1_364' title='bbox 1551 4653 1750 4737; x_wconf 87' lang='lat' dir='ltr'>defensione,</span> <span class='ocrx_word' id='word_1_365' title='bbox 1780 4666 1877 4743; x_wconf 92' lang='lat' dir='ltr'>prout</span> 
     </span>
     <span class='ocr_line' id='line_1_34' title="bbox 224 4757 1874 4849; baseline 0.001 -23"><span class='ocrx_word' id='word_1_366' title='bbox 224 4764 307 4828; x_wconf 87' lang='lat' dir='ltr'>iuste</span> <span class='ocrx_word' id='word_1_367' title='bbox 331 4774 363 4826; x_wconf 91' lang='lat' dir='ltr'>et</span> <span class='ocrx_word' id='word_1_368' title='bbox 385 4762 534 4849; x_wconf 82' lang='lat' dir='ltr'>legaliter</span> <span class='ocrx_word' id='word_1_369' title='bbox 555 4784 743 4848; x_wconf 87' lang='lat' dir='ltr'>possumus:</span> <span class='ocrx_word' id='word_1_370' title='bbox 773 4763 905 4825; x_wconf 85' lang='lat' dir='ltr'>nomina</span> <span class='ocrx_word' id='word_1_371' title='bbox 928 4759 1069 4846; x_wconf 88' lang='lat' dir='ltr'>denique</span> <span class='ocrx_word' id='word_1_372' title='bbox 1092 4759 1220 4824; x_wconf 88' lang='lat' dir='ltr'>illorum</span> <span class='ocrx_word' id='word_1_373' title='bbox 1243 4758 1419 4825; x_wconf 85' lang='lat' dir='ltr'>Rodulfum</span> <span class='ocrx_word' id='word_1_374' title='bbox 1442 4757 1717 4843; x_wconf 89' lang='lat' dir='ltr'>archidiaconum,</span> <span class='ocrx_word' id='word_1_375' title='bbox 1741 4762 1874 4827; x_wconf 90' lang='lat' dir='ltr'>Petrum</span> 
     </span>
     <span class='ocr_line' id='line_1_35' title="bbox 179 4865 1872 4956; baseline -0.003 -19"><span class='ocrx_word' id='word_1_376' title='bbox 179 4896 206 4937; x_wconf 84' lang='lat' dir='ltr'>ss</span> <span class='ocrx_word' id='word_1_377' title='bbox 225 4868 547 4956; x_wconf 88' lang='lat' dir='ltr'>archipresbiterum,</span> <span class='ocrx_word' id='word_1_378' title='bbox 587 4867 808 4954; x_wconf 74' lang='lat' dir='ltr'>sighifredum</span> <span class='ocrx_word' id='word_1_379' title='bbox 842 4869 1080 4955; x_wconf 89' lang='lat' dir='ltr'>primicerium,</span> <span class='ocrx_word' id='word_1_380' title='bbox 1115 4866 1254 4932; x_wconf 84' lang='lat' dir='ltr'>Adelmo</span> <span class='ocrx_word' id='word_1_381' title='bbox 1288 4865 1491 4949; x_wconf 83' lang='lat' dir='ltr'>vicedomni,</span> <span class='ocrx_word' id='word_1_382' title='bbox 1530 4866 1710 4932; x_wconf 90' lang='lat' dir='ltr'>Lamberto</span> <span class='ocrx_word' id='word_1_383' title='bbox 1745 4880 1872 4951; x_wconf 89' lang='lat' dir='ltr'>cantor,</span> 
     </span>
     <span class='ocr_line' id='line_1_36' title="bbox 223 4972 1873 5065; baseline -0.002 -23"><span class='ocrx_word' id='word_1_384' title='bbox 223 4976 358 5042; x_wconf 83' lang='lat' dir='ltr'>Andrea</span> <span class='ocrx_word' id='word_1_385' title='bbox 376 4975 614 5065; x_wconf 65' lang='lat' dir='ltr'>presbterumd,</span> <span class='ocrx_word' id='word_1_386' title='bbox 632 4975 819 5039; x_wconf 86' lang='lat' dir='ltr'>Tcuzonem</span> <span class='ocrx_word' id='word_1_387' title='bbox 838 4973 1064 5060; x_wconf 90' lang='lat' dir='ltr'>presbiterum,</span> <span class='ocrx_word' id='word_1_388' title='bbox 1084 4973 1263 5038; x_wconf 89' lang='lat' dir='ltr'>Iohannem</span> <span class='ocrx_word' id='word_1_389' title='bbox 1279 4972 1497 5061; x_wconf 87' lang='lat' dir='ltr'>presbiterum</span> <span class='ocrx_word' id='word_1_390' title='bbox 1518 4984 1551 5038; x_wconf 93' lang='lat' dir='ltr'>et</span> <span class='ocrx_word' id='word_1_391' title='bbox 1569 4973 1668 5039; x_wconf 90' lang='lat' dir='ltr'>alium</span> <span class='ocrx_word' id='word_1_392' title='bbox 1684 4974 1873 5055; x_wconf 85' lang='lat' dir='ltr'>Iohannem,</span> 
     </span>
     <span class='ocr_line' id='line_1_37' title="bbox 223 5080 1872 5165; baseline -0.002 -17"><span class='ocrx_word' id='word_1_393' title='bbox 223 5083 405 5165; x_wconf 88' lang='lat' dir='ltr'>Albertum,</span> <span class='ocrx_word' id='word_1_394' title='bbox 428 5081 622 5147; x_wconf 86' lang='lat' dir='ltr'>Albizonem</span> <span class='ocrx_word' id='word_1_395' title='bbox 646 5094 679 5147; x_wconf 94' lang='lat' dir='ltr'>et</span> <span class='ocrx_word' id='word_1_396' title='bbox 701 5080 880 5146; x_wconf 87' lang='lat' dir='ltr'>Iohannem</span> <span class='ocrx_word' id='word_1_397' title='bbox 904 5081 1077 5145; x_wconf 90' lang='lat' dir='ltr'>diaconum</span> <span class='ocrx_word' id='word_1_398' title='bbox 1107 5104 1168 5145; x_wconf 89' lang='lat' dir='ltr'>nec</span> <span class='ocrx_word' id='word_1_399' title='bbox 1192 5104 1257 5145; x_wconf 90' lang='lat' dir='ltr'>non</span> <span class='ocrx_word' id='word_1_400' title='bbox 1281 5091 1313 5145; x_wconf 90' lang='lat' dir='ltr'>et</span> <span class='ocrx_word' id='word_1_401' title='bbox 1335 5080 1493 5163; x_wconf 79' lang='lat' dir='ltr'>Azonem,</span> <span class='ocrx_word' id='word_1_402' title='bbox 1517 5080 1713 5159; x_wconf 89' lang='lat' dir='ltr'>Uuidonem,</span> <span class='ocrx_word' id='word_1_403' title='bbox 1737 5081 1872 5163; x_wconf 78' lang='lat' dir='ltr'>Almari,</span> 
     </span>
     <span class='ocr_line' id='line_1_38' title="bbox 223 5187 1873 5274; baseline -0.001 -19"><span class='ocrx_word' id='word_1_404' title='bbox 223 5191 355 5273; x_wconf 90' lang='lat' dir='ltr'>Petrus,</span> <span class='ocrx_word' id='word_1_405' title='bbox 384 5189 634 5271; x_wconf 87' lang='lat' dir='ltr'>Unandalmari,</span> <span class='ocrx_word' id='word_1_406' title='bbox 665 5189 811 5271; x_wconf 91' lang='lat' dir='ltr'>Donato,</span> <span class='ocrx_word' id='word_1_407' title='bbox 843 5188 1029 5252; x_wconf 84' lang='lat' dir='ltr'>Teuzonem</span> <span class='ocrx_word' id='word_1_408' title='bbox 1061 5200 1094 5252; x_wconf 91' lang='lat' dir='ltr'>et</span> <span class='ocrx_word' id='word_1_409' title='bbox 1122 5187 1324 5269; x_wconf 79' lang='lat' dir='ltr'>Termonem,</span> <span class='ocrx_word' id='word_1_410' title='bbox 1355 5187 1541 5271; x_wconf 88' lang='lat' dir='ltr'>Albertum,</span> <span class='ocrx_word' id='word_1_411' title='bbox 1572 5188 1746 5269; x_wconf 85' lang='lat' dir='ltr'>Uuiaderi,</span> <span class='ocrx_word' id='word_1_412' title='bbox 1777 5189 1873 5274; x_wconf 88' lang='lat' dir='ltr'>Urso,</span> 
     </span>
     <span class='ocr_line' id='line_1_39' title="bbox 224 5295 1872 5385; baseline -0.002 -22"><span class='ocrx_word' id='word_1_413' title='bbox 224 5297 408 5380; x_wconf 87' lang='lat' dir='ltr'>Uuillelmo,</span> <span class='ocrx_word' id='word_1_414' title='bbox 421 5297 577 5378; x_wconf 79' lang='lat' dir='ltr'>llerardo,</span> <span class='ocrx_word' id='word_1_415' title='bbox 590 5295 790 5377; x_wconf 90' lang='lat' dir='ltr'>lldibrando,</span> <span class='ocrx_word' id='word_1_416' title='bbox 807 5296 923 5359; x_wconf 88' lang='lat' dir='ltr'>Petrus</span> <span class='ocrx_word' id='word_1_417' title='bbox 940 5307 972 5359; x_wconf 93' lang='lat' dir='ltr'>et</span> <span class='ocrx_word' id='word_1_418' title='bbox 983 5296 1110 5379; x_wconf 85' lang='lat' dir='ltr'>Petrus,</span> <span class='ocrx_word' id='word_1_419' title='bbox 1128 5295 1345 5385; x_wconf 86' lang='lat' dir='ltr'>Sabbati[n]o,</span> <span class='ocrx_word' id='word_1_420' title='bbox 1358 5296 1502 5379; x_wconf 78' lang='lat' dir='ltr'>Andron,</span> <span class='ocrx_word' id='word_1_421' title='bbox 1514 5295 1681 5377; x_wconf 87' lang='lat' dir='ltr'>Ansehno,</span> <span class='ocrx_word' id='word_1_422' title='bbox 1698 5296 1872 5379; x_wconf 83' lang='lat' dir='ltr'>Baruncio,</span> 
     </span>
    </p>

    <p class='ocr_par' dir='ltr' id='par_1_13' title="bbox 179 5401 1872 5491">
     <span class='ocr_line' id='line_1_40' title="bbox 179 5401 1872 5491; baseline -0.002 -22"><span class='ocrx_word' id='word_1_423' title='bbox 179 5432 207 5470; x_wconf 80' lang='lat' dir='ltr'>so</span> <span class='ocrx_word' id='word_1_424' title='bbox 226 5403 366 5468; x_wconf 82' lang='lat' dir='ltr'>Corbulo</span> <span class='ocrx_word' id='word_1_425' title='bbox 398 5418 430 5469; x_wconf 94' lang='lat' dir='ltr'>et</span> <span class='ocrx_word' id='word_1_426' title='bbox 459 5405 559 5469; x_wconf 90' lang='lat' dir='ltr'>ceteri</span> <span class='ocrx_word' id='word_1_427' title='bbox 589 5405 738 5468; x_wconf 88' lang='lat' dir='ltr'>canonici</span> <span class='ocrx_word' id='word_1_428' title='bbox 769 5402 894 5467; x_wconf 87' lang='lat' dir='ltr'>scilicet</span> <span class='ocrx_word' id='word_1_429' title='bbox 924 5401 1151 5488; x_wconf 84' lang='lat' dir='ltr'>quadraginta,</span> <span class='ocrx_word' id='word_1_430' title='bbox 1182 5404 1286 5490; x_wconf 59' lang='lat' dir='ltr'>quos(¹</span> <span class='ocrx_word' id='word_1_431' title='bbox 1316 5405 1350 5467; x_wconf 92' lang='lat' dir='ltr'>in</span> <span class='ocrx_word' id='word_1_432' title='bbox 1379 5402 1501 5468; x_wconf 90' lang='lat' dir='ltr'>honore</span> <span class='ocrx_word' id='word_1_433' title='bbox 1532 5405 1649 5491; x_wconf 90' lang='lat' dir='ltr'>priscis</span> <span class='ocrx_word' id='word_1_434' title='bbox 1673 5402 1872 5490; x_wconf 86' lang='lat' dir='ltr'>temporibus</span> 
     </span>
    </p>
   </div>
   <div class='ocr_carea' id='block_1_12' title="bbox 295 5643 1327 5711">
    <p class='ocr_par' dir='ltr' id='par_1_14' title="bbox 295 5643 1327 5711">
     <span class='ocr_line' id='line_1_41' title="bbox 295 5643 1327 5711; baseline -0.002 -11"><span class='ocrx_word' id='word_1_435' title='bbox 295 5643 358 5700; x_wconf 72' lang='lat'>2⁰1.</span> <span class='ocrx_word' id='word_1_436' title='bbox 385 5650 410 5711; x_wconf 88' lang='lat' dir='ltr'>r)</span> <span class='ocrx_word' id='word_1_437' title='bbox 430 5646 481 5697; x_wconf 79' lang='lat' dir='ltr'>aas</span> <span class='ocrx_word' id='word_1_438' title='bbox 497 5648 585 5697; x_wconf 73' lang='lat' dir='ltr'>marita</span> <span class='ocrx_word' id='word_1_439' title='bbox 604 5643 612 5695; x_wconf 94' lang='lat' dir='ltr'>i</span> <span class='ocrx_word' id='word_1_440' title='bbox 631 5644 700 5696; x_wconf 69' lang='lat' dir='ltr'>uest</span> <span class='ocrx_word' id='word_1_441' title='bbox 715 5659 785 5699; x_wconf 80' lang='lat' dir='ltr'>corr.</span> <span class='ocrx_word' id='word_1_442' title='bbox 804 5660 890 5697; x_wconf 84' lang='lat' dir='ltr'>ausa</span> <span class='ocrx_word' id='word_1_443' title='bbox 961 5646 983 5711; x_wconf 89' lang='lat' dir='ltr'>s)</span> <span class='ocrx_word' id='word_1_444' title='bbox 1005 5647 1040 5707; x_wconf 77' lang='lat' dir='ltr'>A,</span> <span class='ocrx_word' id='word_1_445' title='bbox 1057 5650 1121 5695; x_wconf 70' lang='lat' dir='ltr'>aatt</span> <span class='ocrx_word' id='word_1_446' title='bbox 1139 5643 1327 5698; x_wconf 84' lang='lat' dir='ltr'>concessionis.</span> 
     </span>
    </p>
   </div>
   <div class='ocr_carea' id='block_1_13' title="bbox 295 5731 1875 5872">
    <p class='ocr_par' dir='ltr' id='par_1_15' title="bbox 295 5731 1875 5872">
     <span class='ocr_line' id='line_1_42' title="bbox 295 5731 1875 5803; baseline -0.001 -14"><span class='ocrx_word' id='word_1_447' title='bbox 295 5732 359 5790; x_wconf 72' lang='grc'>292.</span> <span class='ocrx_word' id='word_1_448' title='bbox 383 5733 488 5803; x_wconf 89' lang='lat' dir='ltr'>[Bloch]</span> <span class='ocrx_word' id='word_1_449' title='bbox 524 5738 551 5799; x_wconf 85' lang='lat' dir='ltr'>a)</span> <span class='ocrx_word' id='word_1_450' title='bbox 571 5749 718 5800; x_wconf 87' lang='lat' dir='ltr'>uroruquc,</span> <span class='ocrx_word' id='word_1_451' title='bbox 737 5734 804 5786; x_wconf 79' lang='lat' dir='ltr'>obas</span> <span class='ocrx_word' id='word_1_452' title='bbox 821 5732 1105 5798; x_wconf 67' lang='lat' dir='ltr'>Actarzunqsueten</span> <span class='ocrx_word' id='word_1_453' title='bbox 1123 5733 1188 5787; x_wconf 73' lang='lat' dir='ltr'>tiber</span> <span class='ocrx_word' id='word_1_454' title='bbox 1205 5749 1265 5800; x_wconf 89' lang='lat' dir='ltr'>nro,</span> <span class='ocrx_word' id='word_1_455' title='bbox 1283 5736 1309 5785; x_wconf 82' lang='grc' dir='ltr'><strong><em>Α</em></strong></span> <span class='ocrx_word' id='word_1_456' title='bbox 1364 5733 1393 5801; x_wconf 82' lang='grc'>1))</span> <span class='ocrx_word' id='word_1_457' title='bbox 1414 5732 1579 5800; x_wconf 81' lang='lat' dir='ltr'>interventu,</span> <span class='ocrx_word' id='word_1_458' title='bbox 1598 5733 1666 5787; x_wconf 78' lang='lat' dir='ltr'>obas</span> <span class='ocrx_word' id='word_1_459' title='bbox 1681 5731 1875 5799; x_wconf 71' lang='lat' dir='ltr'>Attarzunps·</span> 
     </span>
     <span class='ocr_line' id='line_1_43' title="bbox 383 5803 1474 5872; baseline 0.002 -15"><span class='ocrx_word' id='word_1_460' title='bbox 383 5805 538 5871; x_wconf 61' lang='lat' dir='ltr'>rechem</span> <span class='ocrx_word' id='word_1_461' title='bbox 611 5803 1325 5872; x_wconf 72' lang='lat' dir='ltr'>c)2aietasnunaleiassactssaaaaseraatert</span> <span class='ocrx_word' id='word_1_462' title='bbox 1398 5804 1474 5872; x_wconf 73' lang='lat' dir='ltr'>rba</span> 
     </span>
    </p>
   </div>
   <div class='ocr_carea' id='block_1_14' title="bbox 0 0 2384 6512">
    <p class='ocr_par' dir='ltr' id='par_1_16' title="bbox 0 0 2384 6512">
     <span class='ocr_line' id='line_1_44' title="bbox 0 0 2384 6512; baseline 0 1"><span class='ocrx_word' id='word_1_463' title='bbox 0 0 2384 6512; x_wconf 95' lang='lat' dir='ltr'> </span> 
     </span>
    </p>
   </div>
  </div>
 </body>
</html>
